{"host":"fa19f27vz2zfochh","time":1610309145,"event":{"mods":["Act Like it!","Aspiration","BaseMod","Better Third Choice","Conspire","Downfall","Energized Spire","Halation","Hallownest","Hubris","Infinite Spire","Ironclad Rager","Minty Spire (QoL Compilation)","Relic Stats","Replay The Spire","StSLib","The Bug Knight"],"gold_per_floor":[116,128,128,53,73,106,106,137,137,137,150,150,179,190,190,288,288,302,302,302,319,319,350,350,384,411,411,424,424,434,488,488,585,585,605,620,591,601,601,627,627,640,708,760,760,777,777,793,793,893,893,891,520,520,330,330,330,322,912,912,912,912,902,893,891,891,969,969,961,961,961,876,335,335,375,375,429,469,454,554,554,550,550,632,632,669,779,1778,1590,1590,1590,1687,1173,1173,1249,1321,1398,1398,1461,1461,1619,1619,1612,1612],"floor_reached":103,"playtime":4183,"items_purged":["Normality"],"score":2611,"play_id":"57ac648c-bce1-4787-85ef-e7cf29124c61","local_time":"20210110210545","is_ascension_mode":false,"campfire_choices":[{"data":"Envenom","floor":10.0,"key":"SMITH"},{"floor":15.0,"key":"REST"},{"data":"Pot Of Greed","floor":24.0,"key":"SMITH"},{"floor":27.0,"key":"REST"},{"data":"Burst","floor":29.0,"key":"SMITH"},{"data":"Pot Of Greed","floor":32.0,"key":"SMITH"},{"floor":41.0,"key":"REST"},{"data":"Footwork","floor":49.0,"key":"SMITH"},{"data":"Malaise","floor":57,"key":"SMITH"},{"data":"Noxious Fumes","floor":62,"key":"SMITH"},{"floor":66,"key":"REST"},{"data":"Skewer","floor":74,"key":"SMITH"},{"data":"Noxious Fumes","floor":76,"key":"SMITH"},{"data":"Noxious Fumes","floor":83,"key":"SMITH"},{"data":"Normality","floor":91,"key":"SMITH"},{"floor":98,"key":"REST"},{"floor":100,"key":"REST"}],"circlet_count":0,"master_deck":["Survivor","Neutralize+1","ICR:VenomStrike","ICR:VenomStrike","ICR:VenomStrike","ICR:VenomStrike","ICR:VenomStrike+2","ICR:Dodge","ICR:Dodge+1","ICR:Dodge","ICR:Dodge","Noxious Fumes+1","Catalyst+1","Envenom+1","Burst+1","Noxious Fumes+1","Pot Of Greed+1","Pot Of Greed+1","Footwork+1","Dagger Spray+1","Malaise+1","Noxious Fumes+1","Skewer+1","ReplayTheSpireMod:From All Sides","Catalyst+1","Pot Of Greed","Catalyst+1"],"relics":["Ring of the Snake","Hallownest:BankAccountRelic","Darkstone Periapt","Hallownest:SalubrasBlessingRelic","Shuriken","halation:EternalFortune","Oddly Smooth Stone","hubris:ScarierMask","Medical Kit","Busted Crown","Grinning Jar","ReplayTheSpireMod:Shallot","halation:PrussianBluePaint","halation:Yufonium","aspiration:VileToxins","conspire:BottledYoYo","Durian","Chemical X","conspire:SpecialSausage","Strawberry","HollowMod:JonisBlessing","Hallownest:DreamNailRelic","aspiration:Lifesprig","Blood Vial","Boot","Letter Opener","hubris:FunFungus","Akabeko","Anchor","Lee\u0027s Waffle","Mango","Gremlin Food","Juzu Bracelet","Whetstone","Blue Doll","infinitespire:EvilPickle","hubris:TerracottaHorce","DollysMirror","infinitespire:Lucky Rock","aspiration:HummingbirdHeart","conspire:InfiniteJournal","The Courier","InkBottle","Frozen Egg 2"],"acts_visited":["Hallownest:Greenpath","Hallownest:CityofTears","TheBeyond","Hallownest:Greenpath","TheCity","TheBeyond","Hallownest:Greenpath"],"potions_floor_usage":[50,53,95,95,99],"damage_taken":[{"damage":0.0,"enemies":"Hallownest:2_MossCreeps","floor":1.0,"turns":6.0},{"damage":5.0,"enemies":"Hallownest:2_Baldur","floor":2.0,"turns":5.0},{"damage":0.0,"enemies":"Hallownest:monsterHuskWarrior","floor":5.0,"turns":3.0},{"damage":18.0,"enemies":"Hallownest:eliteCrystalGuardian","floor":6.0,"turns":6.0},{"damage":3.0,"enemies":"Hallownest:eliteMossKnight","floor":8.0,"turns":5.0},{"damage":15.0,"enemies":"Hallownest:1_Ooma_and_2_Uuma","floor":11.0,"turns":7.0},{"damage":5.0,"enemies":"Hallownest:eliteCrystalGuardian","floor":13.0,"turns":5.0},{"damage":0.0,"enemies":"Hallownest:1_Baldur_1_Crawlid_1_Warrior","floor":14.0,"turns":8.0},{"damage":32.0,"enemies":"Hallownest:BossFalseKnight","floor":16.0,"turns":8.0},{"damage":16.0,"enemies":"Hallownest:Guard_and_Sentry","floor":18.0,"turns":5.0},{"damage":16.0,"enemies":"Hallownest:Guard_and_Sentry","floor":19.0,"turns":6.0},{"damage":1.0,"enemies":"Hallownest:2_Mistakes","floor":21.0,"turns":4.0},{"damage":7.0,"enemies":"Hallownest:Nosk","floor":23.0,"turns":8.0},{"damage":20.0,"enemies":"Nightmare","floor":25.0,"turns":5.0},{"damage":0.0,"enemies":"Hallownest:monsterShrumalOgre","floor":28.0,"turns":3.0},{"damage":0.0,"enemies":"Hallownest:Warrior_and_Youth","floor":30.0,"turns":3.0},{"damage":0.0,"enemies":"Hallownest:Glutton_and_Coward","floor":31.0,"turns":4.0},{"damage":30.0,"enemies":"Hallownest:BossSoulMaster","floor":33.0,"turns":10.0},{"damage":0.0,"enemies":"3 Darklings","floor":35.0,"turns":5.0},{"damage":3.0,"enemies":"Orb Walker","floor":36.0,"turns":5.0},{"damage":25.0,"enemies":"4 Shapes","floor":38.0,"turns":7.0},{"damage":19.0,"enemies":"Reptomancer","floor":40.0,"turns":6.0},{"damage":14.0,"enemies":"Spire Growth","floor":42.0,"turns":5.0},{"damage":0.0,"enemies":"2 Orb Walkers","floor":44.0,"turns":3.0},{"damage":0.0,"enemies":"Jaw Worm Horde","floor":46.0,"turns":4.0},{"damage":14.0,"enemies":"infinitespire:Three Voidlings","floor":47.0,"turns":4.0},{"damage":6.0,"enemies":"Sphere and 2 Shapes","floor":48.0,"turns":5.0},{"damage":56,"enemies":"Time Eater","floor":50,"turns":12},{"damage":0,"enemies":"Hallownest:2_Tiktiks_and_1_Crawlid","floor":52,"turns":3},{"damage":0,"enemies":"Hallownest:eliteCrystalGuardian","floor":58,"turns":6},{"damage":0,"enemies":"Hallownest:monsterHuskWarrior","floor":63,"turns":4},{"damage":58,"enemies":"Nightmare","floor":64,"turns":8},{"damage":0,"enemies":"Hallownest:monsterHuskGuard","floor":65,"turns":3},{"damage":2,"enemies":"Hallownest:BossHornet","floor":67,"turns":5},{"damage":0,"enemies":"3 Byrds","floor":69,"turns":3},{"damage":37,"enemies":"Nightmare","floor":79,"turns":6},{"damage":0,"enemies":"Replay:Snechameleon","floor":82,"turns":4},{"damage":0,"enemies":"Pondfish","floor":84,"turns":8},{"damage":0,"enemies":"3 Darklings","floor":86,"turns":4},{"damage":0,"enemies":"Nightmare","floor":92,"turns":6},{"damage":42,"enemies":"Reptomancer","floor":95,"turns":6},{"damage":0,"enemies":"3 Shapes","floor":96,"turns":3},{"damage":59,"enemies":"Nemesis","floor":97,"turns":5},{"damage":0,"enemies":"Transient","floor":99,"turns":5},{"damage":17,"enemies":"infinitespire:MassOfShapes","floor":101,"turns":5},{"damage":0,"enemies":"Hallownest:2_MossCreeps","floor":103,"turns":1}],"seed_played":"7923877112189499035","potions_obtained":[{"floor":2.0,"key":"Energy Potion"},{"floor":13.0,"key":"DistilledChaos"},{"floor":14.0,"key":"Flashbang"},{"floor":16.0,"key":"Adrenaline Potion"},{"floor":33.0,"key":"CunningPotion"},{"floor":38.0,"key":"EntropicBrew"},{"floor":40.0,"key":"Poison Potion"},{"floor":58,"key":"SneckoOil"},{"floor":84,"key":"DuplicationPotion"},{"floor":95,"key":"Fire Potion"},{"floor":96,"key":"FearPotion"},{"floor":99,"key":"LifebloodPotion"}],"is_trial":false,"path_per_floor":["M","M","?","?","M","E","?","E","T","R","M","?","?","M","R","B",null,"M","?","AVR","M","?","E","R","NM","T","R","M","R","M","M","R","B",null,"M","M","$","M","?","E","R","M","T","?","AVR","M","?","M","R","B",null,"M","$","?","$","?","R","E","?","T","AVR","R","M","NM","M","R","B",null,"M","?","?","?","$","R","$","R","T","$","NM","?","?","E","R","B",null,"M","?","?","$","?","R","NM","$","T","E","M","E","R","M","R","B",null,"M"],"character_chosen":"THE_SILENT","items_purchased":["Footwork","Strawberry","HollowMod:JonisBlessing","Fruit Juice","aspiration:Lifesprig","Noxious Fumes","Lee\u0027s Waffle","Mango","Gremlin Food","DollysMirror","aspiration:HummingbirdHeart","conspire:InfiniteJournal"],"campfire_rested":6,"item_purchase_floors":[37,53,53,53,55,55,73,73,73,89,93,93],"current_hp_per_floor":[70,65,65,65,65,47,47,44,44,44,29,32,27,27,50,21,78,62,46,46,45,45,38,38,18,18,43,43,43,43,43,43,16,83,83,83,83,58,58,39,66,52,52,57,57,57,50,44,44,9,93,93,105,105,105,87,87,87,87,87,87,87,87,29,29,62,63,110,110,94,94,94,131,131,131,131,131,131,94,94,94,94,94,97,125,125,125,137,137,137,137,137,137,137,95,95,36,81,81,127,113,143,143,143],"gold":1612,"neow_bonus":"SILENT_POISONER","is_daily":false,"chose_seed":false,"campfire_upgraded":11,"win_rate":0.0,"timestamp":1610309145,"path_taken":["M","M","?","?","M","E","?","E","T","R","M","?","?","M","R","BOSS","M","?","AVR","M","?","E","R","NM","T","R","M","R","?","M","R","BOSS","M","M","$","M","?","E","R","?","T","?","AVR","M","?","M","R","BOSS","M","$","?","?","?","R","E","?","T","AVR","R","M","NM","?","R","BOSS","M","?","?","?","$","R","?","R","T","$","NM","?","?","E","R","BOSS","M","?","?","$","?","R","NM","$","T","E","M","E","R","M","R","BOSS","M"],"items_purchased_type":["Card","Relic","Relic","Potion","Relic","Card","Relic","Relic","Relic","Relic","Relic","Relic"],"build_version":"2020-12-22","purchased_purges":1,"victory":false,"max_hp_per_floor":[70,70,70,70,70,70,70,70,70,70,70,73,73,73,75,78,78,78,78,78,78,78,78,78,78,78,80,80,80,80,80,80,83,83,83,86,86,86,86,86,88,88,88,93,93,93,93,93,93,93,93,93,105,105,105,105,105,105,105,105,105,105,105,105,105,107,110,110,110,110,110,110,131,131,131,131,131,131,131,131,131,131,131,134,134,134,134,146,146,146,146,146,146,146,146,146,146,148,148,150,153,153,153,153],"relic_stats":{"Darkstone Periapt":12,"Lee\u0027s Waffle":23,"counters":[46,242],"Juzu Bracelet":3,"Letter Opener":[253],"Whetstone":["Neutralize","ICR:VenomStrike"],"Medical Kit":[6],"Boot":[363],"Blood Vial":0,"Busted Crown":110,"Shuriken":[71],"Chemical X":[44],"obtain_stats":[{"Darkstone Periapt":6,"aspiration:Lifesprig":55,"conspire:SpecialSausage":51,"Mango":73,"Blue Doll":82,"Hallownest:DreamNailRelic":54,"Juzu Bracelet":77,"Whetstone":79,"Boot":56,"hubris:TerracottaHorce":85,"conspire:InfiniteJournal":93,"Blood Vial":56,"halation:PrussianBluePaint":26,"DollysMirror":89,"Strawberry":53,"hubris:ScarierMask":17,"hubris:FunFungus":61,"Chemical X":45,"InkBottle":95,"Ring of the Snake":0,"aspiration:VileToxins":40,"Gremlin Food":73,"Hallownest:SalubrasBlessingRelic":7,"Lee\u0027s Waffle":73,"halation:Yufonium":34,"Oddly Smooth Stone":13,"HollowMod:JonisBlessing":53,"The Courier":94,"aspiration:HummingbirdHeart":93,"Letter Opener":60,"infinitespire:Lucky Rock":92,"Frozen Egg 2":97,"Medical Kit":20,"Akabeko":64,"infinitespire:EvilPickle":84,"Anchor":72,"Busted Crown":20,"ReplayTheSpireMod:Shallot":25,"Hallownest:BankAccountRelic":4,"Shuriken":8,"halation:EternalFortune":12,"conspire:BottledYoYo":43,"Durian":44,"Grinning Jar":23},{"Darkstone Periapt":4,"aspiration:Lifesprig":29,"conspire:SpecialSausage":28,"Mango":35,"Blue Doll":37,"Hallownest:DreamNailRelic":29,"Juzu Bracelet":35,"Whetstone":36,"Boot":29,"hubris:TerracottaHorce":38,"conspire:InfiniteJournal":40,"Blood Vial":29,"halation:PrussianBluePaint":14,"DollysMirror":39,"Strawberry":29,"hubris:ScarierMask":9,"hubris:FunFungus":30,"Chemical X":24,"InkBottle":41,"Ring of the Snake":0,"aspiration:VileToxins":22,"Gremlin Food":35,"Hallownest:SalubrasBlessingRelic":4,"Lee\u0027s Waffle":35,"halation:Yufonium":18,"Oddly Smooth Stone":7,"HollowMod:JonisBlessing":29,"The Courier":40,"aspiration:HummingbirdHeart":40,"Letter Opener":30,"infinitespire:Lucky Rock":40,"Frozen Egg 2":43,"Medical Kit":11,"Akabeko":32,"infinitespire:EvilPickle":38,"Anchor":35,"Busted Crown":11,"ReplayTheSpireMod:Shallot":14,"Hallownest:BankAccountRelic":2,"Shuriken":5,"halation:EternalFortune":6,"conspire:BottledYoYo":23,"Durian":24,"Grinning Jar":13},{"Darkstone Periapt":20,"aspiration:Lifesprig":160,"conspire:SpecialSausage":157,"Mango":189,"Blue Doll":199,"Hallownest:DreamNailRelic":160,"Juzu Bracelet":189,"Whetstone":195,"Boot":160,"hubris:TerracottaHorce":207,"conspire:InfiniteJournal":217,"Blood Vial":160,"halation:PrussianBluePaint":81,"DollysMirror":211,"Strawberry":160,"hubris:ScarierMask":53,"hubris:FunFungus":166,"Chemical X":132,"InkBottle":223,"Ring of the Snake":0,"aspiration:VileToxins":124,"Gremlin Food":189,"Hallownest:SalubrasBlessingRelic":20,"Lee\u0027s Waffle":189,"halation:Yufonium":101,"Oddly Smooth Stone":37,"HollowMod:JonisBlessing":160,"The Courier":217,"aspiration:HummingbirdHeart":217,"Letter Opener":166,"infinitespire:Lucky Rock":217,"Frozen Egg 2":231,"Medical Kit":64,"Akabeko":178,"infinitespire:EvilPickle":207,"Anchor":189,"Busted Crown":64,"ReplayTheSpireMod:Shallot":81,"Hallownest:BankAccountRelic":11,"Shuriken":25,"halation:EternalFortune":32,"conspire:BottledYoYo":129,"Durian":132,"Grinning Jar":76}],"InkBottle":[12],"Ring of the Snake":[92]},"card_choices":[{"not_picked":["Expertise","Flying Knee"],"picked":"Noxious Fumes","floor":1.0},{"not_picked":["Deflect","Dagger Throw"],"picked":"Catalyst","floor":2.0},{"not_picked":["Sucker Punch","ReplayTheSpireMod:Exploit Weakness","Dodge and Roll"],"picked":"SKIP","floor":5.0},{"not_picked":["Masterful Stab","ReplayTheSpireMod:Tripwire","ReplayTheSpireMod:Scrap Shanks"],"picked":"SKIP","floor":6.0},{"not_picked":["Blade Dance","Slice"],"picked":"Envenom","floor":8.0},{"not_picked":["Tactician","Outmaneuver","Sucker Punch"],"picked":"SKIP","floor":11.0},{"not_picked":["Bane","PiercingWail","Dodge and Roll"],"picked":"SKIP","floor":13.0},{"not_picked":["conspire:DoublingDagger","Blur","Poisoned Stab"],"picked":"SKIP","floor":14.0},{"not_picked":["aspiration:Lunge","Night Terror"],"picked":"Burst","floor":16.0},{"not_picked":["Dodge and Roll","Hidden Blade+1","Dagger Throw"],"picked":"SKIP","floor":18.0},{"not_picked":[],"picked":"Noxious Fumes","floor":21.0},{"not_picked":["Phantasmal Killer"],"picked":"SKIP","floor":23.0},{"not_picked":["Hidden Blade+1"],"picked":"SKIP","floor":25.0},{"not_picked":["Bane+1"],"picked":"SKIP","floor":28.0},{"not_picked":["hubris:Sniper"],"picked":"SKIP","floor":30.0},{"not_picked":["Cloak And Dagger"],"picked":"SKIP","floor":31.0},{"not_picked":["Accuracy+1"],"picked":"SKIP","floor":35.0},{"not_picked":["Hidden Blade"],"picked":"SKIP","floor":36.0},{"not_picked":["Acrobatics"],"picked":"SKIP","floor":38.0},{"not_picked":["Escape Plan+1"],"picked":"SKIP","floor":40.0},{"not_picked":[],"picked":"Dagger Spray+1","floor":42.0},{"not_picked":["Bane"],"picked":"SKIP","floor":46.0},{"not_picked":["Blade Dance+1"],"picked":"SKIP","floor":48.0},{"not_picked":["Blade Dance+1"],"picked":"SKIP","floor":48.0},{"not_picked":[],"picked":"Malaise","floor":50},{"not_picked":["Blade Dance"],"picked":"SKIP","floor":52},{"not_picked":["Backstab"],"picked":"SKIP","floor":58},{"not_picked":[],"picked":"Skewer","floor":63},{"not_picked":["Poisoned Stab"],"picked":"SKIP","floor":64},{"not_picked":["Hidden Blade"],"picked":"SKIP","floor":65},{"not_picked":["Reflex"],"picked":"SKIP","floor":69},{"not_picked":["Slice"],"picked":"SKIP","floor":79},{"not_picked":["Slice"],"picked":"SKIP","floor":79},{"not_picked":["All Out Attack"],"picked":"SKIP","floor":82},{"not_picked":[],"picked":"ReplayTheSpireMod:From All Sides","floor":84},{"not_picked":["PiercingWail"],"picked":"SKIP","floor":86},{"not_picked":[],"picked":"Catalyst","floor":87},{"not_picked":["Cloak And Dagger+1"],"picked":"SKIP","floor":92},{"not_picked":["ReplayTheSpireMod:Speed Training+1"],"picked":"SKIP","floor":95},{"not_picked":["Acrobatics+1"],"picked":"SKIP","floor":96},{"not_picked":["Terror"],"picked":"SKIP","floor":97},{"not_picked":["Caltrops+1"],"picked":"SKIP","floor":99}],"player_experience":346791,"relics_obtained":[{"floor":6.0,"key":"Darkstone Periapt"},{"floor":8.0,"key":"Shuriken"},{"floor":13.0,"key":"Oddly Smooth Stone"},{"floor":16.0,"key":"halation:EternalFortune"},{"floor":23.0,"key":"Grinning Jar"},{"floor":25.0,"key":"ReplayTheSpireMod:Shallot"},{"floor":26.0,"key":"halation:PrussianBluePaint"},{"floor":33.0,"key":"halation:EternalFortune"},{"floor":36.0,"key":"halation:EternalFortune"},{"floor":40.0,"key":"aspiration:VileToxins"},{"floor":43.0,"key":"conspire:BottledYoYo"},{"floor":44.0,"key":"Durian"},{"floor":60,"key":"Letter Opener"},{"floor":64,"key":"Akabeko"},{"floor":67,"key":"halation:EternalFortune"},{"floor":77,"key":"Juzu Bracelet"},{"floor":79,"key":"Whetstone"},{"floor":82,"key":"Blue Doll"},{"floor":84,"key":"halation:EternalFortune"},{"floor":92,"key":"infinitespire:Lucky Rock"},{"floor":94,"key":"The Courier"},{"floor":95,"key":"InkBottle"},{"floor":97,"key":"Frozen Egg 2"},{"floor":101,"key":"halation:EternalFortune"}],"event_choices":[{"damage_healed":0.0,"max_hp_gain":0.0,"max_hp_loss":0.0,"gold_gain":0.0,"event_name":"Transmorgrifier","player_choice":"Ignored","floor":39.0,"gold_loss":0.0,"damage_taken":0.0},{"damage_healed":0.0,"max_hp_gain":0.0,"max_hp_loss":0.0,"gold_gain":0.0,"event_name":"Mysterious Sphere","player_choice":"Fight","floor":44.0,"gold_loss":0.0,"damage_taken":0.0},{"damage_healed":0,"gold_gain":0,"player_choice":"Obtained Book","damage_taken":16,"max_hp_gain":0,"max_hp_loss":0,"event_name":"Cursed Tome","floor":70,"gold_loss":0},{"damage_healed":0,"gold_gain":0,"player_choice":"Obtained Relic","damage_taken":0,"relics_obtained":["Anchor"],"max_hp_gain":0,"max_hp_loss":0,"event_name":"Addict","floor":72,"gold_loss":85},{"damage_healed":0,"gold_gain":100,"player_choice":"Pray","damage_taken":0,"max_hp_gain":0,"max_hp_loss":0,"event_name":"Golden Shrine","floor":80,"gold_loss":0},{"damage_healed":0,"gold_gain":0,"player_choice":"Ignored","damage_taken":0,"max_hp_gain":0,"max_hp_loss":0,"event_name":"Transmorgrifier","floor":81,"gold_loss":0},{"damage_healed":0,"gold_gain":999,"player_choice":"Gold","damage_taken":0,"max_hp_gain":0,"max_hp_loss":0,"event_name":"MindBloom","floor":88,"gold_loss":0,"cards_obtained":["Normality","Normality"]},{"cards_removed":["ICR:Dodge"],"damage_healed":0,"gold_gain":0,"player_choice":"Removed Skill","damage_taken":0,"max_hp_gain":0,"max_hp_loss":0,"event_name":"Falling","floor":90,"gold_loss":0}],"is_beta":false,"boss_relics":[{"not_picked":["halation:LoveArrow","hubris:Backtick"],"picked":"hubris:ScarierMask"},{"not_picked":["Kintsugi","aspiration:PoetsPen_weak"],"picked":"halation:Yufonium"},{"not_picked":["energizedSpire:DeadBattery","Snecko Scales"],"picked":"conspire:SpecialSausage"},{"not_picked":["Honey Jar","Runic Dome","conspire:RoyalGoblet"]},{"not_picked":["energizedSpire:HighHeels","Replay:Wanted Poster"],"picked":"hubris:TerracottaHorce"},{"not_picked":["ChewingGum","halation:PlatinumPhoenix","energizedSpire:OgreHead"]}],"items_purged_floors":[89],"is_endless":true,"potions_floor_spawned":[2,13,14,16,18,23,25,33,35,38,40,46,48,58,63,65,82,84,92,95,96,99],"killed_by":"Hallownest:2_MossCreeps","ascension_level":0}}