{"host":"k5ezbu40hxyit46v","time":1610292290,"event":{"mods":["Act Like it!","Aspiration","Astrologer","BaseMod","BetterRewards","Conspire","DeckTracker","Energized Spire","Gensokyo","Googly Eyes","Halation","HexUI Lib","Highlight Path","Hubris","Infinite Spire","Ironclad Rager","Jedi Mod","Mad Scientist","Marisa????????","Minty Spire (QoL Compilation)","Quarter Circle Forward PUNCH!","Quick Restart","Replay The Spire","Reworked Bosses","Shop Mod","Spikes Relics","StSLib","The Administrix","The Awakened One except there are too many feathers","The Bladedancer","The Cursed","The IronCluck","The Servant 0.9.4","The Wild Card","everything is the same but u backflip on backflip","slay the spire mod where everything is the same but ironclad has a cowboy hat","vexMod"],"gold_per_floor":[369,369,269,269,64,64,91,91,115,115,115,115,40,57,76,93,93,171,171,171],"floor_reached":19,"playtime":442,"items_purged":["Parasite"],"score":326,"play_id":"5ae426bd-46c7-4b2f-8074-0e5c23a2be1b","local_time":"20210110102450","is_ascension_mode":true,"campfire_choices":[{"data":"Draining Mist","floor":6,"key":"SMITH"},{"data":"ReplayTheSpireMod:From All Sides","floor":8,"key":"SMITH"},{"data":"ReplayTheSpireMod:From All Sides","floor":10,"key":"SMITH"},{"data":"Bouncing Flask","floor":17,"key":"SMITH"}],"circlet_count":0,"master_deck":["AscendersBane","Strike_G","Strike_G","Strike_G","Strike_G","Strike_G","Defend_G","Defend_G","Defend_G","Defend_G","Defend_G","Survivor","Neutralize","Draining Mist+1","Ghostly","ReplayTheSpireMod:From All Sides+1","ReplayTheSpireMod:From All Sides+1","Bouncing Flask+1","Noxious Fumes","Leg Sweep","ReplayTheSpireMod:Necrosis","CurseOfTheBell"],"relics":["Ring of the Snake","aspiration:BabyByrd","hubris:PeanutButter","Chameleon Ring","aspiration:HiddenCompartment","Calling Bell","Bronze Scales","qcfpunch:Red_Gi","Replay:PocketPolymizer"],"acts_visited":["Exordium","TheCity"],"potions_floor_usage":[18],"damage_taken":[{"damage":1,"enemies":"2 Louse","floor":1,"turns":3},{"damage":6,"enemies":"Lagavulin","floor":7,"turns":8},{"damage":0,"enemies":"Cultist","floor":14,"turns":3},{"damage":0,"enemies":"Small Slimes","floor":15,"turns":3},{"damage":9,"enemies":"3 Louse","floor":16,"turns":4},{"damage":17,"enemies":"Hexaghost","floor":18,"turns":10}],"seed_played":"1264803933979953618","potions_obtained":[{"floor":7,"key":"ColorlessPotion"},{"floor":16,"key":"Regen Potion"},{"floor":18,"key":"Explosive Potion"}],"is_trial":false,"path_per_floor":["M","?","?","T","$","R","E","R","T","R","PTL","PTL","$","M","M","M","R","B",null],"character_chosen":"THE_SILENT","items_purchased":["ReplayTheSpireMod:From All Sides","Bouncing Flask"],"campfire_rested":0,"item_purchase_floors":[5,5],"current_hp_per_floor":[58,58,58,58,58,58,52,52,52,52,52,52,52,52,52,43,43,26,54,54],"gold":171,"neow_bonus":"TWO_FIFTY_GOLD","is_daily":false,"chose_seed":false,"campfire_upgraded":4,"win_rate":0.0,"timestamp":1610292290,"path_taken":["M","?","?","?","$","R","E","R","T","R","PTL","PTL","$","?","M","M","R","BOSS"],"items_purchased_type":["Card","Card"],"build_version":"2020-12-22","purchased_purges":1,"victory":false,"max_hp_per_floor":[66,66,66,66,66,66,66,66,66,66,66,66,63,63,63,63,63,63,63,63],"card_choices":[{"not_picked":["Underhanded Strike","jedi:pocketpoison"],"picked":"Draining Mist","floor":1},{"not_picked":["Footwork","Replay:Poison Smokescreen"],"picked":"Noxious Fumes","floor":7},{"not_picked":["Flechettes","hubris:SlightOfHand","Escape Plan"],"picked":"SKIP","floor":14},{"not_picked":["Prepared","Bullet Time"],"picked":"Leg Sweep","floor":15},{"not_picked":["Flying Knee","Underhanded Strike","Blade Dance"],"picked":"SKIP","floor":16},{"not_picked":["Poison Darts","A Thousand Cuts"],"picked":"ReplayTheSpireMod:Necrosis","floor":18}],"player_experience":1245109,"relics_obtained":[{"floor":4,"key":"hubris:PeanutButter"},{"floor":7,"key":"Chameleon Ring"},{"floor":9,"key":"aspiration:HiddenCompartment"},{"floor":19,"key":"Bronze Scales"},{"floor":19,"key":"qcfpunch:Red_Gi"},{"floor":19,"key":"Replay:PocketPolymizer"}],"event_choices":[{"damage_healed":0,"gold_gain":0,"player_choice":"Argue","damage_taken":0,"max_hp_gain":0,"max_hp_loss":0,"event_name":"conspire:LoneGhost","floor":3,"gold_loss":0}],"is_beta":false,"boss_relics":[{"not_picked":["halation:PinkAlligatorPlush","Black Star"],"picked":"Calling Bell"}],"items_purged_floors":[13],"is_endless":false,"potions_floor_spawned":[7,16,18],"ascension_level":20}}