{"host":"3s1bgj9vdfhoy9ls","time":1610281423,"event":{"mods":["BaseMod","BetterRewards","Downfall","Marisa£®ÏF”Í°°ƒß¿Ì…≥£©","Minty Spire (QoL Compilation)","READ ME - Guardian Mod","Replay The Spire","Shop Mod","StSLib","The Bug Knight","The Cursed","The Disciple","The Servant 0.9.4"],"gold_per_floor":[115,115,168,181,29,58,72,72,72,102,28,28,238,257,257,360,360,340,340,340,9,9,9,24,35,86,86,86,86,86,98,98,195,195,211,0,50,62,62,96,96,112,112,112,139,156,156,166,166,166,166,166,12,47,47,47],"floor_reached":55,"playtime":3001,"items_purged":["Pain"],"score":571,"play_id":"c9f5d4c7-06c2-49b6-9881-e6902b2fee27","local_time":"20210110202343","is_ascension_mode":false,"campfire_choices":[{"data":"Feel No Pain","floor":8.0,"key":"SMITH"},{"data":"Inflame","floor":15.0,"key":"SMITH"},{"data":"Impervious","floor":23.0,"key":"SMITH"},{"data":"Clash","floor":29.0,"key":"SMITH"},{"data":"Eclipse","floor":32.0,"key":"SMITH"},{"data":"RitualDagger","floor":41.0,"key":"SMITH"},{"floor":44.0,"key":"RECALL"},{"floor":49.0,"key":"REST"},{"data":"Inflame","floor":52.0,"key":"SMITH"}],"circlet_count":0,"master_deck":["Strike_R","Strike_R","Strike_R","Strike_R","Strike_R","Defend_R","Defend_R","Defend_R","Defend_R","Bash+1","Warcry","Clash+1","Feel No Pain+1","Inflame+1","Impervious+1","Havoc+1","Inflame+1","Necronomicurse","RitualDagger+1","Eclipse+1","Infernal Blade+1","Evolve","Warcry+1","Anger+1","Heavy Blade+1","Feel No Pain+1","Inflame+1","Dual Wield+1"],"relics":["Burning Blood","NeowsBlessing","Orichalcum","Champion Belt","Oddly Smooth Stone","SlaversCollar","Tiny Chest","ReplayFunnel","King of Hearts","Necronomicon","FossilizedHelix","Mark of Pain","Red Mask","Replay:Kaleidoscope","Shuriken","InkBottle","Omamori","Regal Pillow","ReplayTheSpireMod:TigerMarble","Mirror"],"acts_visited":["Exordium","TheCity","TheBeyond","TheEnding"],"potions_floor_usage":[55],"damage_taken":[{"damage":0.0,"enemies":"Small Slimes","floor":1.0,"turns":1.0},{"damage":0.0,"enemies":"2 Louse","floor":4.0,"turns":1.0},{"damage":0.0,"enemies":"3 Sentries","floor":6.0,"turns":1.0},{"damage":5.0,"enemies":"Jaw Worm","floor":7.0,"turns":3.0},{"damage":6.0,"enemies":"Large Slime","floor":14.0,"turns":5.0},{"damage":47.0,"enemies":"Slime Boss","floor":16.0,"turns":11.0},{"damage":11.0,"enemies":"2 Thieves","floor":18.0,"turns":4.0},{"damage":8.0,"enemies":"Spheric Guardian","floor":24.0,"turns":5.0},{"damage":22.0,"enemies":"Snake Plant","floor":25.0,"turns":7.0},{"damage":5.0,"enemies":"Snecko","floor":31.0,"turns":5.0},{"damage":9.0,"enemies":"Collector","floor":33.0,"turns":9.0},{"damage":0.0,"enemies":"3 Darklings","floor":35.0,"turns":6.0},{"damage":6.0,"enemies":"Mind Bloom Boss Battle","floor":37.0,"turns":5.0},{"damage":3.0,"enemies":"Orb Walker","floor":38.0,"turns":3.0},{"damage":42.0,"enemies":"Reptomancer","floor":40.0,"turns":6.0},{"damage":5.0,"enemies":"4 Shapes","floor":42.0,"turns":6.0},{"damage":10.0,"enemies":"Nemesis","floor":45.0,"turns":7.0},{"damage":0.0,"enemies":"Spire Growth","floor":46.0,"turns":4.0},{"damage":10.0,"enemies":"Sphere and 2 Shapes","floor":48.0,"turns":4.0},{"damage":13.0,"enemies":"Replay:Hell Engine","floor":50.0,"turns":7.0},{"damage":72.0,"enemies":"Shield and Spear","floor":54.0,"turns":7.0},{"damage":19,"enemies":"The Heart","floor":55,"turns":2}],"seed_played":"4071073456701588720","potions_obtained":[{"floor":1.0,"key":"SpeedPotion"},{"floor":24.0,"key":"Reflective Coating"},{"floor":25.0,"key":"Dexterity Potion"},{"floor":33.0,"key":"Dexterity Potion"},{"floor":35.0,"key":"Slimebound:ThreeZeroPotion"},{"floor":40.0,"key":"champ:CounterPotion"},{"floor":46.0,"key":"Elixir"},{"floor":54.0,"key":"Doom Potion"}],"is_trial":false,"path_per_floor":["M","?","?","M","$","E","M","R","T","?","$","$","?","M","R","B",null,"M","?","?","$","?","R","M","M","T","?","T","R","?","M","R","B",null,"M","?","?","M","T","E","R","M","T","R","E","M","?","M","R","B",null,"R","$","E","B"],"character_chosen":"IRONCLAD","items_purchased":["Orichalcum","Inflame","Fruit Juice","ReplayFunnel","ReplayTheSpireMod:TigerMarble"],"campfire_rested":1,"item_purchase_floors":[5,11,21,21,53],"current_hp_per_floor":[80,80,80,80,80,80,80,80,80,80,80,80,80,80,80,39,80,75,75,75,80,80,80,78,62,62,46,46,46,40,41,41,38,85,85,85,85,85,85,49,49,50,50,50,46,52,52,48,85,78,85,85,85,19,0,0],"gold":47,"neow_bonus":"THREE_ENEMY_KILL","is_daily":false,"chose_seed":false,"campfire_upgraded":7,"win_rate":0.0,"timestamp":1610281423,"path_taken":["M","?","?","M","$","E","M","R","T","?","?","$","?","M","R","BOSS","M","?","?","$","?","R","?","M","T","?","?","R","?","M","R","BOSS","M","?","?","M","?","E","R","M","T","R","E","M","?","M","R","BOSS","R","$","E","BOSS"],"items_purchased_type":["Relic","Card","Potion","Relic","Relic"],"build_version":"2020-12-22","purchased_purges":1,"victory":false,"max_hp_per_floor":[80,80,80,80,80,80,80,80,80,80,80,80,80,80,80,80,80,80,80,80,85,85,85,85,85,85,85,85,85,85,85,85,85,85,85,85,85,85,85,85,85,85,85,85,85,85,85,85,85,85,85,85,85,85,85,85],"card_choices":[{"not_picked":["Power Through","Blood for Blood"],"picked":"Warcry","floor":1.0},{"not_picked":["Entrench","Life Link","Body Slam"],"picked":"SKIP","floor":4.0},{"not_picked":["Hemokinesis","Wild Strike"],"picked":"Clash","floor":6.0},{"not_picked":["Clash","Wild Strike"],"picked":"Feel No Pain","floor":7.0},{"not_picked":["ReplayTheSpireMod:LeadingStrike","Bloodletting","Rampage"],"picked":"SKIP","floor":14.0},{"not_picked":["Demonic Infusion","Bludgeon"],"picked":"Impervious","floor":16.0},{"not_picked":["Clash+1","Perfected Strike+1"],"picked":"Havoc+1","floor":18.0},{"not_picked":["Infernal Blade","Havoc","Bloodletting"],"picked":"SKIP","floor":24.0},{"not_picked":["Sword Boomerang","Body Slam","True Grit"],"picked":"SKIP","floor":25.0},{"not_picked":["Armaments","Shrug It Off"],"picked":"Eclipse","floor":31.0},{"not_picked":["Clothesline","Shrug It Off+1"],"picked":"Infernal Blade+1","floor":35.0},{"not_picked":["Anger","Wild Strike"],"picked":"Evolve","floor":37.0},{"not_picked":["Combust+1","Warcry","Iron Wave"],"picked":"SKIP","floor":38.0},{"not_picked":["Run Through+1","ReplayTheSpireMod:Corrosion Curse"],"picked":"Warcry+1","floor":40.0},{"not_picked":["Burning Pact+1","Entrench"],"picked":"Anger+1","floor":42.0},{"not_picked":["Sword Boomerang","Clash+1"],"picked":"Heavy Blade","floor":45.0},{"not_picked":["Iron Wave+1","Dark Embrace"],"picked":"Feel No Pain+1","floor":46.0},{"not_picked":["Iron Wave+1","Perfected Strike"],"picked":"Inflame","floor":48.0},{"not_picked":["Clothesline","Berserk"],"picked":"Dual Wield+1","floor":54.0}],"player_experience":521688,"relics_obtained":[{"floor":6.0,"key":"Champion Belt"},{"floor":26.0,"key":"King of Hearts"},{"floor":27.0,"key":"Necronomicon"},{"floor":28.0,"key":"FossilizedHelix"},{"floor":37.0,"key":"Replay:Kaleidoscope"},{"floor":39.0,"key":"Shuriken"},{"floor":40.0,"key":"InkBottle"},{"floor":43.0,"key":"Omamori"},{"floor":45.0,"key":"Regal Pillow"},{"floor":54.0,"key":"Mirror"}],"event_choices":[{"damage_healed":0.0,"max_hp_gain":0.0,"max_hp_loss":0.0,"gold_gain":53.0,"event_name":"Golden Wing","player_choice":"Gained Gold","floor":3.0,"gold_loss":0.0,"damage_taken":0.0},{"damage_healed":0.0,"max_hp_gain":0.0,"max_hp_loss":0.0,"gold_gain":30.0,"event_name":"Dead Adventurer","player_choice":"Searched \u00273\u0027 times","floor":10.0,"gold_loss":0.0,"damage_taken":0.0,"relics_obtained":["Oddly Smooth Stone"]},{"damage_healed":0.0,"max_hp_gain":0.0,"max_hp_loss":0.0,"gold_gain":0.0,"event_name":"Vampires","player_choice":"Ignored","floor":19.0,"gold_loss":0.0,"damage_taken":0.0},{"damage_healed":0.0,"max_hp_gain":0.0,"max_hp_loss":0.0,"gold_gain":0.0,"event_name":"Duplicator","player_choice":"Copied","floor":22.0,"gold_loss":0.0,"damage_taken":0.0,"cards_obtained":["Inflame"]},{"damage_healed":0.0,"max_hp_gain":0.0,"max_hp_loss":0.0,"gold_gain":0.0,"event_name":"Cursed Tome","player_choice":"Obtained Book","floor":27.0,"gold_loss":0.0,"damage_taken":16.0},{"damage_healed":0.0,"max_hp_gain":0.0,"max_hp_loss":0.0,"gold_gain":0.0,"event_name":"Nest","player_choice":"Joined the Cult","floor":30.0,"gold_loss":0.0,"damage_taken":6.0,"cards_obtained":["RitualDagger"]},{"damage_healed":0.0,"max_hp_gain":0.0,"max_hp_loss":0.0,"gold_gain":0.0,"event_name":"Tomb of Lord Red Mask","player_choice":"Paid","floor":36.0,"gold_loss":211.0,"damage_taken":0.0,"relics_obtained":["Red Mask"]},{"damage_healed":0.0,"max_hp_gain":0.0,"max_hp_loss":0.0,"gold_gain":0.0,"event_name":"MindBloom","player_choice":"Fight","floor":37.0,"gold_loss":0.0,"damage_taken":0.0},{"damage_healed":0.0,"max_hp_gain":0.0,"max_hp_loss":0.0,"gold_gain":0.0,"event_name":"Upgrade Shrine","player_choice":"Upgraded","floor":47.0,"gold_loss":0.0,"damage_taken":0.0,"cards_upgraded":["Heavy Blade"]}],"is_beta":false,"boss_relics":[{"not_picked":["Fusion Hammer","Coffee Dripper"],"picked":"SlaversCollar"},{"not_picked":["Calling Bell","Replay:Drink Me"],"picked":"Mark of Pain"}],"items_purged_floors":[21],"is_endless":false,"potions_floor_spawned":[1,24,25,31,33,35,40,46,48,54],"killed_by":"The Heart","ascension_level":0}}