{"host":"8pjvbxl6xo882v42","time":1610300560,"event":{"mods":["AchievementEnabler","BaseMod","Minty Spire (QoL Compilation)","Replay The Spire","StSLib","The Cursed"],"gold_per_floor":[115,133,133,133,153,183,195,388,434,434,463,481,501,535,535,637,637,656,656,679,103,131,131,31,98,98,98,98,13,62,62,62,171,171,191,191,94,94,158,202,202,202,202,202,232,10,34,34,34,52],"floor_reached":51,"playtime":3331,"items_purged":["Strike_R","Strike_R","Strike_R"],"score":1180,"play_id":"99a6f202-405a-4a95-835a-bf7337150ae8","local_time":"20210110184240","is_ascension_mode":true,"campfire_choices":[{"floor":10,"key":"REST"},{"floor":23,"key":"REST"},{"data":"Whirlwind","floor":28,"key":"SMITH"},{"floor":42,"key":"REST"},{"data":"Limit Break","floor":44,"key":"SMITH"},{"floor":49,"key":"REST"}],"circlet_count":0,"master_deck":["AscendersBane","Strike_R+1","Defend_R","Defend_R","Defend_R","Bash+1","Sever Soul","Cleave","Bash","Berserk","Shrug It Off","Shockwave","Dropkick","Flex","Ghostly Armor+1","Whirlwind+1","Inflame","Limit Break+1","Power Through","Replay:Sssssssssshield","Burning Pact","ReplayTheSpireMod:Limb From Limb+1","Impervious","Brutality","Demon Form","Pummel","Hallucinations","Limit Break","Limit Break","Demon Form","Bludgeon+1","Armaments+1"],"relics":["Mark of Pain","ReplayTheSpireMod:Ninjato","Bag of Marbles","Tiny Chest","Replay:Wax Seal","Snecko Eye","Replay:Bandana","Kunai","Juzu Bracelet","The Courier","Self Forming Clay","Question Card","Letter Opener","Whetstone","MutagenicStrength","Replay:Grab Bag","Painkiller Herb","ChewingGum","SacredBark","Ring of Fury","Eternal Feather","StoneCalendar","Omamori","Counterbalance"],"acts_visited":["Exordium","TheCity","TheBeyond"],"potions_floor_usage":[7,11,16,20,25,41,50],"damage_taken":[{"damage":0,"enemies":"Small Slimes","floor":1,"turns":3},{"damage":7,"enemies":"Jaw Worm","floor":2,"turns":2},{"damage":6,"enemies":"Cultist","floor":5,"turns":3},{"damage":50,"enemies":"Lagavulin","floor":6,"turns":6},{"damage":0,"enemies":"Exordium Wildlife","floor":7,"turns":3},{"damage":0,"enemies":"Gremlin Nob","floor":11,"turns":2},{"damage":0,"enemies":"2 Fungi Beasts","floor":12,"turns":3},{"damage":4,"enemies":"Red Slaver","floor":13,"turns":2},{"damage":8,"enemies":"Replay:BlueRogue","floor":14,"turns":4},{"damage":13,"enemies":"Hexaghost","floor":16,"turns":10},{"damage":3,"enemies":"2 Thieves","floor":18,"turns":3},{"damage":23,"enemies":"Shell Parasite","floor":20,"turns":5},{"damage":1,"enemies":"Centurion and Healer","floor":22,"turns":5},{"damage":9,"enemies":"Slavers","floor":25,"turns":3},{"damage":2,"enemies":"Replay:Snechameleon","floor":30,"turns":5},{"damage":20,"enemies":"Champ","floor":33,"turns":7},{"damage":0,"enemies":"Orb Walker","floor":35,"turns":3},{"damage":0,"enemies":"Mind Bloom Boss Battle","floor":39,"turns":3},{"damage":29,"enemies":"Nemesis","floor":40,"turns":5},{"damage":6,"enemies":"3 Darklings","floor":41,"turns":2},{"damage":4,"enemies":"4 Shapes","floor":45,"turns":5},{"damage":24,"enemies":"Sphere and 2 Shapes","floor":47,"turns":7},{"damage":35,"enemies":"Time Eater","floor":50,"turns":4}],"seed_played":"-3015225479421605197","potions_obtained":[{"floor":1,"key":"Block Potion"},{"floor":6,"key":"Energy Potion"},{"floor":13,"key":"PowerPotion"},{"floor":16,"key":"Weak Potion"},{"floor":22,"key":"SneckoOil"},{"floor":25,"key":"Elixir"},{"floor":35,"key":"SmokeBomb"},{"floor":39,"key":"Swift Potion"}],"is_trial":false,"path_per_floor":["M","M","?","?","M","E","M","?","T","R","E","M","M","E","R","B",null,"M","?","M","$","M","R","$","E","T","T","R","?","E","?","R","B",null,"?","?","T","T","?","E","?","T","T","T","?","T","?","?","T","B",null],"character_chosen":"IRONCLAD","items_purchased":["Kunai","Juzu Bracelet","Replay:Sssssssssshield","Limit Break","Bludgeon+1","Strength Potion"],"campfire_rested":4,"item_purchase_floors":[21,21,21,37,46,46],"current_hp_per_floor":[72,65,65,65,59,9,9,9,9,33,33,33,29,21,45,32,68,65,65,42,42,41,65,65,56,56,56,56,56,54,54,54,34,69,69,69,69,69,69,40,34,76,76,80,76,76,52,52,80,45],"gold":52,"neow_bonus":"BOSS_RELIC","is_daily":false,"chose_seed":false,"campfire_upgraded":2,"win_rate":0.0,"timestamp":1610300560,"path_taken":["M","M","?","?","M","E","?","?","T","R","E","M","?","E","R","BOSS","M","?","?","$","M","R","$","E","T","?","R","?","E","?","R","BOSS","?","?","T","?","?","E","?","T","T","T","?","T","?","?","T","BOSS"],"items_purchased_type":["Relic","Relic","Card","Card","Card","Potion"],"build_version":"2020-12-22","purchased_purges":3,"victory":true,"max_hp_per_floor":[80,80,80,80,80,80,80,80,80,80,80,80,80,80,80,80,80,80,80,80,80,80,80,80,80,80,80,80,80,80,80,80,80,80,80,80,80,80,80,80,80,80,80,80,80,80,80,80,80,80],"card_choices":[{"not_picked":["Searing Blow","Cleave"],"picked":"Sever Soul","floor":1},{"not_picked":["Disarm","Inflame"],"picked":"Cleave","floor":2},{"not_picked":["Wild Strike","Cleave"],"picked":"Shrug It Off","floor":5},{"not_picked":["Fire Breathing","Entrench"],"picked":"Shockwave","floor":6},{"not_picked":["Infernal Blade","Run Through"],"picked":"Dropkick","floor":7},{"not_picked":["Whirlwind","Inflame"],"picked":"Flex","floor":8},{"not_picked":["ReplayTheSpireMod:Limb From Limb","Barricade"],"picked":"Ghostly Armor","floor":11},{"not_picked":["Havoc","Entrench"],"picked":"Whirlwind","floor":12},{"not_picked":["Perfected Strike","Warcry","ReplayReversal"],"picked":"SKIP","floor":13},{"not_picked":["Spot Weakness","ReplayTheSpireMod:Strike From Hell"],"picked":"Inflame","floor":14},{"not_picked":["Hemogenesis","Demon Form"],"picked":"Limit Break","floor":16},{"not_picked":["Clothesline","Anger"],"picked":"Power Through","floor":18},{"not_picked":["Sword Boomerang","Thunderclap","Run Through"],"picked":"SKIP","floor":20},{"not_picked":["Pommel Strike","Havoc"],"picked":"Burning Pact","floor":22},{"not_picked":["Combust","Burning Pact"],"picked":"ReplayTheSpireMod:Limb From Limb","floor":25},{"not_picked":["Intimidate","Cleave+1","ReplayTheSpireMod:Limb From Limb"],"picked":"Impervious","floor":30},{"not_picked":["Reaper","Impervious","Limit Break"],"picked":"Demon Form","floor":33},{"not_picked":["Anger","Iron Wave","Shrug It Off"],"picked":"Pummel","floor":35},{"not_picked":["Shrug It Off","ReplayTheSpireMod:Strike From Hell","Feed"],"picked":"Demon Form","floor":40},{"not_picked":["Anger","Clash","Sever Soul","Reckless Charge"],"picked":"SKIP","floor":45},{"not_picked":["Headbutt","Replay:Undeath\u0027s Touch","Bludgeon"],"picked":"Armaments+1","floor":47}],"player_experience":297559,"relics_obtained":[{"floor":6,"key":"ReplayTheSpireMod:Ninjato"},{"floor":9,"key":"Bag of Marbles"},{"floor":11,"key":"Tiny Chest"},{"floor":14,"key":"Replay:Wax Seal"},{"floor":19,"key":"Replay:Bandana"},{"floor":25,"key":"The Courier"},{"floor":26,"key":"Self Forming Clay"},{"floor":27,"key":"Question Card"},{"floor":30,"key":"Whetstone"},{"floor":36,"key":"Ring of Fury"},{"floor":38,"key":"Eternal Feather"},{"floor":39,"key":"StoneCalendar"},{"floor":40,"key":"Omamori"},{"floor":43,"key":"Counterbalance"}],"event_choices":[{"damage_healed":0,"gold_gain":0,"player_choice":"2 cards matched","damage_taken":0,"max_hp_gain":0,"max_hp_loss":0,"event_name":"Match and Keep!","floor":4,"gold_loss":0,"cards_obtained":["Bash","Berserk"]},{"damage_healed":0,"gold_gain":0,"player_choice":"Relic","damage_taken":0,"max_hp_gain":0,"max_hp_loss":0,"event_name":"Wheel of Change","floor":19,"gold_loss":0},{"damage_healed":0,"gold_gain":0,"player_choice":"Obtained Relic","damage_taken":0,"relics_obtained":["Letter Opener"],"max_hp_gain":0,"max_hp_loss":0,"event_name":"Addict","floor":29,"gold_loss":85},{"damage_healed":0,"gold_gain":0,"player_choice":"Inject Mutagens","damage_taken":0,"relics_obtained":["MutagenicStrength"],"max_hp_gain":0,"max_hp_loss":0,"event_name":"Drug Dealer","floor":31,"gold_loss":0},{"damage_healed":0,"gold_gain":0,"player_choice":"Fight","damage_taken":0,"max_hp_gain":0,"max_hp_loss":0,"event_name":"MindBloom","floor":39,"gold_loss":0},{"cards_removed":["Defend_R"],"damage_healed":0,"gold_gain":0,"player_choice":"Purged","damage_taken":0,"max_hp_gain":0,"max_hp_loss":0,"event_name":"Purifier","floor":48,"gold_loss":0}],"is_beta":false,"boss_relics":[{"not_picked":["Fusion Hammer","Replay:Ancient Bell"],"picked":"Snecko Eye"},{"not_picked":["Electric Blood","Ooze Armor"],"picked":"Replay:Grab Bag"},{"not_picked":["Philosopher\u0027s Stone","Runic Dome"],"picked":"Painkiller Herb"},{"not_picked":["ReplayTheSpireMod:Onyx Gauntlets","Sozu"],"picked":"ChewingGum"},{"not_picked":["Black Star","Kintsugi"],"picked":"SacredBark"}],"items_purged_floors":[21,24,46],"is_endless":false,"potions_floor_spawned":[1,6,13,16,22,25,35,39,47],"ascension_level":12}}