{"host":"n43wxkei7kulhi8o","time":1610290509,"event":{"mods":["BaseMod","Bestiary","Block Reminder","Colored Map","Curses Come First","Custom Start","Highlight Path","Minty Spire (QoL Compilation)","Quick Restart","Relic Stats","StSLib"],"gold_per_floor":[112,112,124,124,135,135,147,147,194,194,227,241,241,273,273,374,374,391,403,414,424,424,424,435,435,435,139,168,168,178,193,193,295,295,308,218,218,218],"floor_reached":37,"playtime":1426,"items_purged":[],"score":401,"play_id":"0719df62-abcf-40c7-b0ce-6bad27715907","local_time":"20210110095509","is_ascension_mode":false,"campfire_choices":[{"data":"1","floor":6,"key":"LIFT"},{"data":"2","floor":8,"key":"LIFT"},{"data":"3","floor":10,"key":"LIFT"},{"data":"Zap","floor":13,"key":"SMITH"},{"data":"Dualcast","floor":15,"key":"SMITH"},{"data":"Coolheaded","floor":23,"key":"SMITH"},{"data":"Glacier","floor":25,"key":"SMITH"},{"data":"Coolheaded","floor":29,"key":"SMITH"},{"floor":32,"key":"REST"}],"circlet_count":0,"master_deck":["Strike_B","Strike_B","Strike_B","Strike_B+1","Defend_B+1","Defend_B","Defend_B","Defend_B","Zap+1","Dualcast+1","CurseOfTheBell","Glacier+1","Streamline","Coolheaded+1","Sweeping Beam","Conserve Battery+1","Buffer+1","Beam Cell+1","Coolheaded+1","Creative AI+1","FTL","Rip and Tear+1","Reinforced Body+1","Gash+1","Machine Learning+1","Redo+1"],"relics":["Calling Bell","PreservedInsect","StrikeDummy","Girya","Omamori","Toy Ornithopter","Frozen Egg 2","Sozu","War Paint","Molten Egg 2","Regal Pillow","TheAbacus","Matryoshka","Runic Pyramid"],"acts_visited":["Exordium","TheCity","TheBeyond"],"potions_floor_usage":[20,28,33],"damage_taken":[{"damage":1,"enemies":"Cultist","floor":1,"turns":3},{"damage":0,"enemies":"2 Louse","floor":3,"turns":3},{"damage":3,"enemies":"Jaw Worm","floor":5,"turns":3},{"damage":3,"enemies":"Red Slaver","floor":7,"turns":5},{"damage":14,"enemies":"Gremlin Nob","floor":11,"turns":3},{"damage":0,"enemies":"Large Slime","floor":12,"turns":4},{"damage":8,"enemies":"3 Sentries","floor":14,"turns":3},{"damage":27,"enemies":"The Guardian","floor":16,"turns":14},{"damage":0,"enemies":"Chosen","floor":18,"turns":5},{"damage":8,"enemies":"Shell Parasite","floor":19,"turns":5},{"damage":9,"enemies":"Snake Plant","floor":20,"turns":3},{"damage":3,"enemies":"Shelled Parasite and Fungi","floor":21,"turns":8},{"damage":0,"enemies":"Snecko","floor":24,"turns":7},{"damage":14,"enemies":"Slavers","floor":28,"turns":4},{"damage":0,"enemies":"Sentry and Sphere","floor":30,"turns":5},{"damage":10,"enemies":"Cultist and Chosen","floor":31,"turns":7},{"damage":53,"enemies":"Collector","floor":33,"turns":12},{"damage":18,"enemies":"3 Shapes","floor":35,"turns":5},{"damage":0,"enemies":"3 Darklings","floor":37,"turns":1}],"seed_played":"-1435780848055973922","potions_obtained":[{"floor":1,"key":"AttackPotion"},{"floor":4,"key":"LiquidMemories"},{"floor":4,"key":"SmokeBomb"},{"floor":14,"key":"LiquidMemories"}],"is_trial":false,"path_per_floor":["M","?","M","?","M","R","M","R","T","R","E","M","R","E","R","B",null,"M","M","M","M","T","R","M","R","T","$","E","R","M","M","R","B",null,"M","?","M"],"character_chosen":"DEFECT","items_purchased":["Regal Pillow","TheAbacus"],"campfire_rested":1,"item_purchase_floors":[27,27],"current_hp_per_floor":[74,74,74,74,71,71,68,68,68,68,54,54,54,46,46,19,75,75,67,63,60,60,60,60,60,60,60,51,51,51,41,75,22,75,57,57,57,57],"gold":218,"neow_bonus":"BOSS_RELIC","is_daily":false,"chose_seed":false,"campfire_upgraded":5,"win_rate":0.0,"timestamp":1610290509,"path_taken":["M","?","M","?","M","R","?","R","T","R","E","M","R","E","R","BOSS","M","M","M","M","?","R","M","R","T","$","E","R","?","M","R","BOSS","M","?","M"],"items_purchased_type":["Relic","Relic"],"build_version":"2020-12-22","purchased_purges":0,"victory":false,"max_hp_per_floor":[75,75,75,75,75,75,75,75,75,75,75,75,75,75,75,75,75,75,75,75,75,75,75,75,75,75,75,75,75,75,75,75,75,75,75,75,75,75],"relic_stats":{"Sozu":5,"Regal Pillow":12,"TheAbacus":[42],"counters":[19,100],"PreservedInsect":93,"War Paint":["Defend_B","Conserve Battery"],"obtain_stats":[{"Girya":0,"Regal Pillow":27,"PreservedInsect":0,"Omamori":9,"Frozen Egg 2":14,"War Paint":22,"Calling Bell":0,"Sozu":17,"TheAbacus":27,"Matryoshka":28,"Molten Egg 2":26,"Cracked Core":0,"StrikeDummy":0,"Toy Ornithopter":11,"Runic Pyramid":34},{"Girya":0,"Regal Pillow":13,"PreservedInsect":0,"Omamori":4,"Frozen Egg 2":7,"War Paint":12,"Calling Bell":0,"Sozu":8,"TheAbacus":13,"Matryoshka":14,"Molten Egg 2":13,"Cracked Core":0,"StrikeDummy":0,"Toy Ornithopter":5,"Runic Pyramid":17},{"Girya":0,"Regal Pillow":66,"PreservedInsect":0,"Omamori":14,"Frozen Egg 2":24,"War Paint":59,"Calling Bell":0,"Sozu":38,"TheAbacus":66,"Matryoshka":70,"Molten Egg 2":66,"Cracked Core":0,"StrikeDummy":0,"Toy Ornithopter":17,"Runic Pyramid":94}],"Toy Ornithopter":10},"card_choices":[{"not_picked":["Self Repair","Redo","Sunder"],"picked":"SKIP","floor":1},{"not_picked":["Steam","Leap"],"picked":"Glacier","floor":3},{"not_picked":["Heatsinks","Steam"],"picked":"Streamline","floor":5},{"not_picked":["Redo","Beam Cell"],"picked":"Coolheaded","floor":7},{"not_picked":["Fission","Rebound"],"picked":"Sweeping Beam","floor":11},{"not_picked":["Recycle","Heatsinks","Leap"],"picked":"SKIP","floor":12},{"not_picked":["Barrage","All For One"],"picked":"Conserve Battery","floor":14},{"not_picked":["Hyperbeam","Amplify"],"picked":"Buffer+1","floor":16},{"not_picked":["Auto Shields","Turbo+1"],"picked":"Beam Cell+1","floor":18},{"not_picked":["Leap","Gash"],"picked":"Coolheaded","floor":19},{"not_picked":["Gash+1","Glacier+1"],"picked":"Creative AI+1","floor":20},{"not_picked":["Recycle","Chaos"],"picked":"FTL","floor":21},{"not_picked":["Cold Snap","Conserve Battery"],"picked":"Rip and Tear+1","floor":24},{"not_picked":["Chill","Steam"],"picked":"Reinforced Body+1","floor":28},{"not_picked":["Redo+1","Hologram"],"picked":"Gash+1","floor":30},{"not_picked":["FTL+1","BootSequence"],"picked":"Scrape+1","floor":31},{"not_picked":["Rainbow","Fission"],"picked":"Machine Learning+1","floor":33},{"not_picked":["Compile Driver+1","Lockon+1"],"picked":"Redo+1","floor":35}],"player_experience":646299,"relics_obtained":[{"floor":0,"key":"PreservedInsect"},{"floor":0,"key":"StrikeDummy"},{"floor":0,"key":"Girya"},{"floor":9,"key":"Omamori"},{"floor":11,"key":"Toy Ornithopter"},{"floor":14,"key":"Frozen Egg 2"},{"floor":22,"key":"War Paint"},{"floor":26,"key":"Molten Egg 2"},{"floor":28,"key":"Matryoshka"}],"event_choices":[{"damage_healed":0,"gold_gain":0,"player_choice":"Ignored","damage_taken":0,"max_hp_gain":0,"max_hp_loss":0,"event_name":"Golden Wing","floor":2,"gold_loss":0},{"damage_healed":0,"gold_gain":0,"player_choice":"Got Potions","damage_taken":0,"max_hp_gain":0,"max_hp_loss":0,"event_name":"Lab","floor":4,"gold_loss":0},{"cards_removed":["Scrape"],"damage_healed":0,"gold_gain":0,"player_choice":"Upgrade and Remove","damage_taken":0,"max_hp_gain":0,"max_hp_loss":0,"event_name":"Designer","floor":36,"gold_loss":90,"cards_upgraded":["Strike_B"]}],"is_beta":false,"boss_relics":[{"not_picked":["Pandora\u0027s Box","Empty Cage"],"picked":"Sozu"},{"not_picked":["Velvet Choker","Runic Dome"],"picked":"Runic Pyramid"}],"items_purged_floors":[],"is_endless":false,"potions_floor_spawned":[1,7,12,14,19,30,31,33,35],"killed_by":"3 Darklings","ascension_level":0}}