{"host":"sdjng9zhqonqi3uc","time":1610311210,"event":{"mods":["2.2 Compatiblity","AchievementEnabler","BaseMod","BetterRewards","Colored Powertips","Hero for Fun","Minty Spire (QoL Compilation)","Shop Mod","StSLib","Td1madao Mod","The Animator","The Cursed","The Servant 0.9.4"],"gold_per_floor":[109,126,126,145,165,165,183,183,207,207,207,240,260,260,260,260,260],"floor_reached":16,"playtime":703,"items_purged":["Defend_G"],"score":102,"play_id":"9bf8f2d2-3eaf-4b76-8f3d-a4a897217291","local_time":"20210110214010","is_ascension_mode":false,"campfire_choices":[{"data":"Tools of the Trade","floor":6,"key":"SMITH"},{"floor":11,"key":"RECALL"},{"data":"Footwork","floor":15,"key":"SMITH"}],"circlet_count":0,"master_deck":["Strike_G","Strike_G","Strike_G","Defend_G","Defend_G","Defend_G","Defend_G","Survivor","Neutralize","Blade Dance","Crippling Poison","Tools of the Trade+1","Underhanded Strike","Footwork+1"],"relics":["Ring of the Snake","CaptainsWheel","Bag of Marbles","Thread and Needle","Juzu Bracelet","Potion Belt","Lantern"],"acts_visited":["Exordium"],"potions_floor_usage":[10,12,12],"damage_taken":[{"damage":0,"enemies":"Jaw Worm","floor":1,"turns":2},{"damage":0,"enemies":"Cultist","floor":2,"turns":3},{"damage":0,"enemies":"Small Slimes","floor":4,"turns":4},{"damage":0,"enemies":"Exordium Wildlife","floor":5,"turns":5},{"damage":0,"enemies":"Blue Slaver","floor":7,"turns":4},{"damage":6,"enemies":"Gremlin Nob","floor":12,"turns":3},{"damage":4,"enemies":"3 Louse","floor":13,"turns":2},{"damage":57,"enemies":"The Guardian","floor":16,"turns":13}],"seed_played":"2995557943168023745","potions_obtained":[{"floor":2,"key":"Ancient Potion"},{"floor":5,"key":"AttackPotion"},{"floor":10,"key":"Fruit Juice"},{"floor":10,"key":"CultistPotion"}],"is_trial":false,"path_per_floor":["M","M","?","M","M","R","M","?","T","?","R","E","M","?","R","B"],"character_chosen":"THE_SILENT","items_purchased":["Bag of Marbles"],"campfire_rested":0,"item_purchase_floors":[0],"current_hp_per_floor":[38,38,38,38,38,38,38,38,38,43,43,37,33,33,33,0,0],"gold":260,"neow_bonus":"","is_daily":false,"chose_seed":false,"campfire_upgraded":2,"win_rate":0.0,"timestamp":1610311210,"path_taken":["M","M","?","?","M","R","M","?","T","?","R","E","M","?","R","BOSS"],"items_purchased_type":["Relic"],"build_version":"2020-12-22","purchased_purges":1,"victory":false,"max_hp_per_floor":[70,70,70,70,70,70,70,70,70,75,75,75,75,75,75,75,75],"card_choices":[{"not_picked":["PiercingWail","Dagger Spray"],"picked":"Crippling Poison","floor":1},{"not_picked":["Cloak And Dagger","Dagger Throw","Dodge and Roll"],"picked":"SKIP","floor":2},{"not_picked":["Deflect","Acrobatics","Heel Hook"],"picked":"SKIP","floor":4},{"not_picked":["Blade Dance","Prepared"],"picked":"Tools of the Trade","floor":5},{"not_picked":["Leg Sweep","Concentrate","Sucker Punch"],"picked":"SKIP","floor":7},{"not_picked":["Blade Dance","Slice","Choke"],"picked":"SKIP","floor":12},{"not_picked":["Finisher","Dagger Throw"],"picked":"Footwork","floor":13}],"player_experience":299297,"relics_obtained":[{"floor":9,"key":"Juzu Bracelet"},{"floor":12,"key":"Potion Belt"},{"floor":14,"key":"Lantern"}],"event_choices":[{"cards_removed":["Strike_G"],"damage_healed":0,"gold_gain":0,"player_choice":"Purged","damage_taken":0,"max_hp_gain":0,"max_hp_loss":0,"event_name":"Purifier","floor":3,"gold_loss":0},{"damage_healed":0,"gold_gain":0,"cards_transformed":["Strike_G"],"player_choice":"Transformed","damage_taken":0,"max_hp_gain":0,"max_hp_loss":0,"event_name":"Transmorgrifier","floor":8,"gold_loss":0,"cards_obtained":["Underhanded Strike"]},{"damage_healed":0,"gold_gain":0,"player_choice":"Got Potions","damage_taken":0,"max_hp_gain":0,"max_hp_loss":0,"event_name":"Lab","floor":10,"gold_loss":0},{"damage_healed":0,"gold_gain":0,"player_choice":"Relic","damage_taken":0,"max_hp_gain":0,"max_hp_loss":0,"event_name":"Wheel of Change","floor":14,"gold_loss":0}],"is_beta":false,"boss_relics":[],"items_purged_floors":[0],"is_endless":false,"potions_floor_spawned":[2,5],"killed_by":"The Guardian","ascension_level":0}}