{"host":"m113y2j4kbc0e5kb","time":1610257359,"event":{"mods":["BaseMod","Colored Powertips","Lobotomy","LobotomyExtend","Minty Spire (QoL Compilation)","StSLib"],"gold_per_floor":[119,135,58,233,1,31,31,50,76,76,76,151,191,191,191,191,191],"floor_reached":16,"playtime":295,"items_purged":["Doubt"],"score":131,"play_id":"52faeeec-93cc-4a4b-97c8-848a87c3beac","local_time":"20210110144239","is_ascension_mode":false,"campfire_choices":[],"circlet_count":0,"master_deck":["SpecialBullet","SpecialBullet","SpecialBullet","SpecialBullet","SpecialBullet","SpecialBullet","SpecialBullet","SpecialBullet","InformationCode","CentralCode","ExtractionCode","UniverseFragment","Ecstasy","SpiderBud","TheSmile","Ecstasy","OldLady","TheSmile","MeatLantern","VoidDream"],"relics":["CogitoBucket","NeowsBlessing","LetterFromLob","Bronze Scales","MealTicket","Nunchaku","Golden Idol","Blue Candle","Boot"],"acts_visited":["Exordium"],"potions_floor_usage":[],"damage_taken":[{"damage":0,"enemies":"Small Slimes","floor":1,"turns":1},{"damage":0,"enemies":"Jaw Worm","floor":2,"turns":1},{"damage":0,"enemies":"3 Sentries","floor":6,"turns":2},{"damage":11,"enemies":"2 Louse","floor":8,"turns":2},{"damage":16,"enemies":"Gremlin Nob","floor":13,"turns":4},{"damage":50,"enemies":"Slime Boss","floor":16,"turns":1}],"seed_played":"1279884466241178793","potions_obtained":[{"floor":2,"key":"Regen Potion"},{"floor":8,"key":"GamblersBrew"}],"is_trial":false,"path_per_floor":["M","M","$","?","$","E","R","M","T","R","?","?","E","?","R","B"],"character_chosen":"Angela","items_purchased":["Ecstasy","Bronze Scales"],"campfire_rested":0,"item_purchase_floors":[3,5],"current_hp_per_floor":[70,70,70,70,70,70,70,59,59,59,59,48,36,29,29,0,0],"gold":191,"neow_bonus":"THREE_ENEMY_KILL","is_daily":false,"chose_seed":false,"campfire_upgraded":0,"win_rate":0.0,"timestamp":1610257359,"path_taken":["M","M","$","?","$","E","R","M","T","R","?","?","E","?","R","BOSS"],"items_purchased_type":["Card","Relic"],"build_version":"2020-12-22","purchased_purges":1,"victory":false,"max_hp_per_floor":[70,70,70,70,70,70,70,70,70,70,65,65,69,69,69,69,69],"card_choices":[{"not_picked":["BigBird","OSAHOGD"],"picked":"UniverseFragment","floor":1},{"not_picked":["Horn"],"picked":"Ecstasy","floor":1},{"not_picked":["FieryBird","CherryBlossoms"],"picked":"SpiderBud","floor":2},{"not_picked":["InTheNameOfLoveAndHate"],"picked":"TheSmile","floor":2},{"not_picked":["Woodsman","PunishingBird"],"picked":"OldLady","floor":6},{"not_picked":["Laetitia_ego"],"picked":"TheSmile","floor":6},{"not_picked":["ShyLook","Wellcheers"],"picked":"MeatLantern","floor":8},{"not_picked":["RapturousDream","SomewhereSpear"],"picked":"SKIP","floor":8},{"not_picked":["WallGazer","Rudolta"],"picked":"VoidDream","floor":13},{"not_picked":["Loneliness","Penitence"],"picked":"SKIP","floor":13},{"not_picked":["Laetitia_ego","ShedSkin"],"picked":"SKIP","floor":13}],"player_experience":1103256,"relics_obtained":[{"floor":1,"key":"LetterFromLob"},{"floor":6,"key":"MealTicket"},{"floor":9,"key":"Nunchaku"},{"floor":13,"key":"Blue Candle"}],"event_choices":[{"damage_healed":0,"gold_gain":175,"player_choice":"AGREE","damage_taken":0,"max_hp_gain":0,"max_hp_loss":0,"event_name":"Liars Game","floor":4,"gold_loss":0,"cards_obtained":["Doubt"]},{"damage_healed":0,"gold_gain":0,"player_choice":"Lose Max HP","damage_taken":0,"relics_obtained":["Golden Idol"],"max_hp_gain":0,"max_hp_loss":5,"event_name":"Golden Idol","floor":11,"gold_loss":0},{"damage_healed":0,"gold_gain":75,"player_choice":"Gather Gold","damage_taken":11,"max_hp_gain":0,"max_hp_loss":0,"event_name":"World of Goop","floor":12,"gold_loss":0},{"damage_healed":0,"gold_gain":0,"player_choice":"Success","damage_taken":7,"relics_obtained":["Boot"],"max_hp_gain":0,"max_hp_loss":0,"event_name":"Scrap Ooze","floor":14,"gold_loss":0}],"is_beta":false,"boss_relics":[],"items_purged_floors":[5],"is_endless":false,"potions_floor_spawned":[2,8],"killed_by":"Slime Boss","ascension_level":0}}