{"host":"vm8b3ptwl81uq21f","time":1610296490,"event":{"mods":["Aspiration","BaseMod","BetterRewards","Colored Map","Colored Powertips","Downfall","GifTheSpireLib","Googly Eyes","GungeonMod","Halation","Hubris","Infinite Spire","Minty Spire (QoL Compilation)","Quick Restart","Rare Cards Sparkle","Replay The Spire","Shop Mod","Spicy Shops","StSLib","Stuff the Spire","The IronCluck","[IsaacMod]????"],"gold_per_floor":[109,51,64,1,27,54,54,82,94,156,178,190,202,227,239,348,360,385,204,221,221,279,312,312,328,328,328,345,363,377,390,410,410,410,515,515,535,545,219,229,7,7,27,27,27,27,46,46,46,76,76,76],"floor_reached":53,"playtime":2903,"items_purged":["DemoMod:RustySidearm","Parasite","DemoMod:Strike_Huntress","DemoMod:Strike_Huntress","DemoMod:Defend_Huntress","DemoMod:Defend_Huntress"],"score":769,"play_id":"6e8ea870-5da5-4df1-ad3c-74a0132fc69f","local_time":"20210110113450","is_ascension_mode":true,"campfire_choices":[{"data":"hubris:DuctTapeCard","floor":7,"key":"SMITH"},{"floor":15,"key":"REST"},{"data":"DemoMod:HighKaliber","floor":24,"key":"SMITH"},{"data":"DemoMod:Replace","floor":42,"key":"SMITH"},{"data":"DemoMod:BlankBullets","floor":44,"key":"SMITH"},{"data":"DemoMod:Unmoved","floor":51,"key":"SMITH"}],"circlet_count":0,"master_deck":["DemoMod:Defend_Huntress","DemoMod:Roll","DemoMod:CrossBow","hubris:DuctTapeCard+2","DemoMod:HighKaliber+1","DemoMod:Unmoved+1","DemoMod:Replace+1","Injury","DemoMod:SniperShot+1","DemoMod:MachoBrace+1","DemoMod:MachoBrace+1","DemoMod:MachoBrace+1","DemoMod:Replace+1","DemoMod:FastSwitch+1","DemoMod:SniperShot+1","DemoMod:ConditionalReflex+1","DemoMod:BlankBullets+1","DemoMod:FastSwitch+1","DemoMod:FastSwitch+1","Limit Break+1"],"relics":["DemoMod:Dog","HushsDoor","SteamSale","Frozen Eye","hubris:GlazedTorus","Gremlin Horn","DemoMod:Relodestone","MerchantsRug","ReplayTheSpireMod:CursedCoin","StuffTheSpire:HeavyRock","DemoMod:VorpalBullet","Centennial Puzzle","Toxic Egg 2","expansioncontent:StudyCardRelic","StuffTheSpire:GrapeVine","Replay:Mystery Machine","MutagenicStrength","aspiration:ArtOfWarUpgrade","DemoMod:RatBoots","DemoMod:PartiallyEatenCheese","infinitespire:Cupcake","Coffee Dripper","halation:Komachan","infinitespire:FocusingShard","DemoMod:GlassGuonStoneRelic","DemoMod:MeatBun","aspiration:Nostalgia","Iron Core","ReplayFunnel","DemoMod:Bottle","Regal Pillow","infinitespire:Eraser"],"acts_visited":["Exordium","TheCity","DemoMod:Maze","TheBeyond"],"potions_floor_usage":[14,16,20,35],"damage_taken":[{"damage":8,"enemies":"infinitespire:Voidling","floor":1,"turns":5},{"damage":1,"enemies":"Cultist","floor":3,"turns":4},{"damage":0,"enemies":"2 Louse","floor":5,"turns":3},{"damage":0,"enemies":"3 Sentries","floor":6,"turns":2},{"damage":5,"enemies":"Replay:BlueRogue","floor":8,"turns":3},{"damage":10,"enemies":"Lagavulin","floor":10,"turns":6},{"damage":2,"enemies":"Blue Slaver","floor":11,"turns":2},{"damage":0,"enemies":"2 Fungi Beasts","floor":14,"turns":2},{"damage":2,"enemies":"Hexaghost","floor":16,"turns":7},{"damage":0,"enemies":"Shell Parasite","floor":18,"turns":2},{"damage":0,"enemies":"Spheric Guardian","floor":20,"turns":4},{"damage":8,"enemies":"Shelled Parasite and Fungi","floor":22,"turns":3},{"damage":13,"enemies":"Slavers","floor":23,"turns":2},{"damage":0,"enemies":"Cultist and Chosen","floor":25,"turns":3},{"damage":4,"enemies":"DemoMod:Red_and_blue_shotgun_kin","floor":28,"turns":3},{"damage":0,"enemies":"DemoMod:2_Veteran_bullet_kins_and_red_shotgun_kin","floor":29,"turns":2},{"damage":0,"enemies":"DemoMod:Veteran_shot_gun_kin_and_blue_shotgun_kin","floor":30,"turns":3},{"damage":0,"enemies":"DemoMod:Red_and_blue_shotgun_kin_with_gunsinger","floor":31,"turns":2},{"damage":0,"enemies":"DemoMod:Veteran_shot_gun_kin_and_blue_shotgun_kin_with_gunsinger","floor":32,"turns":3},{"damage":27,"enemies":"DemoMod:ResourcefulRat","floor":35,"turns":16},{"damage":0,"enemies":"3 Darklings","floor":37,"turns":2},{"damage":0,"enemies":"3 Shapes","floor":38,"turns":2},{"damage":0,"enemies":"Writhing Mass","floor":40,"turns":2},{"damage":0,"enemies":"Jaw Worm Horde","floor":43,"turns":2},{"damage":0,"enemies":"Spire Growth","floor":47,"turns":2},{"damage":0,"enemies":"Nemesis","floor":50,"turns":3},{"damage":0,"enemies":"Replay:Hell Engine","floor":52,"turns":3}],"seed_played":"1310168052394617502","potions_obtained":[{"floor":3,"key":"Milkshake"},{"floor":5,"key":"DistilledChaos"},{"floor":11,"key":"Explosive Potion"},{"floor":14,"key":"Languid Potion"},{"floor":22,"key":"FairyPotion"},{"floor":23,"key":"Dexterity Potion"},{"floor":43,"key":"sneckomod:MuddlingPotion"},{"floor":50,"key":"SteroidPotion"}],"is_trial":false,"path_per_floor":["M","$","M","$","M","E","R","E","T","E","M","?","?","M","R","B",null,"M","$","M","?","M","E","R","M","T","R","M","M","M","M","M","R","B","B",null,"M","M","$","M","$","R","M","R","T","T","M","?","?","E","R","B",null],"character_chosen":"HUNTRESS","items_purchased":["Frozen Eye","hubris:GlazedTorus","DemoMod:Purify","Gremlin Horn","MerchantsRug","DemoMod:DoubleVision","hubris:DuctTape","DemoMod:GnawedKey","halation:Convergence","ReplayTheSpireMod:CursedCoin","StuffTheSpire:GrapeVine","Lee\u0027s Waffle","Replay:Mystery Machine","halation:Komachan","infinitespire:FocusingShard","DemoMod:FastSwitch+1","DemoMod:MeatBun","aspiration:Nostalgia","ReplayFunnel"],"campfire_rested":1,"item_purchase_floors":[0,0,0,0,0,0,0,2,4,4,19,19,19,39,39,39,41,41,41],"current_hp_per_floor":[30,30,29,29,29,29,29,24,24,14,12,12,12,12,32,30,67,67,74,74,74,66,53,53,53,74,74,70,70,70,70,70,70,59,32,74,74,74,74,74,74,74,74,74,74,74,74,74,74,74,74,74],"gold":76,"neow_bonus":"","is_daily":false,"chose_seed":false,"campfire_upgraded":5,"win_rate":0.0,"timestamp":1610296490,"path_taken":["M","$","M","$","M","E","R","E","T","E","?","?","?","M","R","BOSS","M","$","M","?","?","E","R","M","T","R","M","M","M","M","M","R","BOSS","BOSS","M","M","$","M","$","R","M","R","T","?","M","?","?","E","R","BOSS"],"items_purchased_type":["Relic","Relic","Card","Relic","Relic","Card","Relic","Relic","Relic","Relic","Relic","Relic","Relic","Relic","Relic","Card","Relic","Relic","Relic"],"build_version":"2020-12-22","purchased_purges":6,"victory":true,"max_hp_per_floor":[70,70,70,67,67,67,67,67,67,67,67,67,67,67,67,67,67,67,74,74,74,74,74,74,74,74,74,74,74,74,74,74,74,74,74,74,74,74,74,74,74,74,74,74,74,74,74,74,74,74,74,74],"card_choices":[{"not_picked":[],"picked":"Bomb","floor":0},{"not_picked":["DemoMod:PotionOfGunFriendShip","DemoMod:TeaPot"],"picked":"DemoMod:HighKaliber","floor":1},{"not_picked":["DemoMod:StickyCrossBow","DemoMod:HuntsMan"],"picked":"Bomb","floor":3},{"not_picked":["DemoMod:JK47","DemoMod:PracticeMakesPerfect","DemoMod:HungryBullets"],"picked":"SKIP","floor":5},{"not_picked":["DemoMod:DoubleSwitch","DemoMod:Ejector"],"picked":"DemoMod:Unmoved","floor":6},{"not_picked":["DemoMod:Rummage","DemoMod:FortunesFavor","DemoMod:ShadowBullets"],"picked":"SKIP","floor":8},{"not_picked":["DemoMod:Casey","DemoMod:PotionOfGunFriendShip"],"picked":"Bomb","floor":10},{"not_picked":["DemoMod:GunShield","DemoMod:ProbeStrike"],"picked":"DemoMod:Replace","floor":11},{"not_picked":["DemoMod:Casey","DemoMod:ZorGun"],"picked":"DemoMod:SniperShot+1","floor":14},{"not_picked":["DemoMod:Casey","DemoMod:HuntsMan"],"picked":"DemoMod:MachoBrace+1","floor":18},{"not_picked":["DemoMod:AWP","DemoMod:DoubleSwitch+1"],"picked":"DemoMod:MachoBrace+1","floor":20},{"not_picked":["DemoMod:LifeOrb","DemoMod:TripleGun","DemoMod:GunstockTap+1"],"picked":"SKIP","floor":22},{"not_picked":["DemoMod:BoxingGlove+1","DemoMod:FortunesFavor+1"],"picked":"DemoMod:MachoBrace+1","floor":23},{"not_picked":["DemoMod:TableSutra","DemoMod:ZorGun","DemoMod:SuppressiveFire+1"],"picked":"SKIP","floor":25},{"not_picked":["DemoMod:TripleGun","DemoMod:ZorGun"],"picked":"DemoMod:Replace+1","floor":28},{"not_picked":["DemoMod:TeaPot+1","DemoMod:DoubleSwitch+1","DemoMod:Ejector+1"],"picked":"SKIP","floor":29},{"not_picked":["DemoMod:Replace+1","DemoMod:FeignSurrender+1"],"picked":"DemoMod:FastSwitch+1","floor":30},{"not_picked":["DemoMod:FortunesFavor+1","DemoMod:Casey"],"picked":"DemoMod:SniperShot+1","floor":31},{"not_picked":["DemoMod:Ejector+1","DemoMod:FinishedGun"],"picked":"DemoMod:ConditionalReflex+1","floor":32},{"not_picked":["DemoMod:FinishedGun","DemoMod:FightSabre"],"picked":"DemoMod:BlankBullets","floor":35},{"not_picked":["DemoMod:PotionOfGunFriendShip+1","DemoMod:Casey+1"],"picked":"DemoMod:FastSwitch+1","floor":36},{"not_picked":["DemoMod:DoubleSwitch+1","DemoMod:MegaHand+1","DemoMod:PotionOfGunFriendShip+1"],"picked":"SKIP","floor":37},{"not_picked":["DemoMod:HuntsMan+1","DemoMod:Casey+1","DemoMod:AbyssalTentacle+1"],"picked":"SKIP","floor":38},{"not_picked":["DemoMod:BoxingGlove+1","DemoMod:ProbeStrike+1","DemoMod:FastSwitch+1"],"picked":"SKIP","floor":40},{"not_picked":["DemoMod:FastSwitch+1","DemoMod:BattleInHaste+1"],"picked":"Limit Break+1","floor":43},{"not_picked":["Cold Snap","Fire Breathing","Body Slam+1"],"picked":"SKIP","floor":47},{"not_picked":["Headbutt","DemoMod:AbyssalTentacle","WeaponsOverheat+1"],"picked":"SKIP","floor":50}],"player_experience":369205,"relics_obtained":[{"floor":6,"key":"StuffTheSpire:HeavyRock"},{"floor":8,"key":"MawBank"},{"floor":9,"key":"DemoMod:VorpalBullet"},{"floor":10,"key":"Centennial Puzzle"},{"floor":23,"key":"Art of War"},{"floor":36,"key":"DemoMod:RatBoots"},{"floor":36,"key":"DemoMod:ResourcefulSack"},{"floor":36,"key":"DemoMod:PartiallyEatenCheese"},{"floor":36,"key":"infinitespire:Cupcake"},{"floor":36,"key":"Coffee Dripper"},{"floor":45,"key":"DemoMod:Bottle"},{"floor":46,"key":"Regal Pillow"},{"floor":50,"key":"infinitespire:Eraser"}],"event_choices":[{"damage_healed":0,"gold_gain":0,"player_choice":"Inject Mutagens","damage_taken":0,"relics_obtained":["MutagenicStrength"],"max_hp_gain":0,"max_hp_loss":0,"event_name":"Drug Dealer","floor":21,"gold_loss":0},{"cards_removed":["DemoMod:Defend_Huntress"],"damage_healed":0,"gold_gain":0,"player_choice":"Removed Skill","damage_taken":0,"max_hp_gain":0,"max_hp_loss":0,"event_name":"Falling","floor":48,"gold_loss":0}],"is_beta":false,"boss_relics":[{"not_picked":["halation:ForbiddenBikini","halation:CatFaceCupcake"],"picked":"expansioncontent:StudyCardRelic"},{"not_picked":[]},{"not_picked":[]}],"items_purged_floors":[0,4,4,19,39,39],"is_endless":false,"potions_floor_spawned":[3,5,11,14,22,23,30,31,43,50],"ascension_level":2}}