{"host":"minbhrtlkaoly5f0","time":1610243258,"event":{"mods":["Act Like it!","BaseMod","Colored Map","Colored Powertips","Lobotomy","LobotomyExtend","Luminous","Minty Spire (QoL Compilation)","Quick Restart","StSLib"],"gold_per_floor":[119,134,149,167,179,204,204,204,204],"floor_reached":8,"playtime":334,"items_purged":[],"score":60,"play_id":"a617043e-f366-4a75-b053-c1299bad35cd","local_time":"20210110094738","is_ascension_mode":false,"campfire_choices":[],"circlet_count":0,"master_deck":["SpecialBullet","SpecialBullet","SpecialBullet","SpecialBullet","SpecialBullet","SpecialBullet","SpecialBullet","SpecialBullet","ControlCode","InformationCode","SecurityCode","WallGazer","Christmas","Scorched","Lantern","SpiderBud","CrumblingArmor","Logging","OldLady","TT2Protocol"],"relics":["CogitoBucket","LetterFromLob","Matryoshka"],"acts_visited":["Exordium"],"potions_floor_usage":[6],"damage_taken":[{"damage":0,"enemies":"Small Slimes","floor":1,"turns":2},{"damage":14,"enemies":"2 Louse","floor":2,"turns":2},{"damage":8,"enemies":"Cultist","floor":3,"turns":3},{"damage":2,"enemies":"3 Louse","floor":4,"turns":2},{"damage":0,"enemies":"2 Fungi Beasts","floor":5,"turns":1},{"damage":49,"enemies":"Lagavulin","floor":6,"turns":4},{"damage":30,"enemies":"3 Sentries","floor":8,"turns":3}],"seed_played":"-8390983264363289849","potions_obtained":[{"floor":2,"key":"LiquidMemories"},{"floor":3,"key":"Swift Potion"},{"floor":6,"key":"EntropicBrew"}],"is_trial":false,"path_per_floor":["M","M","M","M","M","E","R","E"],"character_chosen":"Angela","items_purchased":[],"campfire_rested":0,"item_purchase_floors":[],"current_hp_per_floor":[77,71,71,77,77,28,28,0,0],"gold":204,"neow_bonus":"TEN_PERCENT_HP_BONUS","is_daily":false,"chose_seed":false,"campfire_upgraded":0,"win_rate":0.0,"timestamp":1610243258,"path_taken":["M","M","M","M","M","E","R","E"],"items_purchased_type":[],"build_version":"2020-12-22","purchased_purges":0,"victory":false,"max_hp_per_floor":[77,77,77,77,77,77,77,77,77],"card_choices":[{"not_picked":["ShyLook","CrumblingArmor"],"picked":"WallGazer","floor":1},{"not_picked":["Diffraction"],"picked":"Christmas","floor":1},{"not_picked":["SpiderBud","DreamingCurrent"],"picked":"Scorched","floor":2},{"not_picked":["BlackSwan_ego"],"picked":"Lantern","floor":2},{"not_picked":["OSAHOGD","MeatLantern"],"picked":"SpiderBud","floor":3},{"not_picked":["ScreamingWedge","Moonlight"],"picked":"SKIP","floor":3},{"not_picked":["Porccubus","VoidDream"],"picked":"CrumblingArmor","floor":4},{"not_picked":["Loneliness","Regret_ego"],"picked":"SKIP","floor":4},{"not_picked":["Beak","RedEyes"],"picked":"SKIP","floor":5},{"not_picked":["Discord"],"picked":"Logging","floor":6},{"not_picked":["UniverseFragment","MHz"],"picked":"OldLady","floor":6}],"player_experience":37670,"relics_obtained":[{"floor":1,"key":"LetterFromLob"},{"floor":6,"key":"Matryoshka"}],"event_choices":[],"is_beta":false,"boss_relics":[],"items_purged_floors":[],"is_endless":false,"potions_floor_spawned":[2,3,6],"killed_by":"3 Sentries","ascension_level":0}}