{"host":"l60rmjjsfi0fipmi","time":1610318158,"event":{"mods":["BaseMod","Colored Map","DeckTracker","Highlight Path","Minty Spire (QoL Compilation)"],"gold_per_floor":[116,134,134,146,22,22,56,56,56,69,144,155,80,80,80,181,181,200,100,118,0,11,11,11,36,90,90,117,117,132,152,152,248,248,248,248],"floor_reached":35,"playtime":2276,"items_purged":["Strike_R","Strike_R"],"score":435,"play_id":"3952fa6f-562d-48d8-b91e-c80bcc8a1e38","local_time":"20210110173558","is_ascension_mode":true,"campfire_choices":[{"data":"Thinking Ahead","floor":6,"key":"SMITH"},{"data":"Metallicize","floor":8,"key":"SMITH"},{"floor":15,"key":"REST"},{"data":"Anger","floor":23,"key":"SMITH"},{"data":"Metallicize","floor":27,"key":"SMITH"},{"floor":29,"key":"REST"},{"floor":32,"key":"REST"}],"circlet_count":0,"master_deck":["Strike_R","Strike_R","Strike_R","Defend_R","Defend_R","Defend_R","Defend_R","Bash","Thinking Ahead+1","Uppercut+1","Blood for Blood","Anger+1","Metallicize+1","Flame Barrier","Shockwave","Metallicize+1","Reaper","Evolve+1","Barricade","Juggernaut"],"relics":["Burning Blood","Bottled Flame","Centennial Puzzle","Unceasing Top","Mark of Pain","Blood Vial","Anchor","Smiling Mask","Runic Cube"],"acts_visited":["Exordium","TheCity","TheBeyond"],"potions_floor_usage":[28,28,33,33],"damage_taken":[{"damage":20,"enemies":"Cultist","floor":1,"turns":5},{"damage":3,"enemies":"2 Louse","floor":2,"turns":2},{"damage":4,"enemies":"Jaw Worm","floor":4,"turns":4},{"damage":27,"enemies":"3 Sentries","floor":7,"turns":8},{"damage":3,"enemies":"Looter","floor":10,"turns":3},{"damage":4,"enemies":"Blue Slaver","floor":12,"turns":5},{"damage":37,"enemies":"Slime Boss","floor":16,"turns":15},{"damage":4,"enemies":"Chosen","floor":18,"turns":6},{"damage":0,"enemies":"3 Byrds","floor":20,"turns":4},{"damage":12,"enemies":"Shelled Parasite and Fungi","floor":22,"turns":7},{"damage":10,"enemies":"Book of Stabbing","floor":25,"turns":7},{"damage":61,"enemies":"Gremlin Leader","floor":28,"turns":8},{"damage":20,"enemies":"Snake Plant","floor":30,"turns":5},{"damage":18,"enemies":"Snecko","floor":31,"turns":6},{"damage":24,"enemies":"Collector","floor":33,"turns":14},{"damage":73,"enemies":"3 Shapes","floor":35,"turns":3}],"seed_played":"655257813731750363","potions_obtained":[{"floor":2,"key":"ElixirPotion"},{"floor":10,"key":"Swift Potion"},{"floor":16,"key":"AttackPotion"},{"floor":20,"key":"SpeedPotion"},{"floor":28,"key":"AttackPotion"},{"floor":31,"key":"EssenceOfSteel"}],"is_trial":false,"path_per_floor":["M","M","?","M","$","R","E","R","T","M","?","M","$","?","R","B",null,"M","$","M","?","M","R","?","E","T","R","E","R","M","M","R","B",null,"M"],"character_chosen":"IRONCLAD","items_purchased":["Anger","Metallicize"],"campfire_rested":3,"item_purchase_floors":[5,5],"current_hp_per_floor":[58,61,61,63,63,63,42,42,42,45,34,36,36,29,50,19,72,72,72,72,72,66,66,66,68,68,68,33,54,48,42,63,53,72,0,0],"gold":248,"neow_bonus":"RANDOM_COLORLESS_2","is_daily":false,"chose_seed":false,"campfire_upgraded":4,"win_rate":0.0,"timestamp":1610318158,"path_taken":["M","?","?","M","$","R","E","R","T","M","?","M","$","?","R","BOSS","M","$","M","?","M","R","?","E","T","R","E","R","M","M","R","BOSS","M"],"items_purchased_type":["Card","Card"],"build_version":"2020-12-22","purchased_purges":2,"victory":false,"max_hp_per_floor":[72,72,72,72,72,72,72,72,72,72,72,72,72,72,72,72,72,72,72,72,72,72,72,72,72,72,72,72,72,72,72,72,72,72,72,72],"card_choices":[{"not_picked":["Mayhem","Secret Technique"],"picked":"Thinking Ahead","floor":0},{"not_picked":["Headbutt","Body Slam"],"picked":"Uppercut","floor":1},{"not_picked":["Whirlwind","Body Slam"],"picked":"Blood for Blood","floor":2},{"not_picked":["Wild Strike","Thunderclap","Sword Boomerang"],"picked":"SKIP","floor":4},{"not_picked":["Infernal Blade","Dark Embrace"],"picked":"Flame Barrier","floor":7},{"not_picked":["Shrug It Off","Offering"],"picked":"Shockwave","floor":10},{"not_picked":["Wild Strike","Clothesline"],"picked":"Metallicize","floor":12},{"not_picked":["Barricade","Fiend Fire"],"picked":"Reaper","floor":16},{"not_picked":["Perfected Strike+1","Clash","Headbutt"],"picked":"SKIP","floor":18},{"not_picked":["Battle Trance","Shrug It Off+1","Blood for Blood"],"picked":"SKIP","floor":20},{"not_picked":["Shockwave","Burning Pact+1"],"picked":"Evolve+1","floor":22},{"not_picked":["Wild Strike","Headbutt","Armaments"],"picked":"SKIP","floor":25},{"not_picked":["Heavy Blade","Searing Blow"],"picked":"Barricade","floor":28},{"not_picked":["Shrug It Off","Power Through+1","Anger"],"picked":"SKIP","floor":30},{"not_picked":["Flex+1","Clothesline","Dual Wield"],"picked":"SKIP","floor":31},{"not_picked":["Brutality","Immolate"],"picked":"Juggernaut","floor":33}],"player_experience":326119,"relics_obtained":[{"floor":7,"key":"Bottled Flame"},{"floor":9,"key":"Centennial Puzzle"},{"floor":25,"key":"Blood Vial"},{"floor":26,"key":"Anchor"},{"floor":28,"key":"Smiling Mask"}],"event_choices":[{"damage_healed":0,"gold_gain":0,"player_choice":"Grow","damage_taken":0,"max_hp_gain":0,"max_hp_loss":0,"event_name":"Living Wall","floor":3,"gold_loss":0,"cards_upgraded":["Uppercut"]},{"damage_healed":0,"gold_gain":75,"player_choice":"Gather Gold","damage_taken":11,"max_hp_gain":0,"max_hp_loss":0,"event_name":"World of Goop","floor":11,"gold_loss":0},{"damage_healed":0,"gold_gain":0,"player_choice":"Success","damage_taken":7,"relics_obtained":["Unceasing Top"],"max_hp_gain":0,"max_hp_loss":0,"event_name":"Scrap Ooze","floor":14,"gold_loss":0},{"damage_healed":0,"gold_gain":0,"player_choice":"Paid Fearfully","damage_taken":0,"max_hp_gain":0,"max_hp_loss":0,"event_name":"Masked Bandits","floor":21,"gold_loss":118},{"damage_healed":0,"gold_gain":0,"player_choice":"Ignored","damage_taken":0,"max_hp_gain":0,"max_hp_loss":0,"event_name":"Ghosts","floor":24,"gold_loss":0}],"is_beta":false,"boss_relics":[{"not_picked":["Black Star","Snecko Eye"],"picked":"Mark of Pain"},{"not_picked":["Runic Pyramid","Tiny House"],"picked":"Runic Cube"}],"items_purged_floors":[13,19],"is_endless":false,"potions_floor_spawned":[2,10,16,20,28,31],"killed_by":"3 Shapes","ascension_level":2}}