{"host":"6azrrw3tf7wb0f4b","time":1610300285,"event":{"mods":["BaseMod","DeckTracker","Minty Spire (QoL Compilation)","SuperFastMode"],"gold_per_floor":[119,119,132,150,166,199,199,34,34,52,82,94,120,160,172,260,272,295,222,253,275,287,331,262,262,262,278,278,293,26,59,59,130,130,141,161,178,78,103,132,132,132,132],"floor_reached":42,"playtime":1325,"items_purged":["Strike_R","Injury"],"score":931,"play_id":"98731fc3-9ae6-4369-bc9c-e589e1852bd8","local_time":"20210111023805","is_ascension_mode":true,"campfire_choices":[{"data":"Battle Trance","floor":7,"key":"SMITH"},{"floor":12,"key":"REST"},{"floor":15,"key":"REST"},{"floor":25,"key":"REST"},{"floor":28,"key":"REST"},{"data":"Evolve","floor":32,"key":"SMITH"},{"floor":41,"key":"REST"}],"circlet_count":0,"master_deck":["AscendersBane","Strike_R+1","Strike_R+1","Defend_R+1","Defend_R+1","Defend_R+1","Defend_R+1","Bash","Metallicize","Wild Strike","Battle Trance+1","Headbutt","Reaper","Feel No Pain","Flame Barrier","Burning Pact","Impervious","Body Slam","True Grit+1","Evolve+1","Dropkick","Offering","Heavy Blade+1","Juggernaut+1","Shrug It Off+1","Warcry","Pommel Strike+1","Shrug It Off+1"],"relics":["SlaversCollar","StrikeDummy","Nunchaku","Ornamental Fan","MawBank","Odd Mushroom","Cursed Key","Bag of Preparation","PreservedInsect","Kunai","Shuriken","Blue Candle","Astrolabe","Calipers","Toxic Egg 2"],"acts_visited":["Exordium","TheCity","TheBeyond"],"potions_floor_usage":[6,6,23,33,39],"damage_taken":[{"damage":1,"enemies":"2 Louse","floor":1,"turns":4},{"damage":0,"enemies":"Cultist","floor":3,"turns":3},{"damage":0,"enemies":"Small Slimes","floor":4,"turns":2},{"damage":18,"enemies":"Exordium Wildlife","floor":5,"turns":5},{"damage":24,"enemies":"Lagavulin","floor":6,"turns":5},{"damage":1,"enemies":"2 Fungi Beasts","floor":10,"turns":3},{"damage":14,"enemies":"Gremlin Nob","floor":11,"turns":4},{"damage":21,"enemies":"Lots of Slimes","floor":13,"turns":6},{"damage":32,"enemies":"The Mushroom Lair","floor":14,"turns":6},{"damage":26,"enemies":"The Guardian","floor":16,"turns":15},{"damage":19,"enemies":"Shell Parasite","floor":18,"turns":7},{"damage":0,"enemies":"3 Byrds","floor":20,"turns":4},{"damage":24,"enemies":"Sentry and Sphere","floor":21,"turns":11},{"damage":21,"enemies":"Gremlin Leader","floor":23,"turns":7},{"damage":22,"enemies":"Shelled Parasite and Fungi","floor":27,"turns":10},{"damage":0,"enemies":"Centurion and Healer","floor":29,"turns":8},{"damage":5,"enemies":"Slavers","floor":31,"turns":3},{"damage":14,"enemies":"Champ","floor":33,"turns":12},{"damage":26,"enemies":"Orb Walker","floor":35,"turns":4},{"damage":17,"enemies":"3 Shapes","floor":36,"turns":6},{"damage":8,"enemies":"Sphere and 2 Shapes","floor":37,"turns":6},{"damage":6,"enemies":"Mind Bloom Boss Battle","floor":39,"turns":4},{"damage":6,"enemies":"Giant Head","floor":40,"turns":6},{"damage":49,"enemies":"4 Shapes","floor":42,"turns":3}],"seed_played":"-1402833756185423063","potions_obtained":[{"floor":1,"key":"SpeedPotion"},{"floor":3,"key":"Regen Potion"},{"floor":5,"key":"GamblersBrew"},{"floor":6,"key":"ElixirPotion"},{"floor":21,"key":"Dexterity Potion"},{"floor":27,"key":"Explosive Potion"},{"floor":31,"key":"DuplicationPotion"},{"floor":36,"key":"Weak Potion"},{"floor":37,"key":"Fire Potion"},{"floor":39,"key":"Strength Potion"}],"is_trial":false,"path_per_floor":["M","?","M","M","M","E","R","$","T","M","E","R","M","?","R","B",null,"M","?","M","M","?","E","$","R","T","M","R","M","$","E","R","B",null,"M","M","M","$","?","E","R","M"],"character_chosen":"IRONCLAD","items_purchased":["Feel No Pain","Evolve","Shuriken"],"campfire_rested":5,"item_purchase_floors":[8,24,30],"current_hp_per_floor":[67,67,67,67,49,39,39,39,39,38,24,46,37,17,39,17,61,42,42,48,28,28,25,25,47,47,29,51,55,55,50,50,49,69,43,26,22,22,16,10,32,0,0],"gold":132,"neow_bonus":"BOSS_RELIC","is_daily":false,"chose_seed":false,"campfire_upgraded":2,"win_rate":0.0,"timestamp":1610300285,"path_taken":["M","?","M","?","M","E","R","$","T","M","E","R","M","?","R","BOSS","M","?","M","M","?","E","$","R","T","M","R","M","?","E","R","BOSS","M","M","M","?","?","E","R","M"],"items_purchased_type":["Card","Card","Relic"],"build_version":"2020-12-22","purchased_purges":2,"victory":false,"max_hp_per_floor":[75,75,75,75,75,75,75,75,75,75,75,75,75,75,75,75,75,75,75,75,75,75,75,75,75,75,75,75,75,75,75,75,75,75,75,75,75,75,75,75,75,75,75],"card_choices":[{"not_picked":["Body Slam","Sword Boomerang"],"picked":"Metallicize","floor":1},{"not_picked":["Searing Blow","Second Wind"],"picked":"Wild Strike","floor":3},{"not_picked":["Pummel","Metallicize"],"picked":"Battle Trance","floor":4},{"not_picked":["Iron Wave","Armaments"],"picked":"Headbutt","floor":5},{"not_picked":["Wild Strike","Armaments"],"picked":"Reaper","floor":6},{"not_picked":["Pommel Strike","Cleave"],"picked":"Flame Barrier","floor":10},{"not_picked":["Body Slam","Perfected Strike"],"picked":"Burning Pact","floor":11},{"not_picked":["Entrench","Sword Boomerang","Headbutt"],"picked":"SKIP","floor":13},{"not_picked":["Bludgeon","Limit Break"],"picked":"Impervious","floor":16},{"not_picked":["Iron Wave","Havoc+1"],"picked":"Body Slam","floor":18},{"not_picked":["Thunderclap+1","Armaments","Twin Strike"],"picked":"SKIP","floor":20},{"not_picked":["Havoc","Burning Pact"],"picked":"Infernal Blade","floor":21},{"not_picked":["Dropkick","Burning Pact"],"picked":"True Grit+1","floor":23},{"not_picked":["Clothesline","Twin Strike"],"picked":"Dropkick","floor":27},{"not_picked":["Pommel Strike","Clothesline","Twin Strike"],"picked":"SKIP","floor":29},{"not_picked":["Pommel Strike","Combust","Headbutt"],"picked":"SKIP","floor":31},{"not_picked":["Feed","Impervious"],"picked":"Offering","floor":33},{"not_picked":["Headbutt+1","Shrug It Off"],"picked":"Warcry","floor":35},{"not_picked":["Thunderclap","Warcry","Iron Wave"],"picked":"SKIP","floor":36},{"not_picked":["Rage","Warcry"],"picked":"Pommel Strike+1","floor":37},{"not_picked":["Clash","Burning Pact+1"],"picked":"Shrug It Off+1","floor":40}],"player_experience":683050,"relics_obtained":[{"floor":6,"key":"Nunchaku"},{"floor":9,"key":"Ornamental Fan"},{"floor":11,"key":"MawBank"},{"floor":14,"key":"Odd Mushroom"},{"floor":23,"key":"PreservedInsect"},{"floor":26,"key":"Kunai"},{"floor":31,"key":"Blue Candle"},{"floor":39,"key":"Calipers"},{"floor":40,"key":"Toxic Egg 2"}],"event_choices":[{"damage_healed":0,"gold_gain":0,"player_choice":"Gave Potion","damage_taken":0,"relics_obtained":["StrikeDummy"],"max_hp_gain":0,"max_hp_loss":0,"event_name":"WeMeetAgain","floor":2,"gold_loss":0},{"damage_healed":0,"gold_gain":0,"player_choice":"Fought Mushrooms","damage_taken":0,"max_hp_gain":0,"max_hp_loss":0,"event_name":"Mushrooms","floor":14,"gold_loss":0},{"damage_healed":0,"gold_gain":0,"player_choice":"Obtained Relic","damage_taken":0,"relics_obtained":["Bag of Preparation"],"max_hp_gain":0,"max_hp_loss":0,"event_name":"Addict","floor":19,"gold_loss":85},{"damage_healed":0,"gold_gain":0,"player_choice":"Simplicity","damage_taken":0,"max_hp_gain":0,"max_hp_loss":0,"event_name":"Back to Basics","floor":22,"gold_loss":0,"cards_upgraded":["Strike_R","Strike_R","Strike_R","Strike_R","Defend_R","Defend_R","Defend_R","Defend_R"]},{"damage_healed":0,"gold_gain":0,"player_choice":"Fight","damage_taken":0,"max_hp_gain":0,"max_hp_loss":0,"event_name":"MindBloom","floor":39,"gold_loss":0}],"is_beta":false,"boss_relics":[{"not_picked":["Calling Bell","Philosopher\u0027s Stone"],"picked":"Cursed Key"},{"not_picked":["Runic Pyramid","Velvet Choker"],"picked":"Astrolabe"}],"items_purged_floors":[8,38],"is_endless":false,"potions_floor_spawned":[1,3,5,6,21,27,31,36,37,39],"killed_by":"4 Shapes","ascension_level":17}}