{"host":"o7j6aatxjwpw1421","time":1610277687,"event":{"mods":["2.2 Compatiblity","AchievementEnabler","BaseMod","Colored Map","DeckTracker","Highlight Path","Keyboard Shortcuts","Minty Spire (QoL Compilation)","Permanent Neow","Quick Restart","StSLib","SuperFastMode","everything is the same but u backflip on backflip"],"gold_per_floor":[218,230,230,248,173,173,499,509,509,528,528,528,541,501,501,501,501],"floor_reached":16,"playtime":624,"items_purged":["Defend_G"],"score":204,"play_id":"64e96376-0a55-4a62-8d94-6ea1323521cf","local_time":"20210110202127","is_ascension_mode":true,"campfire_choices":[{"data":"Neutralize","floor":6.0,"key":"SMITH"},{"floor":11,"key":"REST"},{"data":"Noxious Fumes","floor":15,"key":"SMITH"}],"circlet_count":0,"master_deck":["AscendersBane","Strike_G","Strike_G","Strike_G","Strike_G","Defend_G","Defend_G","Defend_G","Defend_G","Survivor","Neutralize+1","Quick Slash","Reflex","Underhanded Strike","Dagger Spray","Escape Plan","Acrobatics","Noxious Fumes+1"],"relics":["Ring of the Snake","Old Coin","Ice Cream"],"acts_visited":["Exordium"],"potions_floor_usage":[10,13,13],"damage_taken":[{"damage":9.0,"enemies":"Jaw Worm","floor":1.0,"turns":7.0},{"damage":2.0,"enemies":"Cultist","floor":2.0,"turns":5.0},{"damage":0.0,"enemies":"2 Louse","floor":4.0,"turns":3.0},{"damage":42.0,"enemies":"Gremlin Nob","floor":7.0,"turns":6.0},{"damage":0.0,"enemies":"2 Fungi Beasts","floor":8.0,"turns":3.0},{"damage":0,"enemies":"Exordium Thugs","floor":10,"turns":2},{"damage":3,"enemies":"Gremlin Gang","floor":13,"turns":3},{"damage":0,"enemies":"Looter","floor":14,"turns":4},{"damage":34,"enemies":"Hexaghost","floor":16,"turns":10}],"seed_played":"4582730957835829621","potions_obtained":[{"floor":8.0,"key":"Strength Potion"},{"floor":10,"key":"SkillPotion"},{"floor":13,"key":"Fruit Juice"}],"is_trial":false,"path_per_floor":["M","M","?","M","$","R","E","M","T","M","R","?","M","M","R","B"],"character_chosen":"THE_SILENT","items_purchased":[],"campfire_rested":1,"item_purchase_floors":[],"current_hp_per_floor":[50,48,48,48,48,48,6,6,6,6,25,30,32,32,32,0,0],"gold":501,"neow_bonus":"HUNDRED_GOLD","is_daily":false,"chose_seed":false,"campfire_upgraded":2,"win_rate":0.0,"timestamp":1610277687,"path_taken":["M","M","?","M","$","R","E","?","T","M","R","?","M","M","R","BOSS"],"items_purchased_type":[],"build_version":"2020-12-22","purchased_purges":1,"victory":false,"max_hp_per_floor":[66,66,66,66,66,66,66,66,66,66,66,71,76,76,76,76,76],"card_choices":[{"not_picked":["Flying Knee","Expertise"],"picked":"Quick Slash","floor":1.0},{"not_picked":["Acrobatics","Distraction"],"picked":"Reflex","floor":2.0},{"not_picked":["Accuracy","PiercingWail","Leg Sweep"],"picked":"SKIP","floor":4.0},{"not_picked":["Underhanded Strike","Quick Slash"],"picked":"Dagger Spray","floor":7.0},{"not_picked":["Outmaneuver","Reflex","Sucker Punch"],"picked":"SKIP","floor":8.0},{"not_picked":["Endless Agony","Backstab"],"picked":"Escape Plan","floor":10},{"not_picked":["Crippling Poison","Deflect"],"picked":"Acrobatics","floor":13},{"not_picked":["Backflip","All Out Attack"],"picked":"Noxious Fumes","floor":14}],"player_experience":473804,"relics_obtained":[{"floor":7.0,"key":"Old Coin"},{"floor":9.0,"key":"Ice Cream"}],"event_choices":[{"damage_healed":0.0,"max_hp_gain":0.0,"max_hp_loss":0.0,"gold_gain":0.0,"cards_transformed":["Strike_G"],"event_name":"Transmorgrifier","player_choice":"Transformed","floor":3.0,"gold_loss":0.0,"damage_taken":0.0,"cards_obtained":["Underhanded Strike"]},{"damage_healed":0,"gold_gain":0,"player_choice":"Donut","damage_taken":0,"max_hp_gain":5,"max_hp_loss":0,"event_name":"Big Fish","floor":12,"gold_loss":0}],"is_beta":false,"boss_relics":[],"items_purged_floors":[5],"is_endless":false,"potions_floor_spawned":[8,10,13],"killed_by":"Hexaghost","ascension_level":20}}