{"host":"gzsdmyo07u314vug","time":1610314218,"event":{"mods":["2.2 Compatiblity","BaseMod","Downfall","GifTheSpireLib","Minty Spire (QoL Compilation)","Quick Restart","Rare Cards Sparkle","Relic Stats","Replay The Spire","Robot Space Explorer","Shop Mod","StSLib","The Bug Knight","The Construct","The Elementalist","The IronCluck","The Marked","The Servant 0.9.4","Unceasing Turn Reminder","everything is the same but u backflip on backflip","slay the spire mod where everything is the same but ironclad has a cowboy hat","vexMod"],"gold_per_floor":[111,130,143,161,180,180,197,209,209,209,236,236,270,105,105,222,222,239,266,285,319,234,280,280,324,324,324,324,343,442,36,36,164,164,175,187,208,298,317,352,352,92,92,144,144,144,144,144,178,178,207,219,219,248,248,248,23,68,141],"floor_reached":60,"playtime":5107,"items_purged":["RobotSpaceExplorer:Strike","RobotSpaceExplorer:Strike","RobotSpaceExplorer:Strike","RobotSpaceExplorer:BigMissile"],"score":1327,"play_id":"56cc0d95-78ba-4e3e-adfd-1654ca5c509a","local_time":"20210110183018","is_ascension_mode":true,"campfire_choices":[{"data":"RobotSpaceExplorer:LaserBurst","floor":6.0,"key":"SMITH"},{"data":"RobotSpaceExplorer:Asteroid","floor":10.0,"key":"SMITH"},{"data":"RobotSpaceExplorer:PowerGlove","floor":12.0,"key":"SMITH"},{"data":"RobotSpaceExplorer:PowerGlove","floor":15.0,"key":"SMITH"},{"floor":24.0,"key":"REST"},{"data":"RobotSpaceExplorer:Multitool","floor":27.0,"key":"SMITH"},{"floor":41.0,"key":"REST"},{"floor":50.0,"key":"RECALL"},{"floor":53.0,"key":"REST"},{"floor":56.0,"key":"REST"}],"circlet_count":0,"master_deck":["RobotSpaceExplorer:Defend","RobotSpaceExplorer:Defend","RobotSpaceExplorer:Defend","RobotSpaceExplorer:Defend","RobotSpaceExplorer:Scan","RobotSpaceExplorer:MiniLasers","RobotSpaceExplorer:LaserBurst+1","RobotSpaceExplorer:ShovelStrike","RobotSpaceExplorer:PowerGlove+1","RobotSpaceExplorer:SurgingShield+1","RobotSpaceExplorer:Asteroid+1","RobotSpaceExplorer:PowerGlove+1","RobotSpaceExplorer:SurgingStrike","RobotSpaceExplorer:Scanner","RobotSpaceExplorer:GearShield","RobotSpaceExplorer:SurgingShield+1","RobotSpaceExplorer:Multitool+1","RobotSpaceExplorer:GearShield","RobotSpaceExplorer:TrailblazerForm","RobotSpaceExplorer:SurgingShield+1","RobotSpaceExplorer:FranticSearch+1","RobotSpaceExplorer:FranticSearch","Dark Shackles","RobotSpaceExplorer:ScrapMissile+1","RobotSpaceExplorer:ScrapShield+1","RobotSpaceExplorer:ChargingLaser","RobotSpaceExplorer:FranticSearch+1","RobotSpaceExplorer:PowerCollector","RobotSpaceExplorer:ScrapMissile+1"],"relics":["RobotSpaceExplorer:RoboCore","PreservedInsect","WingedGreaves","Mummified Hand","vexMod:ConsolationPrize","vexMod:CursedCompass","Lizard Tail","vexMod:ScavengeHelm","Regal Pillow","vexMod:PlasmaPancake","Replay:Bottled Eggs","ClockworkSouvenir","Replay:Baseball","Fusion Hammer","Du-Vu Doll","Smiling Mask","BargainBundle","Prayer Wheel","RobotSpaceExplorer:ClockworkSextant","Bottled Flame"],"acts_visited":["Exordium","TheCity","TheBeyond","TheEnding"],"potions_floor_usage":[58,59],"damage_taken":[{"damage":0.0,"enemies":"Small Slimes","floor":1.0,"turns":3.0},{"damage":2.0,"enemies":"Jaw Worm","floor":2.0,"turns":3.0},{"damage":0.0,"enemies":"2 Louse","floor":3.0,"turns":3.0},{"damage":6.0,"enemies":"Exordium Wildlife","floor":4.0,"turns":4.0},{"damage":8.0,"enemies":"Large Slime","floor":5.0,"turns":4.0},{"damage":3.0,"enemies":"Gremlin Gang","floor":7.0,"turns":5.0},{"damage":0.0,"enemies":"2 Fungi Beasts","floor":8.0,"turns":2.0},{"damage":4.0,"enemies":"Lagavulin","floor":11.0,"turns":3.0},{"damage":9.0,"enemies":"Gremlin Nob","floor":13.0,"turns":3.0},{"damage":22.0,"enemies":"The Guardian","floor":16.0,"turns":7.0},{"damage":0.0,"enemies":"3 Byrds","floor":18.0,"turns":3.0},{"damage":7.0,"enemies":"Shell Parasite","floor":19.0,"turns":2.0},{"damage":4.0,"enemies":"3 Cultists","floor":20.0,"turns":4.0},{"damage":14.0,"enemies":"Shelled Parasite and Fungi","floor":21.0,"turns":6.0},{"damage":13.0,"enemies":"Slavers","floor":23.0,"turns":4.0},{"damage":18.0,"enemies":"Book of Stabbing","floor":25.0,"turns":4.0},{"damage":0.0,"enemies":"Snake Plant","floor":29.0,"turns":1.0},{"damage":33.0,"enemies":"Collector","floor":33.0,"turns":8.0},{"damage":0.0,"enemies":"3 Shapes","floor":35.0,"turns":2.0},{"damage":0.0,"enemies":"Orb Walker","floor":36.0,"turns":3.0},{"damage":3.0,"enemies":"4 Shapes","floor":37.0,"turns":3.0},{"damage":37.0,"enemies":"2 Orb Walkers","floor":38.0,"turns":4.0},{"damage":2.0,"enemies":"3 Darklings","floor":39.0,"turns":4.0},{"damage":8.0,"enemies":"Reptomancer","floor":40.0,"turns":5.0},{"damage":2.0,"enemies":"Mind Bloom Boss Battle","floor":44.0,"turns":3.0},{"damage":20.0,"enemies":"Writhing Mass","floor":49.0,"turns":6.0},{"damage":1.0,"enemies":"Giant Head","floor":51.0,"turns":4.0},{"damage":0.0,"enemies":"Sphere and 2 Shapes","floor":52.0,"turns":5.0},{"damage":29.0,"enemies":"Donu and Deca","floor":54.0,"turns":7.0},{"damage":18,"enemies":"Shield and Spear","floor":58,"turns":5},{"damage":74,"enemies":"The Heart","floor":59,"turns":8}],"seed_played":"-3426035041716907313","potions_obtained":[{"floor":1.0,"key":"BlessingOfTheForge"},{"floor":2.0,"key":"FearPotion"},{"floor":7.0,"key":"SteroidPotion"},{"floor":8.0,"key":"GamblersBrew"},{"floor":19.0,"key":"SteroidPotion"},{"floor":20.0,"key":"sneckomod:MuddlingPotion"},{"floor":23.0,"key":"Weak Potion"},{"floor":29.0,"key":"RobotSpaceExplorer:RecyclePotion"},{"floor":33.0,"key":"hexamod:EctoCoolerPotion"},{"floor":35.0,"key":"Fire Potion"},{"floor":36.0,"key":"RobotSpaceExplorer:PlasmaFlask"},{"floor":37.0,"key":"AttackPotion"},{"floor":39.0,"key":"GamblersBrew"},{"floor":49.0,"key":"AttackPotion"},{"floor":58,"key":"Adrenaline Potion"}],"is_trial":false,"path_per_floor":["M","M","M","M","M","R","M","M","T","R","E","R","E","$","R","B",null,"M","M","M","M","?","E","R","E","T","R","?","M","?","$","R","B",null,"M","M","M","?","M","E","R","$","T","?","PTL","PTL","PTL","PTL","M","R","E","M","R","B",null,"R","$","E","B",null],"character_chosen":"RobotSpaceExplorer","items_purchased":["RobotSpaceExplorer:PowerGlove","RobotSpaceExplorer:SurgingStrike","ClockworkSouvenir","Replay:Baseball","BargainBundle","RobotSpaceExplorer:FranticSearch","Dark Shackles","Weak Potion","Explosive Potion","RobotSpaceExplorer:PowerCollector","FairyPotion"],"campfire_rested":4,"item_purchase_floors":[14,14,31,31,42,42,42,42,42,57,57],"current_hp_per_floor":[75,73,73,67,59,59,56,56,56,56,52,52,43,43,43,21,75,75,68,64,50,50,37,59,41,47,47,47,47,47,47,47,14,81,81,81,78,41,39,31,70,70,70,68,68,68,68,68,48,48,47,47,81,52,81,81,81,63,16],"gold":141,"neow_bonus":"RANDOM_COMMON_RELIC","is_daily":false,"chose_seed":false,"campfire_upgraded":5,"win_rate":0.0,"timestamp":1610314218,"path_taken":["M","M","M","M","M","R","M","M","T","R","E","R","E","$","R","BOSS","M","M","M","M","?","E","R","E","T","R","?","M","?","$","R","BOSS","M","M","?","?","M","E","R","$","T","?","PTL","PTL","PTL","PTL","M","R","E","M","R","BOSS","R","$","E","BOSS"],"items_purchased_type":["Card","Card","Relic","Relic","Relic","Card","Card","Potion","Potion","Card","Potion"],"build_version":"2020-12-22","purchased_purges":4,"victory":true,"max_hp_per_floor":[75,75,75,75,75,75,75,75,75,75,75,75,75,75,75,75,75,75,75,75,75,75,75,75,75,81,81,81,81,81,81,81,81,81,81,81,81,81,81,81,81,81,81,81,81,81,81,81,81,81,81,81,81,81,81,81,81,81,81],"relic_stats":{"Lizard Tail":0,"Regal Pillow":25,"counters":[31,128],"Mummified Hand":[103],"Prayer Wheel":2,"PreservedInsect":393,"Smiling Mask":175,"obtain_stats":[{"RobotSpaceExplorer:ClockworkSextant":51,"vexMod:PlasmaPancake":26,"Regal Pillow":25,"BargainBundle":42,"vexMod:ScavengeHelm":23,"vexMod:ConsolationPrize":13,"RobotSpaceExplorer:RoboCore":0,"PreservedInsect":0,"Smiling Mask":40,"ClockworkSouvenir":31,"Du-Vu Doll":38,"Lizard Tail":22,"Replay:Baseball":31,"Bottled Flame":58,"Mummified Hand":11,"Prayer Wheel":44,"WingedGreaves":9,"Fusion Hammer":34,"vexMod:CursedCompass":17,"Replay:Bottled Eggs":28},{"RobotSpaceExplorer:ClockworkSextant":27,"vexMod:PlasmaPancake":16,"Regal Pillow":16,"BargainBundle":24,"vexMod:ScavengeHelm":15,"vexMod:ConsolationPrize":9,"RobotSpaceExplorer:RoboCore":0,"PreservedInsect":0,"Smiling Mask":24,"ClockworkSouvenir":17,"Du-Vu Doll":22,"Lizard Tail":14,"Replay:Baseball":17,"Bottled Flame":30,"Mummified Hand":8,"Prayer Wheel":25,"WingedGreaves":7,"Fusion Hammer":18,"vexMod:CursedCompass":10,"Replay:Bottled Eggs":16},{"RobotSpaceExplorer:ClockworkSextant":103,"vexMod:PlasmaPancake":60,"Regal Pillow":60,"BargainBundle":90,"vexMod:ScavengeHelm":56,"vexMod:ConsolationPrize":30,"RobotSpaceExplorer:RoboCore":0,"PreservedInsect":0,"Smiling Mask":90,"ClockworkSouvenir":61,"Du-Vu Doll":81,"Lizard Tail":52,"Replay:Baseball":61,"Bottled Flame":120,"Mummified Hand":27,"Prayer Wheel":93,"WingedGreaves":24,"Fusion Hammer":69,"vexMod:CursedCompass":37,"Replay:Bottled Eggs":60}]},"card_choices":[{"not_picked":["RobotSpaceExplorer:GlueShot","RobotSpaceExplorer:FranticSearch"],"picked":"RobotSpaceExplorer:LaserBurst","floor":1.0},{"not_picked":["RobotSpaceExplorer:FranticSearch","RobotSpaceExplorer:FrostMissile"],"picked":"RobotSpaceExplorer:BigMissile","floor":2.0},{"not_picked":["RobotSpaceExplorer:ToxicBomb","RobotSpaceExplorer:SwiftStep"],"picked":"RobotSpaceExplorer:ShovelStrike","floor":3.0},{"not_picked":["RobotSpaceExplorer:ScrapToss","RobotSpaceExplorer:Scanner"],"picked":"RobotSpaceExplorer:PowerGlove","floor":4.0},{"not_picked":["RobotSpaceExplorer:ScrapMissile","RobotSpaceExplorer:BigMissile"],"picked":"RobotSpaceExplorer:SurgingShield","floor":5.0},{"not_picked":["RobotSpaceExplorer:MakeshiftVolley","RobotSpaceExplorer:FrostMissile","RobotSpaceExplorer:MetalStrike"],"picked":"SKIP","floor":7.0},{"not_picked":["RobotSpaceExplorer:FranticSearch","RobotSpaceExplorer:GlueShot"],"picked":"RobotSpaceExplorer:Asteroid","floor":8.0},{"not_picked":["RobotSpaceExplorer:ShockKick","RobotSpaceExplorer:SlimeMissile","RobotSpaceExplorer:Ammunition"],"picked":"SKIP","floor":11.0},{"not_picked":["RobotSpaceExplorer:StarDust","RobotSpaceExplorer:TurboDodge"],"picked":"RobotSpaceExplorer:Wormhole","floor":13.0},{"not_picked":["RobotSpaceExplorer:Exploration","RobotSpaceExplorer:Arsenal"],"picked":"RobotSpaceExplorer:Scanner","floor":16.0},{"not_picked":["RobotSpaceExplorer:Ammunition","RobotSpaceExplorer:MiniDrones+1","RobotSpaceExplorer:StarLightning"],"picked":"SKIP","floor":18.0},{"not_picked":["RobotSpaceExplorer:SurgingShield","RobotSpaceExplorer:SlimeMissile"],"picked":"RobotSpaceExplorer:GearShield","floor":19.0},{"not_picked":["RobotSpaceExplorer:SurgingStrike+1","RobotSpaceExplorer:StarLightning+1"],"picked":"RobotSpaceExplorer:SurgingShield+1","floor":20.0},{"not_picked":["RobotSpaceExplorer:ShockKick+1","RobotSpaceExplorer:StunGrenade"],"picked":"RobotSpaceExplorer:Multitool","floor":21.0},{"not_picked":["RobotSpaceExplorer:MiniBoosters+1","RobotSpaceExplorer:Pulsar+1","RobotSpaceExplorer:ExhaustFan"],"picked":"SKIP","floor":23.0},{"not_picked":["RobotSpaceExplorer:Ammunition","RobotSpaceExplorer:FreezeRay","RobotSpaceExplorer:ScrapMissile"],"picked":"SKIP","floor":25.0},{"not_picked":["RobotSpaceExplorer:Counterblock","RobotSpaceExplorer:Probe"],"picked":"RobotSpaceExplorer:GearShield","floor":29.0},{"not_picked":["RobotSpaceExplorer:Explosion","RobotSpaceExplorer:Scanner"],"picked":"RobotSpaceExplorer:TrailblazerForm","floor":33.0},{"not_picked":["RobotSpaceExplorer:MiniDrones+1","RobotSpaceExplorer:GlueShot"],"picked":"RobotSpaceExplorer:SurgingShield","floor":35.0},{"not_picked":["RobotSpaceExplorer:Counterblock","RobotSpaceExplorer:Calculate"],"picked":"RobotSpaceExplorer:FranticSearch+1","floor":36.0},{"not_picked":["RobotSpaceExplorer:PowerGlove+1","RobotSpaceExplorer:ToxicBomb+1","RobotSpaceExplorer:IronShell+1"],"picked":"SKIP","floor":37.0},{"not_picked":["RobotSpaceExplorer:ShockMissile","RobotSpaceExplorer:SelfCleaning+1","RobotSpaceExplorer:ShovelStrike"],"picked":"SKIP","floor":39.0},{"not_picked":["RobotSpaceExplorer:ShovelStrike+1","RobotSpaceExplorer:Discharger+1","RobotSpaceExplorer:Blitz+1"],"picked":"SKIP","floor":40.0},{"not_picked":["RobotSpaceExplorer:MetalStrike+1","RobotSpaceExplorer:StunGrenade"],"picked":"RobotSpaceExplorer:ScrapMissile+1","floor":44.0},{"not_picked":["RobotSpaceExplorer:Counterblock+1","RobotSpaceExplorer:Probe"],"picked":"RobotSpaceExplorer:ScrapShield+1","floor":49.0},{"not_picked":["RobotSpaceExplorer:StunGrenade","RobotSpaceExplorer:SelfCleaning"],"picked":"RobotSpaceExplorer:ChargingLaser","floor":49.0},{"not_picked":["RobotSpaceExplorer:Jetpack+1","RobotSpaceExplorer:MiniBoosters+1"],"picked":"RobotSpaceExplorer:FranticSearch+1","floor":51.0},{"not_picked":["RobotSpaceExplorer:GlueShot+1","RobotSpaceExplorer:Blitz","RobotSpaceExplorer:SelfCleaning+1"],"picked":"SKIP","floor":52.0},{"not_picked":["RobotSpaceExplorer:DoubleBlock","RobotSpaceExplorer:Pulsar","RobotSpaceExplorer:LaserBurst"],"picked":"SKIP","floor":52.0},{"not_picked":["RobotSpaceExplorer:Asteroid","RobotSpaceExplorer:Ammunition"],"picked":"RobotSpaceExplorer:ScrapMissile+1","floor":58}],"player_experience":702732,"relics_obtained":[{"floor":9.0,"key":"WingedGreaves"},{"floor":11.0,"key":"Mummified Hand"},{"floor":13.0,"key":"vexMod:ConsolationPrize"},{"floor":23.0,"key":"vexMod:ScavengeHelm"},{"floor":25.0,"key":"Regal Pillow"},{"floor":26.0,"key":"vexMod:PlasmaPancake"},{"floor":38.0,"key":"Du-Vu Doll"},{"floor":40.0,"key":"Smiling Mask"},{"floor":44.0,"key":"Prayer Wheel"},{"floor":51.0,"key":"RobotSpaceExplorer:ClockworkSextant"},{"floor":58,"key":"Bottled Flame"}],"event_choices":[{"damage_healed":0.0,"max_hp_gain":0.0,"max_hp_loss":0.0,"gold_gain":0.0,"event_name":"Addict","player_choice":"Obtained Relic","floor":22.0,"gold_loss":85.0,"damage_taken":0.0,"relics_obtained":["Lizard Tail"]},{"damage_healed":0.0,"max_hp_gain":0.0,"max_hp_loss":0.0,"gold_gain":0.0,"event_name":"The Mausoleum","player_choice":"Opened","floor":28.0,"gold_loss":0.0,"damage_taken":0.0,"relics_obtained":["Replay:Bottled Eggs"]},{"damage_healed":0.0,"max_hp_gain":0.0,"max_hp_loss":0.0,"gold_gain":99.0,"event_name":"Nest","player_choice":"Stole From Cult","floor":30.0,"gold_loss":0.0,"damage_taken":0.0},{"damage_healed":0.0,"max_hp_gain":0.0,"max_hp_loss":0.0,"gold_gain":0.0,"event_name":"Mysterious Sphere","player_choice":"Fight","floor":38.0,"gold_loss":0.0,"damage_taken":0.0},{"damage_healed":0.0,"max_hp_gain":0.0,"max_hp_loss":0.0,"gold_gain":0.0,"event_name":"MindBloom","player_choice":"Fight","floor":44.0,"gold_loss":0.0,"damage_taken":0.0}],"is_beta":false,"boss_relics":[{"not_picked":["Pandora\u0027s Box","Runic Pyramid"],"picked":"vexMod:CursedCompass"},{"not_picked":["Tiny House","Black Star"],"picked":"Fusion Hammer"}],"items_purged_floors":[14,31,42,57],"is_endless":false,"potions_floor_spawned":[1,2,7,8,19,20,23,29,33,35,36,37,39,49,58],"ascension_level":2}}