{"host":"5wznv0010959mrmz","time":1610292840,"event":{"mods":["BaseMod","Highlight Path","Minty Spire (QoL Compilation)","Relic Stats"],"gold_per_floor":[119,119,44,64,78,78,110,110,110,121,121,133,187,197,197,197,197],"floor_reached":16,"playtime":397,"items_purged":["Pain"],"score":204,"play_id":"5f0dc38d-7f96-4d3b-85e9-f207ccb5cd06","local_time":"20210110093400","is_ascension_mode":true,"campfire_choices":[{"data":"Backstab","floor":6,"key":"SMITH"},{"data":"Adrenaline","floor":8,"key":"SMITH"},{"data":"Cloak And Dagger","floor":11,"key":"SMITH"},{"data":"Dagger Spray","floor":15,"key":"SMITH"}],"circlet_count":0,"master_deck":["AscendersBane","Strike_G","Strike_G","Strike_G","Strike_G","Strike_G","Defend_G","Defend_G","Defend_G","Defend_G","Defend_G","Survivor","Neutralize","Cloak And Dagger+1","Backstab+1","Slice","Adrenaline+1","Accuracy","Dagger Spray+1"],"relics":["Ring of the Snake","Boot","WarpedTongs","Pear","Potion Belt","MealTicket"],"acts_visited":["Exordium"],"potions_floor_usage":[7,12,16],"damage_taken":[{"damage":0,"enemies":"2 Louse","floor":1,"turns":2},{"damage":0,"enemies":"Cultist","floor":4,"turns":3},{"damage":2,"enemies":"Jaw Worm","floor":5,"turns":3},{"damage":22,"enemies":"Lagavulin","floor":7,"turns":6},{"damage":0,"enemies":"Lots of Slimes","floor":10,"turns":4},{"damage":0,"enemies":"Gremlin Gang","floor":12,"turns":2},{"damage":0,"enemies":"Blue Slaver","floor":14,"turns":2},{"damage":45,"enemies":"Hexaghost","floor":16,"turns":14}],"seed_played":"1417120257073879983","potions_obtained":[{"floor":4,"key":"Poison Potion"},{"floor":5,"key":"Explosive Potion"},{"floor":10,"key":"GhostInAJar"},{"floor":12,"key":"LiquidMemories"}],"is_trial":false,"path_per_floor":["M","?","$","M","M","R","E","R","T","M","R","M","T","M","R","B"],"character_chosen":"THE_SILENT","items_purchased":[],"campfire_rested":0,"item_purchase_floors":[],"current_hp_per_floor":[59,59,59,59,57,57,45,45,45,45,45,45,45,45,45,0,0],"gold":197,"neow_bonus":"RANDOM_COMMON_RELIC","is_daily":false,"chose_seed":false,"campfire_upgraded":4,"win_rate":0.0,"timestamp":1610292840,"path_taken":["M","?","$","M","M","R","E","R","T","?","R","M","?","M","R","BOSS"],"items_purchased_type":[],"build_version":"2020-12-22","purchased_purges":1,"victory":false,"max_hp_per_floor":[66,66,66,66,66,66,76,76,76,76,76,76,76,76,76,76,76],"relic_stats":{"counters":[8,36],"MealTicket":0,"Boot":[46],"obtain_stats":[{"Potion Belt":9,"Pear":7,"MealTicket":13,"Boot":0,"Ring of the Snake":0,"WarpedTongs":2},{"Potion Belt":4,"Pear":4,"MealTicket":6,"Boot":0,"Ring of the Snake":0,"WarpedTongs":1},{"Potion Belt":14,"Pear":14,"MealTicket":20,"Boot":0,"Ring of the Snake":0,"WarpedTongs":2}],"Ring of the Snake":[16],"WarpedTongs":[31]},"card_choices":[{"not_picked":["Quick Slash","Caltrops"],"picked":"Cloak And Dagger","floor":1},{"not_picked":["Prepared","Noxious Fumes"],"picked":"Backstab","floor":4},{"not_picked":["Deadly Poison","Dodge and Roll"],"picked":"Slice","floor":5},{"not_picked":["Infinite Blades","Deadly Poison"],"picked":"Adrenaline","floor":7},{"not_picked":["Flechettes","Backflip"],"picked":"Accuracy","floor":10},{"not_picked":["Deadly Poison","Underhanded Strike"],"picked":"Dagger Spray","floor":12},{"not_picked":["Choke","Outmaneuver","Dodge and Roll"],"picked":"SKIP","floor":14}],"player_experience":438533,"relics_obtained":[{"floor":7,"key":"Pear"},{"floor":9,"key":"Potion Belt"},{"floor":13,"key":"MealTicket"}],"event_choices":[{"damage_healed":0,"gold_gain":0,"player_choice":"Rummage","damage_taken":0,"relics_obtained":["WarpedTongs"],"max_hp_gain":0,"max_hp_loss":0,"event_name":"Accursed Blacksmith","floor":2,"gold_loss":0,"cards_obtained":["Pain"]}],"is_beta":false,"boss_relics":[],"items_purged_floors":[3],"is_endless":false,"potions_floor_spawned":[4,5,10,12],"killed_by":"Hexaghost","ascension_level":20}}