{"host":"tcdxiwht2vajk3tk","time":1610263455,"event":{"mods":["AchievementEnabler","BaseMod","Beaked The Cultist","Conspire","Defuse TimeMaze Blight","Downfall","Halation","Hermit","Hubris","Infinite Spire","Lobotomy","Minty Spire (QoL Compilation)","Replay The Spire","Shop Mod","StSLib","The Cursed","The Disciple","vexMod"],"gold_per_floor":[110,110,125,50,67,98,173,173,196,196,212,247,265,265,265,368,368,387,387,387,400,400,400],"floor_reached":22,"playtime":2466,"items_purged":[],"score":244,"play_id":"970d23ff-37b1-4c47-914e-2933e8d7e857","local_time":"20210110022415","is_ascension_mode":false,"campfire_choices":[{"floor":8,"key":"REST"},{"data":"beaked:Ceremony","floor":10,"key":"SMITH"},{"data":"beaked:Ceremony","floor":15,"key":"SMITH"}],"circlet_count":0,"master_deck":["beaked:Strike_Y","beaked:Strike_Y","beaked:Strike_Y","beaked:Strike_Y","beaked:Strike_Y","beaked:Strike_Y","beaked:Defend_Y","beaked:Defend_Y","beaked:Defend_Y","beaked:Defend_Y","beaked:Ceremony+1","beaked:Ceremony+1","beaked:Ceremony+1","beaked:WarriorSpirit","VoidDream","beaked:FeelMyPain","beaked:MaddeningMurmurs","OldLady","HereticApostle","QueenOfHatred","beaked:Struggle","LongBird","beaked:Tweet","WhiteNight","beaked:BraceForImpact","BlackSwan","beaked:Resilience","MHz","beaked:MachineEssence","Yin","beaked:Evade","beaked:Strike_Y","beaked:Strike_Y","beaked:Strike_Y","beaked:Strike_Y","beaked:Strike_Y","beaked:Strike_Y","beaked:Defend_Y","beaked:Defend_Y","beaked:Defend_Y","beaked:Defend_Y","beaked:Ceremony+1","beaked:Ceremony+1","beaked:Ceremony+1","beaked:WarriorSpirit","VoidDream","beaked:FeelMyPain","beaked:MaddeningMurmurs","OldLady","HereticApostle","QueenOfHatred","beaked:Struggle","LongBird","beaked:Tweet","WhiteNight","beaked:BraceForImpact","BlackSwan","beaked:Resilience","MHz","beaked:MachineEssence","Yin","beaked:Evade","beaked:Windmill"],"relics":["beaked:MendingPlumage","CogitoBucket","Replay:Rubber Ducky","infinitespire:Satchel","Unceasing Top","SkinProphecy"],"acts_visited":["Exordium","TheCity"],"potions_floor_usage":[13,21],"damage_taken":[{"damage":1.0,"enemies":"conspire:RoseBush","floor":1.0,"turns":5.0},{"damage":12,"enemies":"Cultist","floor":3,"turns":6},{"damage":13,"enemies":"Jaw Worm","floor":5,"turns":5},{"damage":36,"enemies":"3 Sentries","floor":6,"turns":8},{"damage":16,"enemies":"3 Louse","floor":11,"turns":3},{"damage":18,"enemies":"Lagavulin","floor":12,"turns":7},{"damage":34,"enemies":"Exordium Wildlife","floor":13,"turns":11},{"damage":69,"enemies":"Fading Forest","floor":16,"turns":11},{"damage":27,"enemies":"Spheric Guardian","floor":18,"turns":7},{"damage":4,"enemies":"Shell Parasite","floor":21,"turns":9},{"damage":0,"enemies":"Cultist and Chosen","floor":22,"turns":3}],"seed_played":"8462686753981471512","potions_obtained":[{"floor":5,"key":"infinitespire:BlackPotion"},{"floor":6,"key":"Milkshake"},{"floor":12,"key":"Strength Potion"},{"floor":16,"key":"PowerPotion"}],"is_trial":false,"path_per_floor":["M","?","M","$","M","E","?","R","T","R","M","E","M","?","R","B",null,"M","?","?","M","M"],"character_chosen":"BEAKED_THE_CULTIST","items_purchased":["beaked:MaddeningMurmurs"],"campfire_rested":1,"item_purchase_floors":[4],"current_hp_per_floor":[50,50,48,48,44,28,17,32,32,32,28,31,47,47,47,20,20,8,8,8,56,0,0],"gold":400,"neow_bonus":"","is_daily":false,"chose_seed":false,"campfire_upgraded":2,"win_rate":0.0,"timestamp":1610263455,"path_taken":["M","?","?","$","M","E","?","R","T","R","M","E","M","?","R","BOSS","M","?","?","M","M"],"items_purchased_type":["Card"],"build_version":"2020-12-22","purchased_purges":0,"victory":false,"max_hp_per_floor":[50,50,50,50,50,50,50,50,50,50,50,50,50,50,50,52,52,54,54,54,56,58,58],"card_choices":[{"not_picked":["beaked:CursingBlood","beaked:Brace"],"picked":"beaked:WarriorSpirit","floor":1},{"not_picked":["QueenOfHatred","WallGazer"],"picked":"VoidDream","floor":3},{"not_picked":["beaked:CursingBlood","ReplayTheSpireMod:Prepare the Ceremony"],"picked":"beaked:FeelMyPain","floor":3},{"not_picked":["SpiderBud","Murderer"],"picked":"OldLady","floor":5},{"not_picked":["beaked:SurvivalInstinct","beaked:Replenish"],"picked":"beaked:BounceBack","floor":5},{"not_picked":["Bloodbath","Scorched"],"picked":"QueenOfHatred","floor":6},{"not_picked":["beaked:DigDeeper","beaked:Cower"],"picked":"beaked:Struggle","floor":6},{"not_picked":["OSAHOGD","HeroicMonk"],"picked":"LongBird","floor":11},{"not_picked":["beaked:Molting","beaked:Windmill"],"picked":"beaked:Tweet","floor":11},{"not_picked":["Mercenary","Scarecrow"],"picked":"WhiteNight","floor":12},{"not_picked":["beaked:Cower","beaked:Replenish"],"picked":"beaked:BraceForImpact","floor":12},{"not_picked":["OSAHOGD","WallGazer","UniverseFragment"],"picked":"Singing Bowl","floor":13},{"not_picked":["LittleHelper","UniverseFragment"],"picked":"BlackSwan","floor":13},{"not_picked":["beaked:DesperateSwing","beaked:CursingBlood"],"picked":"beaked:Resilience","floor":13},{"not_picked":["LittleHelper","Wellcheers"],"picked":"MHz","floor":16},{"not_picked":["ReplayTheSpireMod:Owlgaze","beaked:FakeOut"],"picked":"beaked:MachineEssence","floor":16},{"not_picked":["Wellcheers","CherryBlossoms","QueenBee"],"picked":"Singing Bowl","floor":18},{"not_picked":["WallGazer","Variant"],"picked":"Yin","floor":18},{"not_picked":["beaked:Pecker","beaked:Foresight"],"picked":"beaked:Evade","floor":18},{"not_picked":["beaked:Daydream","beaked:Pecker"],"picked":"beaked:Windmill","floor":21}],"player_experience":1544170,"relics_obtained":[{"floor":6,"key":"Replay:Rubber Ducky"},{"floor":9,"key":"infinitespire:Satchel"},{"floor":12,"key":"Unceasing Top"}],"event_choices":[{"damage_healed":0,"gold_gain":0,"player_choice":"Upgraded","damage_taken":0,"max_hp_gain":0,"max_hp_loss":0,"event_name":"Upgrade Shrine","floor":2,"gold_loss":0,"cards_upgraded":["beaked:Ceremony"]},{"damage_healed":0,"gold_gain":75,"player_choice":"Gather Gold","damage_taken":11,"max_hp_gain":0,"max_hp_loss":0,"event_name":"World of Goop","floor":7,"gold_loss":0},{"damage_healed":0,"gold_gain":0,"player_choice":"Leave","damage_taken":0,"max_hp_gain":0,"max_hp_loss":0,"event_name":"The Cleric","floor":14,"gold_loss":0}],"is_beta":false,"boss_relics":[{"not_picked":["beaked:SacrificeDoll","Busted Crown","ReplayTheSpireMod:SealedPack"]}],"items_purged_floors":[],"is_endless":false,"potions_floor_spawned":[5,6,12,16],"killed_by":"Cultist and Chosen","ascension_level":0}}