{"host":"k2mw1od0xoi9pcfj","time":1610239767,"event":{"mods":["100% Spire Juice","AchievementEnabler","Act Like it!","Aspiration","BaseMod","Better Altar","Better Match","Better Note","Better Sensory Stone","Better Skull","Better Third Choice","Conspire","Defuse TimeMaze Blight","Downfall","Energized Spire","Friendly Minions","Gensokyo","Halation","Hallownest","Highlight Path","Infinite Spire","Minty Spire (QoL Compilation)","Permanent Neow","Prisma Mod","Quick Restart","Random Character Button","Relic Sorter","Relic Stats","Replay The Spire","Spicy Shops","StSLib","Synergy Search","The Hierophant","Treasure Hunter","everything is the same but u backflip on backflip","slay the spire mod where everything is the same but ironclad has a cowboy hat"],"gold_per_floor":[123,140,159,159,180,219,219,251,251,278,278,62,88,128,128,130,130],"floor_reached":16,"playtime":1157,"items_purged":[],"score":106,"play_id":"8907eeaf-385e-41a4-a86e-f23c5967ccb3","local_time":"20210109184927","is_ascension_mode":false,"campfire_choices":[{"floor":7,"key":"REST"},{"data":"hierophant:ChurchCoffers","floor":11,"key":"SMITH"},{"floor":15,"key":"RECALL"}],"circlet_count":0,"master_deck":["hierophant:Strike_Hierophant","hierophant:Strike_Hierophant","hierophant:Strike_Hierophant","hierophant:Strike_Hierophant","hierophant:Punish","hierophant:Defend_Hierophant","hierophant:Defend_Hierophant","hierophant:Defend_Hierophant","hierophant:Defend_Hierophant","hierophant:ChurchCoffers+1","hierophant:Zeal","hierophant:Doubloon","hierophant:CoinFling","hierophant:Endure","hierophant:Encroach","TH:CopperCoins","hierophant:Doubloon","hierophant:Generosity","hierophant:SealAway","TH:CopperCoins","hierophant:SealAway","hierophant:Community","hierophant:Doubloon","hierophant:Dazzle","hierophant:HammerAndAnvil"],"relics":["hierophant:PropheticMaskRelic","aspiration:Nostalgia","sneckomod:SneckoSoul","Peace Pipe","infinitespire:EmpoweringShard"],"acts_visited":["Exordium"],"potions_floor_usage":[6,13,14,16],"damage_taken":[{"damage":0,"enemies":"2 Louse","floor":1,"turns":3},{"damage":4,"enemies":"Jaw Worm","floor":2,"turns":4},{"damage":0,"enemies":"conspire:RoseBush","floor":3,"turns":4},{"damage":0,"enemies":"Red Slaver","floor":5,"turns":5},{"damage":53,"enemies":"Gremlin Nob","floor":6,"turns":6},{"damage":6,"enemies":"2 Fungi Beasts","floor":8,"turns":3},{"damage":6,"enemies":"Exordium Wildlife","floor":10,"turns":3},{"damage":0,"enemies":"Looter","floor":13,"turns":3},{"damage":3,"enemies":"Gremlin Gang","floor":14,"turns":2},{"damage":26,"enemies":"Hexaghost","floor":16,"turns":15}],"seed_played":"8666050680038111544","potions_obtained":[{"floor":2,"key":"Energy Potion"},{"floor":3,"key":"Doom Potion"},{"floor":4,"key":"EntropicBrew"},{"floor":8,"key":"Swift Potion"},{"floor":13,"key":"Adrenaline Potion"},{"floor":14,"key":"EssenceOfSteel"}],"is_trial":false,"path_per_floor":["M","M","M","?","M","E","R","M","T","M","R","$","M","M","R","B"],"character_chosen":"HIEROPHANT","items_purchased":["hierophant:Community"],"campfire_rested":1,"item_purchase_floors":[12],"current_hp_per_floor":[75,71,71,71,71,18,40,34,34,28,28,28,28,25,25,0,0],"gold":130,"neow_bonus":"NOSTALGIA","is_daily":false,"chose_seed":false,"campfire_upgraded":1,"win_rate":0.0,"timestamp":1610239767,"path_taken":["M","M","M","?","M","E","R","M","T","M","R","?","M","M","R","BOSS"],"items_purchased_type":["Card"],"build_version":"2020-12-22","purchased_purges":0,"victory":false,"max_hp_per_floor":[75,75,75,75,75,75,75,75,75,75,75,75,75,75,75,75,75],"relic_stats":{"Peace Pipe":0,"counters":[10,48],"obtain_stats":[{"Peace Pipe":6,"aspiration:Nostalgia":0,"hierophant:PropheticMaskRelic":0,"infinitespire:EmpoweringShard":9,"sneckomod:SneckoSoul":0},{"Peace Pipe":5,"aspiration:Nostalgia":0,"hierophant:PropheticMaskRelic":0,"infinitespire:EmpoweringShard":6,"sneckomod:SneckoSoul":0},{"Peace Pipe":22,"aspiration:Nostalgia":0,"hierophant:PropheticMaskRelic":0,"infinitespire:EmpoweringShard":25,"sneckomod:SneckoSoul":0}]},"card_choices":[{"not_picked":["hierophant:Encroach","hierophant:Purify"],"picked":"hierophant:Zeal","floor":1},{"not_picked":["hierophant:FieryStrike","hierophant:Purify"],"picked":"hierophant:CoinFling","floor":2},{"not_picked":["hierophant:ThreeLashes","hierophant:MorningPrayer"],"picked":"hierophant:Endure","floor":3},{"not_picked":["hierophant:SecretStash","hierophant:Zeal"],"picked":"hierophant:Encroach","floor":5},{"not_picked":["TH:EnergyPotion"],"picked":"TH:CopperCoins","floor":6},{"not_picked":["hierophant:Sermon","hierophant:AuricForm"],"picked":"hierophant:Generosity","floor":6},{"not_picked":["hierophant:ThreeLashes","hierophant:HolyVerse"],"picked":"hierophant:SealAway","floor":8},{"not_picked":["TH:ElvenBoots"],"picked":"TH:CopperCoins","floor":9},{"not_picked":["hierophant:DisplayOfPower","hierophant:Purify"],"picked":"hierophant:SealAway","floor":10},{"not_picked":["hierophant:ArchangelShield","hierophant:Sermon"],"picked":"hierophant:Dazzle","floor":13},{"not_picked":["hierophant:SolarFlare","hierophant:Levitation"],"picked":"hierophant:HammerAndAnvil","floor":14}],"player_experience":861494,"relics_obtained":[{"floor":6,"key":"Peace Pipe"},{"floor":9,"key":"infinitespire:EmpoweringShard"}],"event_choices":[{"damage_healed":0,"gold_gain":0,"player_choice":"Got Potions","damage_taken":0,"max_hp_gain":0,"max_hp_loss":0,"event_name":"Lab","floor":4,"gold_loss":0}],"is_beta":false,"boss_relics":[],"items_purged_floors":[],"is_endless":false,"potions_floor_spawned":[2,3,8,13,14],"killed_by":"Hexaghost","ascension_level":0}}