{"host":"51mqhfpmwwd4kxyt","time":1610256285,"event":{"mods":["BaseMod","Downfall","Googly Eyes","Highlight Path","Minty Spire (QoL Compilation)","READ ME - Guardian Mod","StSLib","The Cursed","The Servant 0.9.4"],"gold_per_floor":[115,115,290,307,257,257,270,118,118,138,150,178,178,207,207,306,306,324,344,259,271,271],"floor_reached":21,"playtime":1014,"items_purged":["Doubt"],"score":224,"play_id":"5a9bd320-771e-49ac-a1ed-e403d6c96acf","local_time":"20210110002445","is_ascension_mode":true,"campfire_choices":[{"data":"Chrysalis","floor":6,"key":"SMITH"},{"data":"Berserk","floor":13,"key":"SMITH"},{"floor":15,"key":"REST"}],"circlet_count":0,"master_deck":["Strike_R","Strike_R","Strike_R","Strike_R","Strike_R","Defend_R","Defend_R","Defend_R","Defend_R","Bash","Chrysalis+1","Reckless Charge","Shrug It Off","Sentinel","Metallicize","Havoc","Infernal Blade","Berserk+1","Armaments","Barricade","Fire Breathing"],"relics":["Burning Blood","Nunchaku","Tiny Chest","Odd Mushroom","Pen Nib","Sozu","MawBank"],"acts_visited":["Exordium","TheCity"],"potions_floor_usage":[14,14,16],"damage_taken":[{"damage":1,"enemies":"Cultist","floor":1,"turns":5},{"damage":4,"enemies":"Small Slimes","floor":4,"turns":5},{"damage":1,"enemies":"2 Louse","floor":7,"turns":4},{"damage":2,"enemies":"Blue Slaver","floor":10,"turns":6},{"damage":5,"enemies":"Looter","floor":11,"turns":4},{"damage":12,"enemies":"The Mushroom Lair","floor":12,"turns":6},{"damage":45,"enemies":"3 Sentries","floor":14,"turns":9},{"damage":44,"enemies":"The Guardian","floor":16,"turns":10},{"damage":42,"enemies":"3 Byrds","floor":18,"turns":9},{"damage":29,"enemies":"Shell Parasite","floor":19,"turns":7},{"damage":13,"enemies":"Snecko","floor":21,"turns":2}],"seed_played":"2205648019115810924","potions_obtained":[{"floor":1,"key":"Swift Potion"},{"floor":10,"key":"SneckoOil"},{"floor":12,"key":"Fruit Juice"}],"is_trial":false,"path_per_floor":["M","?","?","M","?","R","M","$","T","M","M","?","R","E","R","B",null,"M","M","?","M"],"character_chosen":"IRONCLAD","items_purchased":["Metallicize"],"campfire_rested":1,"item_purchase_floors":[8],"current_hp_per_floor":[61,61,61,63,63,63,68,68,68,72,73,67,67,28,52,19,69,33,10,10,0,0],"gold":271,"neow_bonus":"RANDOM_COLORLESS_2","is_daily":false,"chose_seed":false,"campfire_upgraded":2,"win_rate":0.0,"timestamp":1610256285,"path_taken":["M","?","?","M","?","R","M","$","T","M","M","?","R","E","R","BOSS","M","M","?","M"],"items_purchased_type":["Card"],"build_version":"2020-12-22","purchased_purges":1,"victory":false,"max_hp_per_floor":[80,80,80,80,80,80,80,80,80,80,80,80,80,80,80,85,85,85,85,85,85,85],"card_choices":[{"not_picked":["Panache","Secret Technique"],"picked":"Chrysalis","floor":0},{"not_picked":["Cleave","Spot Weakness"],"picked":"Reckless Charge","floor":1},{"not_picked":["Anger","Pommel Strike"],"picked":"Shrug It Off","floor":4},{"not_picked":["Body Slam","Intimidate"],"picked":"Sentinel","floor":7},{"not_picked":["Flex","Iron Wave"],"picked":"Havoc","floor":10},{"not_picked":["True Grit","Clash"],"picked":"Infernal Blade","floor":11},{"not_picked":["Wild Strike","Ghostly Armor"],"picked":"Berserk","floor":12},{"not_picked":["Hemokinesis","Searing Blow"],"picked":"Armaments","floor":14},{"not_picked":["Reaper","Impervious"],"picked":"Barricade","floor":16},{"not_picked":["Inflame","Combust","Spot Weakness"],"picked":"SKIP","floor":18},{"not_picked":["Flex","Clash"],"picked":"Fire Breathing","floor":19}],"player_experience":380159,"relics_obtained":[{"floor":9,"key":"Tiny Chest"},{"floor":12,"key":"Odd Mushroom"},{"floor":14,"key":"Pen Nib"}],"event_choices":[{"damage_healed":0,"gold_gain":0,"player_choice":"Box","damage_taken":0,"relics_obtained":["Nunchaku"],"max_hp_gain":0,"max_hp_loss":0,"event_name":"Big Fish","floor":2,"gold_loss":0,"cards_obtained":["Regret"]},{"damage_healed":0,"gold_gain":175,"player_choice":"AGREE","damage_taken":0,"max_hp_gain":0,"max_hp_loss":0,"event_name":"Liars Game","floor":3,"gold_loss":0,"cards_obtained":["Doubt"]},{"cards_removed":["Regret"],"damage_healed":0,"gold_gain":0,"player_choice":"Card Removal","damage_taken":0,"max_hp_gain":0,"max_hp_loss":0,"event_name":"The Cleric","floor":5,"gold_loss":50},{"damage_healed":0,"gold_gain":0,"player_choice":"Fought Mushrooms","damage_taken":0,"max_hp_gain":0,"max_hp_loss":0,"event_name":"Mushrooms","floor":12,"gold_loss":0},{"damage_healed":0,"gold_gain":0,"player_choice":"Obtained Relic","damage_taken":0,"relics_obtained":["MawBank"],"max_hp_gain":0,"max_hp_loss":0,"event_name":"Addict","floor":20,"gold_loss":85}],"is_beta":false,"boss_relics":[{"not_picked":["Black Blood","Fusion Hammer"],"picked":"Sozu"}],"items_purged_floors":[8],"is_endless":false,"potions_floor_spawned":[1,10,12,19],"killed_by":"Snecko","ascension_level":5}}