{"host":"87fdiiwflhrwsj8a","time":1610242290,"event":{"mods":["Aspiration","BaseMod","Better Match","Better Third Choice","BetterRewards","Colored Map","Conspire","GifTheSpireLib","Infinite Spire","Minty Spire (QoL Compilation)","Quick Restart","Relic Sorter","Replay The Spire","Robot Space Explorer","StSLib","Stuff the Spire","The Alterego","The Cursed","The Jungle"],"gold_per_floor":[120,120,270,289,289,289,157,157,157,192,117,117,144,144,144,249,249,260,260,175,140,140,140,140,140,140],"floor_reached":25,"playtime":969,"items_purged":[],"score":228,"play_id":"1f436ed9-ca6a-4dea-a435-b59be3c52915","local_time":"20210109203130","is_ascension_mode":false,"campfire_choices":[{"data":"alterego_mod:DiscoLights","floor":6.0,"key":"SMITH"},{"data":"alterego_mod:DiscoLights","floor":8.0,"key":"SMITH"},{"data":"alterego_mod:Rake","floor":15.0,"key":"SMITH"},{"floor":23,"key":"REST"}],"circlet_count":0,"master_deck":["alterego_mod:Strike","alterego_mod:Strike","alterego_mod:Strike","alterego_mod:Strike","alterego_mod:Defend","alterego_mod:Defend+1","alterego_mod:Defend","alterego_mod:Defend+1","alterego_mod:Impale","alterego_mod:BigMeatyClaws","alterego_mod:BrynhildrsRune","alterego_mod:DiscoLights+1","Writhe","alterego_mod:Rake+1","alterego_mod:DiscoLights+1","alterego_mod:Bunnysuit","Creative AI+1","Sickly","Injury","Regret"],"relics":["alterego_mod:MasochisticConstitution","NeowsBlessing","ReplayTheSpireMod:CursedCoin","Frozen Egg 2","Juzu Bracelet","Ornamental Fan","PrismaticShard","Replay:Ancient Bell","Bronze Scales","Blue Candle","StuffTheSpire:Nightcore","Replay:PocketPolymizer","Anchor"],"acts_visited":["Exordium","TheCity"],"potions_floor_usage":[],"damage_taken":[{"damage":0.0,"enemies":"Jaw Worm","floor":1.0,"turns":1.0},{"damage":0.0,"enemies":"infinitespire:Voidling","floor":4.0,"turns":1.0},{"damage":0.0,"enemies":"Gremlin Nob","floor":10.0,"turns":1.0},{"damage":8.0,"enemies":"Replay:BlueRogue","floor":13.0,"turns":12.0},{"damage":35.0,"enemies":"Slime Boss","floor":16.0,"turns":15.0},{"damage":35.0,"enemies":"3 Byrds","floor":18.0,"turns":4.0},{"damage":42.0,"enemies":"2 Thieves","floor":21.0,"turns":5.0},{"damage":35,"enemies":"Book of Stabbing","floor":25,"turns":3}],"seed_played":"3502638380631257113","potions_obtained":[{"floor":4.0,"key":"Adrenaline Potion"},{"floor":13.0,"key":"Fire Potion"},{"floor":21.0,"key":"Fire Potion"}],"is_trial":false,"path_per_floor":["M","?","$","M","?","R","$","R","T","E","$","?","E","?","R","B",null,"M","?","?","M","AVR","R","?","E"],"character_chosen":"The_Alterego","items_purchased":["ReplayTheSpireMod:CursedCoin","alterego_mod:Rake","alterego_mod:DiscoLights","alterego_mod:Bunnysuit"],"campfire_rested":1,"item_purchase_floors":[3,7,7,11],"current_hp_per_floor":[70,63,63,63,49,49,49,49,49,49,49,49,42,42,42,8,72,49,49,49,8,8,30,30,0,0],"gold":140,"neow_bonus":"THREE_ENEMY_KILL","is_daily":false,"chose_seed":false,"campfire_upgraded":3,"win_rate":0.0,"timestamp":1610242290,"path_taken":["M","?","$","?","?","R","$","R","T","E","?","?","E","?","R","BOSS","M","?","?","M","AVR","R","?","E"],"items_purchased_type":["Relic","Card","Card","Card"],"build_version":"2020-12-22","purchased_purges":0,"victory":false,"max_hp_per_floor":[70,70,70,70,70,70,70,70,70,70,70,70,71,71,71,72,72,73,73,73,74,74,74,74,74,74],"card_choices":[{"not_picked":["alterego_mod:Maid","alterego_mod:Crossover"],"picked":"alterego_mod:DiscoLights","floor":1.0},{"not_picked":["alterego_mod:BiFurious","alterego_mod:Maid","alterego_mod:Mirror"],"picked":"SKIP","floor":4.0},{"not_picked":["alterego_mod:BiFurious","alterego_mod:DeftHands","alterego_mod:Belle"],"picked":"SKIP","floor":10.0},{"not_picked":["alterego_mod:HighServant","alterego_mod:PurpleHair","alterego_mod:Clones"],"picked":"SKIP","floor":13.0},{"not_picked":["Hyperbeam","Poisoned Strike"],"picked":"Creative AI+1","floor":16.0},{"not_picked":["ReplayTheSpireMod:Restless Dread","Spreading Infection"],"picked":"Sickly","floor":17.0},{"not_picked":["Amnesia","Looming Evil"],"picked":"Injury","floor":17.0},{"not_picked":["infinitespire:Pacifist","Normality"],"picked":"Regret","floor":17.0},{"not_picked":["Replay:Undeath\u0027s Touch+1","Self Repair+1","Havoc+1"],"picked":"SKIP","floor":18.0},{"not_picked":["Swivel","Wild Strike","Bane"],"picked":"SKIP","floor":21.0}],"player_experience":2637551,"relics_obtained":[{"floor":9.0,"key":"Frozen Egg 2"},{"floor":10.0,"key":"Juzu Bracelet"},{"floor":13.0,"key":"Ornamental Fan"}],"event_choices":[{"damage_healed":0.0,"max_hp_gain":0.0,"max_hp_loss":0.0,"gold_gain":0.0,"event_name":"Wheel of Change","player_choice":"Damaged","floor":2.0,"gold_loss":0.0,"damage_taken":7.0},{"damage_healed":63.0,"max_hp_gain":0.0,"max_hp_loss":70.0,"gold_gain":0.0,"event_name":"betterThird:BetterShining","player_choice":"Upgrade","floor":5.0,"gold_loss":0.0,"damage_taken":14.0,"cards_upgraded":["alterego_mod:Defend","alterego_mod:Defend"]},{"damage_healed":0.0,"max_hp_gain":0.0,"max_hp_loss":0.0,"gold_gain":0.0,"event_name":"Cursed Tome","player_choice":"Ignored","floor":19.0,"gold_loss":0.0,"damage_taken":0.0},{"damage_healed":0.0,"max_hp_gain":0.0,"max_hp_loss":0.0,"gold_gain":0.0,"event_name":"WeMeetAgain","player_choice":"Paid Gold","floor":20.0,"gold_loss":85.0,"damage_taken":0.0,"relics_obtained":["Replay:PocketPolymizer"]},{"damage_healed":0,"gold_gain":0,"player_choice":"Ignored","damage_taken":0,"max_hp_gain":0,"max_hp_loss":0,"event_name":"N\u0027loth","floor":24,"gold_loss":0}],"is_beta":false,"boss_relics":[{"not_picked":["StuffTheSpire:RunicConfusion","Tiny House"],"picked":"Replay:Ancient Bell"},{"not_picked":["aspiration:ChemicalBlood","Dream Catcher"],"picked":"Bronze Scales"},{"not_picked":["Kunai","infinitespire:FocusingShard"],"picked":"Blue Candle"},{"not_picked":["Bird Faced Urn","Shovel"],"picked":"StuffTheSpire:Nightcore"}],"items_purged_floors":[],"is_endless":false,"potions_floor_spawned":[4,13,21],"killed_by":"Book of Stabbing","ascension_level":0}}