{"host":"1c52r9kaxdyo25eq","time":1610284895,"event":{"mods":["AchievementEnabler","BaseMod","Minty Spire (QoL Compilation)","Rare Cards Sparkle","SuperFastMode","everything is the same but u backflip on backflip"],"gold_per_floor":[116,128,138,138,154,154,179,201,270,270,270,195,213,247,247,323,323,341,358,10,10,26,26,26],"floor_reached":23,"playtime":519,"items_purged":["Strike_P","Defend_P"],"score":452,"play_id":"6ee087dd-cb78-4155-b754-f454e4b8d0ad","local_time":"20210110222135","is_ascension_mode":true,"campfire_choices":[{"data":"Adaptation","floor":6.0,"key":"SMITH"},{"data":"Eruption","floor":10.0,"key":"SMITH"},{"floor":15.0,"key":"REST"}],"circlet_count":0,"master_deck":["AscendersBane","Strike_P","Strike_P","Strike_P","Defend_P","Defend_P","Defend_P","Eruption+1","Vigilance","SandsOfTime","MentalFortress+1","Adaptation+1","FearNoEvil"],"relics":["PureWater","NeowsBlessing","Mango","Odd Mushroom","Art of War","Runic Pyramid","Membership Card","HornCleat"],"acts_visited":["Exordium","TheCity"],"potions_floor_usage":[16,19,19,22],"damage_taken":[{"damage":0.0,"enemies":"Cultist","floor":1.0,"turns":1.0},{"damage":0.0,"enemies":"2 Louse","floor":2.0,"turns":1.0},{"damage":2.0,"enemies":"Small Slimes","floor":3.0,"turns":2.0},{"damage":12.0,"enemies":"3 Louse","floor":5.0,"turns":2.0},{"damage":30.0,"enemies":"3 Sentries","floor":7.0,"turns":8.0},{"damage":10.0,"enemies":"The Mushroom Lair","floor":8.0,"turns":4.0},{"damage":16.0,"enemies":"Gremlin Gang","floor":13.0,"turns":5.0},{"damage":0.0,"enemies":"Lagavulin","floor":14.0,"turns":4.0},{"damage":27,"enemies":"Slime Boss","floor":16,"turns":7},{"damage":39,"enemies":"Shell Parasite","floor":18,"turns":3},{"damage":15,"enemies":"2 Thieves","floor":19,"turns":3},{"damage":1,"enemies":"Sentry and Sphere","floor":22,"turns":4},{"damage":0,"enemies":"Gremlin Leader","floor":23,"turns":1}],"seed_played":"2710375966879444914","potions_obtained":[{"floor":1.0,"key":"FearPotion"},{"floor":2.0,"key":"SteroidPotion"},{"floor":13.0,"key":"Block Potion"},{"floor":14.0,"key":"SpeedPotion"},{"floor":16,"key":"SpeedPotion"},{"floor":18,"key":"Strength Potion"},{"floor":19,"key":"Swift Potion"}],"is_trial":false,"path_per_floor":["M","M","M","?","M","R","E","?","T","R","?","$","M","E","R","B",null,"M","M","$","?","M","E"],"character_chosen":"WATCHER","items_purchased":["Membership Card","HornCleat"],"campfire_rested":1,"item_purchase_floors":[20,20],"current_hp_per_floor":[61,61,59,59,47,47,31,21,21,21,21,21,5,5,29,2,62,23,8,8,8,7,7,7],"gold":26,"neow_bonus":"THREE_ENEMY_KILL","is_daily":false,"chose_seed":false,"campfire_upgraded":2,"win_rate":0.0,"timestamp":1610284895,"path_taken":["M","?","M","?","?","R","E","?","T","R","?","$","M","E","R","BOSS","M","?","$","?","?","E"],"items_purchased_type":["Relic","Relic"],"build_version":"2020-12-22","purchased_purges":2,"victory":false,"max_hp_per_floor":[68,68,68,68,68,68,82,82,82,82,82,82,82,82,82,82,82,82,82,82,82,82,82,82],"card_choices":[{"not_picked":["EmptyFist","FlyingSleeves"],"picked":"SandsOfTime","floor":1.0},{"not_picked":["Protect","PathToVictory","EmptyFist"],"picked":"SKIP","floor":2.0},{"not_picked":["Perseverance","Weave"],"picked":"MentalFortress","floor":3.0},{"not_picked":["Protect","WaveOfTheHand"],"picked":"Adaptation","floor":5.0},{"not_picked":["Indignation","WindmillStrike"],"picked":"FearNoEvil","floor":7.0},{"not_picked":["Halt","Wireheading","WaveOfTheHand"],"picked":"SKIP","floor":13.0},{"not_picked":["Worship","ThirdEye","Judgement"],"picked":"SKIP","floor":14.0},{"not_picked":["BowlingBash","SashWhip","Perseverance"],"picked":"SKIP","floor":18},{"not_picked":["Prostrate","Evaluate","CrushJoints"],"picked":"SKIP","floor":19},{"not_picked":["Study","ClearTheMind","CarveReality"],"picked":"SKIP","floor":22}],"player_experience":571989,"relics_obtained":[{"floor":7.0,"key":"Mango"},{"floor":8.0,"key":"Odd Mushroom"},{"floor":14.0,"key":"Art of War"}],"event_choices":[{"damage_healed":0.0,"max_hp_gain":0.0,"max_hp_loss":0.0,"gold_gain":0.0,"event_name":"Match and Keep!","player_choice":"0 cards matched","floor":4.0,"gold_loss":0.0,"damage_taken":0.0,"cards_obtained":[]},{"damage_healed":0.0,"max_hp_gain":0.0,"max_hp_loss":0.0,"gold_gain":0.0,"event_name":"Mushrooms","player_choice":"Fought Mushrooms","floor":8.0,"gold_loss":0.0,"damage_taken":0.0},{"damage_healed":0.0,"max_hp_gain":0.0,"max_hp_loss":0.0,"gold_gain":0.0,"event_name":"Upgrade Shrine","player_choice":"Upgraded","floor":11.0,"gold_loss":0.0,"damage_taken":0.0,"cards_upgraded":["MentalFortress"]},{"damage_healed":0,"gold_gain":0,"player_choice":"0 cards matched","damage_taken":0,"max_hp_gain":0,"max_hp_loss":0,"event_name":"Match and Keep!","floor":21,"gold_loss":0,"cards_obtained":[]}],"is_beta":false,"boss_relics":[{"not_picked":["SlaversCollar","Runic Dome"],"picked":"Runic Pyramid"}],"items_purged_floors":[12,20],"is_endless":false,"potions_floor_spawned":[1,2,13,14,16,18,19],"killed_by":"Gremlin Leader","ascension_level":20}}