{"host":"jksa5rawk3m4gilz","time":1610276576,"event":{"mods":["BaseMod","Colored Map","Highlight Path","Minty Spire (QoL Compilation)","Quick Restart"],"gold_per_floor":[110,110,110,120,96,122,122,149,149,149,149,159,186,211,223,235,235],"floor_reached":16,"playtime":341,"items_purged":[],"score":277,"play_id":"25377a7f-2795-4735-bf85-ceff3cb436aa","local_time":"20210110120256","is_ascension_mode":true,"campfire_choices":[{"data":"Eruption","floor":7,"key":"SMITH"},{"data":"Study","floor":10,"key":"SMITH"},{"data":"WaveOfTheHand","floor":15,"key":"SMITH"}],"circlet_count":0,"master_deck":["AscendersBane","Strike_P","Strike_P","Strike_P","Defend_P","Defend_P+1","Defend_P","Defend_P","Eruption+1","Vigilance","Prostrate+1","FollowUp","Study+1","Tantrum+1","Halt","WaveOfTheHand+1","EmptyFist"],"relics":["PureWater","NeowsBlessing","TeardropLocket","Vajra","Meat on the Bone","MawBank"],"acts_visited":["Exordium"],"potions_floor_usage":[8],"damage_taken":[{"damage":0,"enemies":"Jaw Worm","floor":1,"turns":1},{"damage":0,"enemies":"2 Louse","floor":4,"turns":2},{"damage":0,"enemies":"Lagavulin","floor":6,"turns":1},{"damage":0,"enemies":"Gremlin Nob","floor":8,"turns":2},{"damage":0,"enemies":"Cultist","floor":12,"turns":2},{"damage":35,"enemies":"Lagavulin","floor":13,"turns":5},{"damage":0,"enemies":"Exordium Thugs","floor":14,"turns":4},{"damage":35,"enemies":"Slime Boss","floor":16,"turns":3}],"seed_played":"962275394974494775","potions_obtained":[{"floor":1,"key":"AttackPotion"},{"floor":14,"key":"EssenceOfSteel"}],"is_trial":false,"path_per_floor":["M","?","?","M","$","E","R","E","T","R","?","M","E","M","R","B"],"character_chosen":"WATCHER","items_purchased":["FollowUp"],"campfire_rested":0,"item_purchase_floors":[5],"current_hp_per_floor":[65,58,44,44,44,44,44,44,44,44,44,44,21,33,33,0,0],"gold":235,"neow_bonus":"THREE_ENEMY_KILL","is_daily":false,"chose_seed":false,"campfire_upgraded":3,"win_rate":0.0,"timestamp":1610276576,"path_taken":["M","?","?","M","?","E","R","E","T","R","?","M","E","M","R","BOSS"],"items_purchased_type":["Card"],"build_version":"2020-12-22","purchased_purges":0,"victory":false,"max_hp_per_floor":[72,72,72,72,72,72,72,72,72,72,72,72,72,72,72,72,72],"card_choices":[{"not_picked":["InnerPeace","PathToVictory"],"picked":"Prostrate","floor":1},{"not_picked":["PathToVictory","CrushJoints","FlurryOfBlows"],"picked":"SKIP","floor":4},{"not_picked":["CarveReality","Tantrum"],"picked":"Study","floor":6},{"not_picked":["Protect","EmptyMind"],"picked":"Tantrum","floor":8},{"not_picked":["Evaluate","BattleHymn"],"picked":"Halt","floor":12},{"not_picked":["Evaluate","Sanctity"],"picked":"WaveOfTheHand","floor":13},{"not_picked":["BowlingBash","PathToVictory"],"picked":"EmptyFist","floor":14}],"player_experience":2120886,"relics_obtained":[{"floor":6,"key":"TeardropLocket"},{"floor":8,"key":"Vajra"},{"floor":9,"key":"Meat on the Bone"},{"floor":13,"key":"MawBank"}],"event_choices":[{"cards_removed":["Strike_P"],"damage_healed":0,"gold_gain":0,"player_choice":"Card Removal","damage_taken":7,"max_hp_gain":0,"max_hp_loss":0,"event_name":"Golden Wing","floor":2,"gold_loss":0},{"damage_healed":0,"gold_gain":0,"player_choice":"Entered Light","damage_taken":14,"max_hp_gain":0,"max_hp_loss":0,"event_name":"Shining Light","floor":3,"gold_loss":0,"cards_upgraded":["Defend_P","Prostrate"]},{"damage_healed":0,"gold_gain":0,"player_choice":"Upgraded","damage_taken":0,"max_hp_gain":0,"max_hp_loss":0,"event_name":"Upgrade Shrine","floor":11,"gold_loss":0,"cards_upgraded":["Tantrum"]}],"is_beta":false,"boss_relics":[],"items_purged_floors":[],"is_endless":false,"potions_floor_spawned":[1,14],"killed_by":"Slime Boss","ascension_level":13}}