{"host":"1jyvlwrg3lqf29t2","time":1610246600,"event":{"mods":["BaseMod","Colored Powertips","Downfall","Googly Eyes","Hermit","Minty Spire (QoL Compilation)","StSLib","The Blackbeard","The Cursed","The Poker Player","TheBandit"],"gold_per_floor":[118,118,118,135,152,152,162,162,162,178,213,277,312,312,312,410,410,430,430,244,169,119,119,147,164,239,239,159,169,169,187,187,285,285,303,68,68,122,21,46,46,46,46,81,98,0,19,38,38,38],"floor_reached":51,"playtime":2610,"items_purged":["blackbeard:CannonBarrage","blackbeard:BlackbeardStrike","blackbeard:BlackbeardStrike","blackbeard:CatONineTails","blackbeard:BlackbeardDefend","blackbeard:DelayedPain"],"score":881,"play_id":"d2d8efe6-fa5c-48d6-b881-3ad40561f9bc","local_time":"20210109204320","is_ascension_mode":false,"campfire_choices":[{"data":"blackbeard:PirateEarring","floor":6,"key":"SMITH"},{"data":"blackbeard:Toast","floor":8,"key":"SMITH"},{"data":"blackbeard:PirateEarring","floor":15,"key":"SMITH"},{"data":"blackbeard:Toast","floor":23,"key":"SMITH"},{"data":"blackbeard:BeatUp","floor":27,"key":"SMITH"},{"data":"blackbeard:InfiniteBarrage","floor":30,"key":"SMITH"},{"data":"blackbeard:CloakAndCannonball","floor":32,"key":"SMITH"},{"data":"blackbeard:FinalBarrage","floor":41,"key":"SMITH"},{"data":"blackbeard:CaptainsHat","floor":49,"key":"SMITH"}],"circlet_count":0,"master_deck":["blackbeard:BlackbeardStrike","blackbeard:IntimidatingStrike","blackbeard:BlackbeardDefend","blackbeard:BlackbeardDefend","blackbeard:Toast+1","blackbeard:PirateEarring+1","blackbeard:Toast+1","blackbeard:BeatUp+1","blackbeard:PirateEarring+1","blackbeard:GoldenRain","blackbeard:CloakAndCannonball+1","blackbeard:InfiniteBarrage+1","blackbeard:FinalBarrage+1","blackbeard:CloakAndCannonball+1","blackbeard:ReapersScythe","blackbeard:Toast","blackbeard:CaptainsHat+1"],"relics":["blackbeard:LoadTheCannons","Question Card","Potion Belt","Bronze Scales","Boot","Busted Crown","Membership Card","StoneCalendar","Meat on the Bone","Empty Cage","Juzu Bracelet","Ice Cream","Anchor","blackbeard:PoorMathSkills","Guardian:PocketSentry"],"acts_visited":["Exordium","TheCity","TheBeyond"],"potions_floor_usage":[11,11,11,11,12,24,24,38,38,38,40,40,40,40,44,47,47,47,47,50,50,50,50],"damage_taken":[{"damage":0.0,"enemies":"Small Slimes","floor":1.0,"turns":3.0},{"damage":0,"enemies":"Cultist","floor":4,"turns":3},{"damage":1,"enemies":"Jaw Worm","floor":5,"turns":4},{"damage":8,"enemies":"Exordium Thugs","floor":7,"turns":6},{"damage":7,"enemies":"Blue Slaver","floor":10,"turns":5},{"damage":0,"enemies":"Gremlin Nob","floor":11,"turns":2},{"damage":8,"enemies":"Lagavulin Event","floor":12,"turns":8},{"damage":5,"enemies":"Lagavulin","floor":13,"turns":9},{"damage":2,"enemies":"Hexaghost","floor":16,"turns":10},{"damage":0,"enemies":"Spheric Guardian","floor":18,"turns":4},{"damage":6,"enemies":"Slavers","floor":24,"turns":6},{"damage":7,"enemies":"2 Thieves","floor":25,"turns":4},{"damage":5,"enemies":"Cultist and Chosen","floor":29,"turns":5},{"damage":5,"enemies":"Centurion and Healer","floor":31,"turns":5},{"damage":32,"enemies":"Automaton","floor":33,"turns":10},{"damage":23,"enemies":"Orb Walker","floor":35,"turns":5},{"damage":6,"enemies":"2 Orb Walkers","floor":38,"turns":5},{"damage":2,"enemies":"Reptomancer","floor":40,"turns":6},{"damage":0,"enemies":"Giant Head","floor":44,"turns":6},{"damage":0,"enemies":"3 Darklings","floor":45,"turns":2},{"damage":0,"enemies":"Writhing Mass","floor":47,"turns":3},{"damage":0,"enemies":"Transient","floor":48,"turns":5},{"damage":19,"enemies":"Donu and Deca","floor":50,"turns":6}],"seed_played":"5649340237083601134","potions_obtained":[{"floor":1,"key":"blackbeard:OrangeJuicePotion"},{"floor":3,"key":"FairyPotion"},{"floor":3,"key":"Dexterity Potion"},{"floor":11,"key":"blackbeard:OrangeJuicePotion"},{"floor":12,"key":"PowerPotion"},{"floor":13,"key":"BlessingOfTheForge"},{"floor":24,"key":"Block Potion"},{"floor":25,"key":"SneckoOil"},{"floor":31,"key":"Fire Potion"},{"floor":38,"key":"Guardian:BlockOnCardUsePotion"},{"floor":40,"key":"EssenceOfSteel"},{"floor":47,"key":"Ancient Potion"}],"is_trial":false,"path_per_floor":["M","$","?","M","M","R","M","R","T","M","E","?","E","?","R","B",null,"M","?","$","?","$","R","E","M","T","R","$","M","R","M","R","B",null,"M","$","?","?","$","E","R","?","T","E","M","$","M","M","R","B",null],"character_chosen":"BLACKBEARD_CLASS","items_purchased":["Membership Card","blackbeard:InfiniteBarrage","blackbeard:ReapersScythe","Juzu Bracelet","blackbeard:Toast","blackbeard:CaptainsHat"],"campfire_rested":0,"item_purchase_floors":[20,28,36,36,39,46],"current_hp_per_floor":[75,75,75,75,74,74,66,66,66,59,59,59,54,54,54,52,75,75,59,59,59,59,59,53,46,46,46,46,41,41,48,48,33,75,52,52,52,51,51,54,54,54,54,54,54,54,54,54,54,43],"gold":38,"neow_bonus":"RANDOM_COLORLESS","is_daily":false,"chose_seed":false,"campfire_upgraded":9,"win_rate":0.0,"timestamp":1610246600,"path_taken":["M","$","?","?","?","R","M","R","T","M","E","?","E","?","R","BOSS","M","?","$","?","?","R","E","M","T","R","$","M","R","?","R","BOSS","M","$","?","?","$","E","R","?","T","E","M","$","M","M","R","BOSS"],"items_purchased_type":["Relic","Card","Card","Relic","Card","Card"],"build_version":"2020-12-22","purchased_purges":6,"victory":true,"max_hp_per_floor":[75,75,75,75,75,75,75,75,75,75,75,75,75,75,75,75,75,75,75,75,75,75,75,75,75,75,75,75,75,75,75,75,75,75,75,75,75,75,75,75,75,75,75,75,75,75,75,75,75,75],"card_choices":[{"not_picked":["Purity","expansioncontent:GuardianWhirl"],"picked":"Dark Shackles","floor":0.0},{"not_picked":["blackbeard:RearmingStrike","blackbeard:DangerousBlow"],"picked":"blackbeard:Toast","floor":1},{"not_picked":["blackbeard:Dagger","blackbeard:Sword"],"picked":"blackbeard:PirateEarring","floor":4},{"not_picked":["blackbeard:BlindAttacks","blackbeard:GoldenStrike","blackbeard:Shrapnel"],"picked":"SKIP","floor":5},{"not_picked":["blackbeard:GoldenDefense","blackbeard:BlindAttacks","blackbeard:SwordDance"],"picked":"SKIP","floor":7},{"not_picked":["blackbeard:CannonballSupply","blackbeard:TacticalRetreat","blackbeard:Shrapnel","blackbeard:UndeadForm"],"picked":"SKIP","floor":10},{"not_picked":["blackbeard:FishingNets","blackbeard:GoldenCannonball","blackbeard:DoubleBottom"],"picked":"blackbeard:Toast","floor":11},{"not_picked":["blackbeard:Shrapnel","blackbeard:CloakAndCannonball","blackbeard:BlindAttacks"],"picked":"blackbeard:BeatUp","floor":12},{"not_picked":["blackbeard:FishingNets","blackbeard:Toast","blackbeard:WeaponProficiency"],"picked":"blackbeard:PirateEarring","floor":13},{"not_picked":["blackbeard:Lifeboat","blackbeard:TheDrunkenSailor","blackbeard:HumongousCannonball"],"picked":"blackbeard:GoldenRain","floor":16},{"not_picked":["blackbeard:BuriedTreasure"],"picked":"blackbeard:CatONineTails","floor":18},{"not_picked":["blackbeard:Sword"],"picked":"blackbeard:CloakAndCannonball","floor":24},{"not_picked":["blackbeard:DeadlyArsenal","blackbeard:Sword+1"],"picked":"SKIP","floor":25},{"not_picked":["blackbeard:BeatUp"],"picked":"blackbeard:RemoveScurvy","floor":29},{"not_picked":["blackbeard:FieryDefense+1","blackbeard:BlindAttacks+1"],"picked":"SKIP","floor":31},{"not_picked":["blackbeard:MegaUpgrade"],"picked":"blackbeard:FinalBarrage","floor":33},{"not_picked":["blackbeard:RearmingStrike+1"],"picked":"blackbeard:CloakAndCannonball+1","floor":35},{"not_picked":["blackbeard:Spear+1","blackbeard:Dagger+1"],"picked":"SKIP","floor":40},{"not_picked":["blackbeard:Spear","blackbeard:Recklessness"],"picked":"SKIP","floor":44},{"not_picked":["blackbeard:BeatUp","blackbeard:GoldenDefense+1"],"picked":"SKIP","floor":45},{"not_picked":["blackbeard:CannonBarrage+1","blackbeard:DeadlyArsenal"],"picked":"SKIP","floor":47},{"not_picked":["blackbeard:ArmorUp","blackbeard:Shrapnel+1"],"picked":"SKIP","floor":48}],"player_experience":410645,"relics_obtained":[{"floor":9,"key":"Question Card"},{"floor":11,"key":"Potion Belt"},{"floor":13,"key":"Boot"},{"floor":24,"key":"StoneCalendar"},{"floor":26,"key":"Meat on the Bone"},{"floor":38,"key":"Ice Cream"},{"floor":40,"key":"Anchor"},{"floor":43,"key":"blackbeard:PoorMathSkills"},{"floor":44,"key":"Guardian:PocketSentry"}],"event_choices":[{"damage_healed":0,"gold_gain":0,"player_choice":"Got Potions","damage_taken":0,"max_hp_gain":0,"max_hp_loss":0,"event_name":"Lab","floor":3,"gold_loss":0},{"damage_healed":0,"gold_gain":0,"player_choice":"Searched \u00272\u0027 times","damage_taken":0,"relics_obtained":["Bronze Scales"],"max_hp_gain":0,"max_hp_loss":0,"event_name":"Dead Adventurer","floor":12,"gold_loss":0},{"damage_healed":0,"gold_gain":0,"cards_transformed":["blackbeard:Cutlass"],"player_choice":"Transformed","damage_taken":0,"max_hp_gain":0,"max_hp_loss":0,"event_name":"Transmorgrifier","floor":14,"gold_loss":0,"cards_obtained":["blackbeard:CannonBarrage"]},{"damage_healed":0,"gold_gain":0,"player_choice":"Obtained Book","damage_taken":16,"max_hp_gain":0,"max_hp_loss":0,"event_name":"Cursed Tome","floor":19,"gold_loss":0},{"cards_removed":["Dark Shackles"],"damage_healed":0,"gold_gain":0,"player_choice":"Gave Gold","damage_taken":0,"max_hp_gain":0,"max_hp_loss":0,"event_name":"Beggar","floor":21,"gold_loss":75},{"damage_healed":0,"gold_gain":0,"player_choice":"Memory 1","damage_taken":0,"max_hp_gain":0,"max_hp_loss":0,"event_name":"SensoryStone","floor":37,"gold_loss":0},{"damage_healed":0,"gold_gain":0,"player_choice":"Fight","damage_taken":0,"max_hp_gain":0,"max_hp_loss":0,"event_name":"Mysterious Sphere","floor":38,"gold_loss":0},{"damage_healed":0,"gold_gain":0,"cards_transformed":["blackbeard:RemoveScurvy"],"player_choice":"Transformed","damage_taken":0,"max_hp_gain":0,"max_hp_loss":0,"event_name":"Transmorgrifier","floor":42,"gold_loss":0,"cards_obtained":["blackbeard:DelayedPain"]}],"is_beta":false,"boss_relics":[{"not_picked":["Velvet Choker","Calling Bell"],"picked":"Busted Crown"},{"not_picked":["Fusion Hammer","Cursed Key"],"picked":"Empty Cage"}],"items_purged_floors":[20,22,28,36,39,46],"is_endless":false,"potions_floor_spawned":[1,11,12,13,24,25,31,38,40,47],"ascension_level":0}}