{"host":"c95txy58ipbu969e","time":1610266989,"event":{"mods":["Act Like it!","Arknights The Spire","BaseMod","Minty Spire (QoL Compilation)","Quick Restart","StSLib"],"gold_per_floor":[117,117,133,133,133,165,165,15,40,66,81,81,112,42,42,146,146,129,146,159,92,92,127,127,151,176,198,213,244,270,295,295,407,434,454,474,166,180,200,200,230,259,259,275,150,162,162,188,188,188,188,188,41,82,82],"floor_reached":56,"playtime":4725,"items_purged":["ats:Strike S","ats:Sunburst+1","ats:Poison Spread+1"],"score":1183,"play_id":"459c08a0-7911-40fb-9e97-4e6ad2e3e5ef","local_time":"20210110162309","is_ascension_mode":false,"campfire_choices":[{"data":"ats:Soul Rend","floor":7.0,"key":"SMITH"},{"data":"ats:Healing Strengthening","floor":12.0,"key":"SMITH"},{"data":"ats:Counter Healing Mode","floor":15.0,"key":"SMITH"},{"data":"ats:Soul Rend","floor":24.0,"key":"SMITH"},{"data":"ats:Collapsing Strike","floor":32.0,"key":"SMITH"},{"data":"ats:Emotion Absorption","floor":40.0,"key":"SMITH"},{"data":"ats:Part Time Job","floor":47.0,"key":"SMITH"},{"floor":49.0,"key":"RECALL"},{"data":"ats:Roar Of Ursus","floor":52.0,"key":"SMITH"}],"circlet_count":0,"master_deck":["ats:Strike G","ats:Armor Crushing Shot","ats:Defend","ats:Defend","ats:Emotion Absorption+1","ats:Red Shift","Iron Wave+1","ats:Shell Defense+1","ats:Soul Rend+1","ats:Healing Strengthening+1","ats:Flexible Camouflage","ats:Counter Healing Mode+1","ats:Soul Rend+1","ats:Blood Oath","ats:Curse Doll+1","ats:Roar Of Ursus+1","ats:Demon Strength","ats:Shadow Assault","ats:Collapsing Strike+1","ats:Chain Hook+1","ats:Magnetic Hammer+1","ats:Healing Drone+1","ats:Nebulous Foxfire","ats:Support Order+1","ats:Composite Medical Shells","ats:Healing Strengthening","ats:Part Time Job+1","ats:Red Shift+1","ats:Disruption Kick"],"relics":["ats:Sanity","NeowsBlessing","ats:Originium","Bottled Lightning","Potion Belt","Happy Flower","Runic Pyramid","CeramicFish","ats:Spiritual Recovery","Sundial","Astrolabe","Vajra","Art of War","Boot","ats:Attack","Blood Vial"],"acts_visited":["Exordium","TheCity","TheBeyond","TheEnding"],"potions_floor_usage":[55,55],"damage_taken":[{"damage":0.0,"enemies":"2 Louse","floor":1.0,"turns":1.0},{"damage":0.0,"enemies":"Cultist","floor":3.0,"turns":1.0},{"damage":0.0,"enemies":"Lagavulin","floor":6.0,"turns":1.0},{"damage":3.0,"enemies":"Small Slimes","floor":11.0,"turns":3.0},{"damage":68.0,"enemies":"Gremlin Nob","floor":13.0,"turns":7.0},{"damage":104.0,"enemies":"The Guardian","floor":16.0,"turns":18.0},{"damage":33.0,"enemies":"2 Thieves","floor":18.0,"turns":5.0},{"damage":28.0,"enemies":"3 Byrds","floor":19.0,"turns":7.0},{"damage":35.0,"enemies":"Centurion and Healer","floor":20.0,"turns":9.0},{"damage":87.0,"enemies":"Slavers","floor":23.0,"turns":9.0},{"damage":34.0,"enemies":"Snecko","floor":25.0,"turns":7.0},{"damage":62.0,"enemies":"Shelled Parasite and Fungi","floor":27.0,"turns":6.0},{"damage":40.0,"enemies":"Sentry and Sphere","floor":28.0,"turns":7.0},{"damage":77.0,"enemies":"Gremlin Leader","floor":29.0,"turns":7.0},{"damage":29.0,"enemies":"Snecko","floor":30.0,"turns":5.0},{"damage":25.0,"enemies":"Snake Plant","floor":31.0,"turns":5.0},{"damage":88.0,"enemies":"Automaton","floor":33.0,"turns":8.0},{"damage":43.0,"enemies":"3 Darklings","floor":35.0,"turns":6.0},{"damage":39.0,"enemies":"3 Shapes","floor":36.0,"turns":4.0},{"damage":59.0,"enemies":"Spire Growth","floor":38.0,"turns":5.0},{"damage":50.0,"enemies":"4 Shapes","floor":39.0,"turns":3.0},{"damage":70.0,"enemies":"Reptomancer","floor":41.0,"turns":8.0},{"damage":67.0,"enemies":"Jaw Worm Horde","floor":42.0,"turns":5.0},{"damage":46.0,"enemies":"Writhing Mass","floor":44.0,"turns":5.0},{"damage":73.0,"enemies":"Transient","floor":46.0,"turns":5.0},{"damage":95.0,"enemies":"Spire Growth","floor":48.0,"turns":6.0},{"damage":104.0,"enemies":"Donu and Deca","floor":50.0,"turns":7.0},{"damage":141.0,"enemies":"Shield and Spear","floor":54.0,"turns":6.0},{"damage":253,"enemies":"The Heart","floor":55,"turns":9}],"seed_played":"-8538871965711355380","potions_obtained":[{"floor":1.0,"key":"Energy Potion"},{"floor":11.0,"key":"Fruit Juice"},{"floor":16.0,"key":"ats:Top Emergency Sanity Potion"},{"floor":20.0,"key":"Block Potion"},{"floor":23.0,"key":"SneckoOil"},{"floor":28.0,"key":"SneckoOil"},{"floor":30.0,"key":"Explosive Potion"},{"floor":33.0,"key":"EntropicBrew"},{"floor":36.0,"key":"ColorlessPotion"},{"floor":46.0,"key":"Fruit Juice"},{"floor":48.0,"key":"Energy Potion"}],"is_trial":false,"path_per_floor":["M","?","M","?","$","E","R","$","T","T","M","R","E","$","R","B",null,"M","M","M","$","?","E","R","M","T","M","M","E","M","M","R","B",null,"M","M","$","M","M","R","E","M","T","M","$","M","R","M","R","B",null,"R","$","E","B",null],"character_chosen":"DOCTOR_CLASS","items_purchased":["ats:Healing Strengthening","ats:Counter Healing Mode","ats:Demon Strength","Vajra","ats:Healing Strengthening","ats:Attack"],"campfire_rested":0,"item_purchase_floors":[8,14,21,37,37,53],"current_hp_per_floor":[72,72,72,58,58,58,58,58,58,58,72,72,51,51,51,62,72,63,72,72,72,72,77,77,77,77,75,75,31,30,48,48,77,77,77,62,62,45,34,34,77,42,42,61,61,65,65,78,78,82,82,82,82,66,80],"gold":82,"neow_bonus":"THREE_ENEMY_KILL","is_daily":false,"chose_seed":false,"campfire_upgraded":8,"win_rate":0.0,"timestamp":1610266989,"path_taken":["M","?","?","?","$","E","R","?","T","?","M","R","E","?","R","BOSS","M","M","M","$","?","E","R","M","T","M","M","E","M","M","R","BOSS","M","M","$","M","M","R","E","M","T","M","$","M","R","M","R","BOSS","R","$","E","BOSS"],"items_purchased_type":["Card","Card","Card","Relic","Card","Relic"],"build_version":"2020-12-22","purchased_purges":3,"victory":true,"max_hp_per_floor":[72,72,72,72,72,72,72,72,72,72,72,72,72,72,72,72,72,72,72,72,72,72,77,77,77,77,77,77,77,77,77,77,77,77,77,77,77,77,77,77,77,77,77,77,77,77,77,82,82,82,82,82,82,82,82],"card_choices":[{"not_picked":["ats:Hook Shot","ats:Flexible Camouflage"],"picked":"ats:Red Shift","floor":1.0},{"not_picked":["ats:Poison Spread","ats:Apocalypse"],"picked":"ats:Shell Defense","floor":3.0},{"not_picked":["ats:Ambush","ats:Apocalypse"],"picked":"ats:Soul Rend","floor":6.0},{"not_picked":["ats:Powerful Strike","ats:Hammer On","ats:Childhood Dance"],"picked":"SKIP","floor":11.0},{"not_picked":["ats:Ambush","ats:Support Order"],"picked":"ats:Flexible Camouflage","floor":13.0},{"not_picked":["ats:Wolf Pack","ats:Volcano"],"picked":"ats:Soul Rend","floor":16.0},{"not_picked":["ats:Shell Defense","ats:Revitalization"],"picked":"ats:Blood Oath","floor":18.0},{"not_picked":["ats:Cat Scratch+1","ats:Powerful Strike"],"picked":"ats:Curse Doll+1","floor":19.0},{"not_picked":["ats:Consecutive Shot Auto","ats:Revitalization+1"],"picked":"ats:Roar Of Ursus","floor":20.0},{"not_picked":["ats:Mental Burst","ats:Soul Absorption+1"],"picked":"ats:Shadow Assault","floor":23.0},{"not_picked":["ats:Thorns","ats:Flexible Camouflage+1"],"picked":"ats:Collapsing Strike","floor":25.0},{"not_picked":["ats:Curse Doll","ats:Ignite"],"picked":"ats:Chain Hook+1","floor":27.0},{"not_picked":["ats:Magnetic Hammer","ats:Assault Order+1","ats:Powerful Strike"],"picked":"SKIP","floor":28.0},{"not_picked":["ats:Assault Order","ats:Ignite","ats:Childhood Dance"],"picked":"SKIP","floor":29.0},{"not_picked":["ats:Powerful Strike","ats:Encircling Forest+1"],"picked":"ats:Magnetic Hammer+1","floor":30.0},{"not_picked":["ats:Demon Strength","ats:Ignite"],"picked":"ats:Healing Drone+1","floor":31.0},{"not_picked":["ats:Volcano","ats:Wolf Pack"],"picked":"ats:Nebulous Foxfire","floor":33.0},{"not_picked":["ats:Leaping Hammer","ats:Poison Spread"],"picked":"ats:Composite Medical Shells","floor":35.0},{"not_picked":["ats:Ignite","ats:Leaping Hammer","ats:Shell Defense+1"],"picked":"SKIP","floor":36.0},{"not_picked":["ats:Shadow Raid+1","ats:Closed Bolt Burst Fire+1","ats:Thorns"],"picked":"SKIP","floor":38.0},{"not_picked":["ats:Leaping Hammer+1","ats:Blood Oath+1","ats:Beaten Up+1"],"picked":"SKIP","floor":39.0},{"not_picked":["ats:Apocalypse","ats:Assault Order","ats:Ignite+1"],"picked":"SKIP","floor":41.0},{"not_picked":["ats:Spore Proliferation","ats:Curse Doll+1"],"picked":"ats:Part Time Job","floor":42.0},{"not_picked":["ats:Consecutive Shot Auto","ats:Curse Doll+1","ats:Overload+1"],"picked":"SKIP","floor":44.0},{"not_picked":["ats:Explosion Area Strengthen","ats:Flexible Camouflage","ats:Automatic Cover"],"picked":"SKIP","floor":46.0},{"not_picked":["ats:Explosion Area Strengthen+1","ats:Encircling Forest"],"picked":"ats:Red Shift+1","floor":48.0},{"not_picked":["ats:Sunburst","ats:Apocalypse+1"],"picked":"ats:Disruption Kick","floor":54.0}],"player_experience":260287,"relics_obtained":[{"floor":6.0,"key":"ats:Originium"},{"floor":6.0,"key":"Bottled Lightning"},{"floor":9.0,"key":"Potion Belt"},{"floor":13.0,"key":"ats:Originium"},{"floor":13.0,"key":"Happy Flower"},{"floor":23.0,"key":"ats:Originium"},{"floor":23.0,"key":"CeramicFish"},{"floor":26.0,"key":"ats:Spiritual Recovery"},{"floor":29.0,"key":"Sundial"},{"floor":41.0,"key":"Art of War"},{"floor":43.0,"key":"Boot"},{"floor":54.0,"key":"Blood Vial"}],"event_choices":[{"cards_removed":["ats:Strike V"],"damage_healed":0.0,"max_hp_gain":0.0,"max_hp_loss":0.0,"gold_gain":0.0,"event_name":"NoteForYourself","player_choice":"Took Card","floor":2.0,"gold_loss":0.0,"damage_taken":0.0,"cards_obtained":["Iron Wave"]},{"damage_healed":0.0,"max_hp_gain":0.0,"max_hp_loss":0.0,"gold_gain":0.0,"event_name":"Shining Light","player_choice":"Entered Light","floor":4.0,"gold_loss":0.0,"damage_taken":14.0,"cards_upgraded":["ats:Shell Defense","Iron Wave"]},{"damage_healed":0.0,"max_hp_gain":0.0,"max_hp_loss":0.0,"gold_gain":0.0,"event_name":"Ghosts","player_choice":"Ignored","floor":22.0,"gold_loss":0.0,"damage_taken":0.0}],"is_beta":false,"boss_relics":[{"not_picked":["Tiny House","ats:Sanity Plus"],"picked":"Runic Pyramid"},{"not_picked":["Velvet Choker","SacredBark"],"picked":"Astrolabe"}],"items_purged_floors":[8,37,45],"is_endless":false,"potions_floor_spawned":[1,11,16,20,23,28,30,33,36,41,46,48],"ascension_level":0}}