{"host":"m5bsg12zcyqnofur","time":1610303068,"event":{"mods":["BaseMod","BetterRewards","Colored Powertips","Downfall","Highlight Path","Minty Spire (QoL Compilation)","Quick Restart","Replay The Spire","Shop Mod","StSLib"],"gold_per_floor":[112,112,129,147,163,193,204,232,232,232,232,265,265,275,275,275,275],"floor_reached":16,"playtime":1790,"items_purged":["Strike_G","Strike_G","Replay:UnknownCurse"],"score":255,"play_id":"a6d54b0b-cadf-40af-ab9f-85301e713032","local_time":"20210110122428","is_ascension_mode":true,"campfire_choices":[{"floor":13,"key":"REST"},{"data":"Strike_G","floor":15,"key":"PURGE"}],"circlet_count":0,"master_deck":["Strike_G","Strike_G","Defend_G","Defend_G","Defend_G","Defend_G","Defend_G","Survivor","Neutralize","ReplayTheSpireMod:Scrap Shanks","Prepared","Dagger Throw","Accuracy","ReplayTheSpireMod:Shiv Toss","Calculated Gamble","Calculated Gamble","Endless Agony","Quick Slash","Acrobatics","Slice","After Image","Backflip","Burst","Concentrate+1","Acrobatics+1","Escape Plan"],"relics":["Ring of the Snake","TungstenRod","ReplayTheSpireMod:CursedCoin","Ornamental Fan","Gremlin Food","Thread and Needle","Onion Ring"],"acts_visited":["Exordium"],"potions_floor_usage":[6,12,12],"damage_taken":[{"damage":11,"enemies":"Small Slimes","floor":1,"turns":3},{"damage":0,"enemies":"2 Louse","floor":3,"turns":3},{"damage":0,"enemies":"Cultist","floor":4,"turns":2},{"damage":5,"enemies":"Exordium Wildlife","floor":5,"turns":3},{"damage":8,"enemies":"Lagavulin","floor":6,"turns":5},{"damage":2,"enemies":"Blue Slaver","floor":7,"turns":4},{"damage":0,"enemies":"Gremlin Nob","floor":8,"turns":3},{"damage":0,"enemies":"Lagavulin","floor":12,"turns":5},{"damage":1,"enemies":"Looter","floor":14,"turns":3},{"damage":33,"enemies":"Fading Forest","floor":16,"turns":10}],"seed_played":"2766767532964548429","potions_obtained":[{"floor":4,"key":"Slimebound:ThreeZeroPotion"},{"floor":5,"key":"champ:CounterPotion"},{"floor":6,"key":"FearPotion"},{"floor":8,"key":"ColorlessPotion"}],"is_trial":false,"path_per_floor":["M","$","M","M","M","E","M","E","T","?","?","E","R","M","R","B"],"character_chosen":"THE_SILENT","items_purchased":["ReplayTheSpireMod:Scrap Shanks","Prepared","TungstenRod","Dagger Throw","Accuracy","ReplayTheSpireMod:CursedCoin","ReplayTheSpireMod:Scrap Shanks","ReplayTheSpireMod:Shiv Toss","Calculated Gamble","Endless Agony","Quick Slash"],"campfire_rested":1,"item_purchase_floors":[0,0,0,0,0,0,0,0,0,0,0],"current_hp_per_floor":[17,17,17,17,12,4,2,2,2,2,2,2,23,22,22,0,0],"gold":275,"neow_bonus":"","is_daily":false,"chose_seed":false,"campfire_upgraded":0,"win_rate":0.0,"timestamp":1610303068,"path_taken":["M","$","M","M","M","E","M","E","T","?","?","E","R","M","R","BOSS"],"items_purchased_type":["Card","Card","Relic","Card","Card","Relic","Card","Card","Card","Card","Card"],"build_version":"2020-12-22","purchased_purges":3,"victory":false,"max_hp_per_floor":[70,70,70,70,70,70,70,70,70,70,70,70,70,70,70,70,70],"card_choices":[{"not_picked":["Setup","Poisoned Stab"],"picked":"Acrobatics","floor":1},{"not_picked":["Cloak And Dagger","Quick Slash"],"picked":"Slice","floor":3},{"not_picked":["Footwork","PiercingWail","Calculated Gamble"],"picked":"SKIP","floor":4},{"not_picked":["Bane","Underhanded Strike","Dagger Throw"],"picked":"SKIP","floor":5},{"not_picked":["PiercingWail","Bane"],"picked":"After Image","floor":6},{"not_picked":["Masterful Stab","Prepared"],"picked":"Backflip","floor":7},{"not_picked":["Backflip","Masterful Stab"],"picked":"Burst","floor":8},{"not_picked":["Masterful Stab","Bane"],"picked":"Acrobatics","floor":12},{"not_picked":["Concentrate","Toxin Wave"],"picked":"Escape Plan","floor":14}],"player_experience":141365,"relics_obtained":[{"floor":6,"key":"Ornamental Fan"},{"floor":8,"key":"Gremlin Food"},{"floor":9,"key":"Thread and Needle"},{"floor":12,"key":"Onion Ring"}],"event_choices":[{"damage_healed":0,"gold_gain":0,"player_choice":"Ignored","damage_taken":0,"max_hp_gain":0,"max_hp_loss":0,"event_name":"Golden Wing","floor":10,"gold_loss":0}],"is_beta":false,"boss_relics":[],"items_purged_floors":[0,0,0],"is_endless":false,"potions_floor_spawned":[4,5,6,8],"killed_by":"Fading Forest","ascension_level":3}}