{"host":"9v3x998ddbx8o276","time":1610273214,"event":{"mods":["AchievementEnabler","BaseMod","Colored Map","Colored Powertips","Highlight Path","Minty Spire (QoL Compilation)","Quick Restart","Rare Cards Sparkle"],"gold_per_floor":[112,128,143,68,68,68,101,401,455,25,25,0,0,29,29,106,106,118,118,118,133,133,160,160,173,173,173,205,205,234,269,269,348,348,364,6,31,76,76,76,101,101,101,132,32,43,43,60,60,60,60,60,60,7,39,39],"floor_reached":57,"playtime":3089,"items_purged":["Strike_G","Clumsy"],"score":2926,"play_id":"1c2e8a11-c266-471e-8323-3b8ba491031e","local_time":"20210110203654","is_ascension_mode":true,"campfire_choices":[{"data":"Predator","floor":6.0,"key":"SMITH"},{"floor":11.0,"key":"REST"},{"floor":15.0,"key":"REST"},{"floor":24.0,"key":"REST"},{"floor":27.0,"key":"REST"},{"floor":29.0,"key":"REST"},{"floor":32.0,"key":"REST"},{"floor":40.0,"key":"REST"},{"floor":42.0,"key":"RECALL"},{"floor":49.0,"key":"REST"},{"floor":53.0,"key":"REST"}],"circlet_count":0,"master_deck":["AscendersBane","Strike_G+1","Strike_G","Strike_G","Defend_G","Defend_G","Defend_G","Defend_G+1","Defend_G","Survivor","Neutralize+1","Dagger Spray","Predator+1","Dagger Throw","PiercingWail","Blade Dance","Apotheosis+1","Dash","After Image","Riddle With Holes","Ghostly","Ghostly","Ghostly","Tactician+1","Backflip","Calculated Gamble","Noxious Fumes+1","Burst","Catalyst+1","Well Laid Plans+1","Blur","Leg Sweep","Noxious Fumes+1"],"relics":["Ring of the Snake","Potion Belt","Toy Ornithopter","Oddly Smooth Stone","Old Coin","Whetstone","TwistedFunnel","WingedGreaves","Fusion Hammer","Enchiridion","Boot","Meat on the Bone","Frozen Egg 2","War Paint","Singing Bowl","Mercury Hourglass","Cursed Key","Strawberry","Calipers","Turnip","Bag of Preparation","Molten Egg 2","Bag of Marbles","Centennial Puzzle"],"acts_visited":["Exordium","TheCity","TheBeyond","TheEnding"],"potions_floor_usage":[56],"damage_taken":[{"damage":1.0,"enemies":"Cultist","floor":1.0,"turns":5.0},{"damage":0.0,"enemies":"2 Louse","floor":2.0,"turns":2.0},{"damage":0.0,"enemies":"Small Slimes","floor":3.0,"turns":3.0},{"damage":33.0,"enemies":"Lagavulin","floor":7.0,"turns":7.0},{"damage":16.0,"enemies":"3 Sentries","floor":14.0,"turns":8.0},{"damage":28.0,"enemies":"Slime Boss","floor":16.0,"turns":10.0},{"damage":0.0,"enemies":"Chosen","floor":18.0,"turns":5.0},{"damage":0.0,"enemies":"3 Byrds","floor":21.0,"turns":4.0},{"damage":7.0,"enemies":"Slavers","floor":23.0,"turns":7.0},{"damage":22.0,"enemies":"Cultist and Chosen","floor":25.0,"turns":7.0},{"damage":0.0,"enemies":"Gremlin Leader","floor":28.0,"turns":8.0},{"damage":0.0,"enemies":"Slavers","floor":30.0,"turns":6.0},{"damage":9.0,"enemies":"Book of Stabbing","floor":31.0,"turns":6.0},{"damage":3.0,"enemies":"Automaton","floor":33.0,"turns":11.0},{"damage":0.0,"enemies":"3 Shapes","floor":35.0,"turns":4.0},{"damage":0.0,"enemies":"Mind Bloom Boss Battle","floor":37.0,"turns":7.0},{"damage":11.0,"enemies":"2 Orb Walkers","floor":38.0,"turns":6.0},{"damage":0.0,"enemies":"Nemesis","floor":41.0,"turns":7.0},{"damage":16.0,"enemies":"Giant Head","floor":44.0,"turns":9.0},{"damage":0.0,"enemies":"Orb Walker","floor":46.0,"turns":3.0},{"damage":2.0,"enemies":"Writhing Mass","floor":48.0,"turns":6.0},{"damage":18.0,"enemies":"Awakened One","floor":50.0,"turns":21.0},{"damage":22.0,"enemies":"Donu and Deca","floor":51.0,"turns":10.0},{"damage":17.0,"enemies":"Shield and Spear","floor":55.0,"turns":8.0},{"damage":30,"enemies":"The Heart","floor":56,"turns":13}],"seed_played":"751319553526567707","potions_obtained":[{"floor":7.0,"key":"Regen Potion"},{"floor":25.0,"key":"GamblersBrew"},{"floor":30.0,"key":"SpeedPotion"},{"floor":31.0,"key":"DistilledChaos"},{"floor":38.0,"key":"SkillPotion"},{"floor":44.0,"key":"SkillPotion"},{"floor":46.0,"key":"AttackPotion"},{"floor":55.0,"key":"Regen Potion"}],"is_trial":false,"path_per_floor":["M","M","M","?","?","R","E","?","T","$","R","?","$","E","R","B",null,"M","?","?","M","T","E","R","M","T","R","E","R","E","E","R","B",null,"M","$","?","?","$","R","E","R","T","E","$","M","?","M","R","B","B",null,"R","$","E","B",null],"character_chosen":"THE_SILENT","items_purchased":["TwistedFunnel","Blade Dance","Apotheosis","Strawberry","Well Laid Plans+1","Blur","Energy Potion"],"campfire_rested":9,"item_purchase_floors":[10,10,10,36,36,36,54],"current_hp_per_floor":[58,58,58,58,47,47,14,14,14,14,33,33,33,37,56,28,57,57,36,33,33,33,26,33,23,23,32,32,33,35,26,35,32,34,34,41,41,32,32,44,44,44,44,30,30,32,32,32,47,34,24,44,50,50,45,35],"gold":39,"neow_bonus":"RANDOM_COMMON_RELIC","is_daily":false,"chose_seed":false,"campfire_upgraded":1,"win_rate":0.0,"timestamp":1610273214,"path_taken":["M","?","M","?","?","R","E","?","T","$","R","?","?","E","R","BOSS","M","?","?","M","?","E","R","?","T","R","E","R","E","E","R","BOSS","M","$","?","?","?","R","E","R","T","E","$","?","?","M","R","BOSS","BOSS","R","$","E","BOSS"],"items_purchased_type":["Relic","Card","Card","Relic","Card","Card","Potion"],"build_version":"2020-12-22","purchased_purges":2,"victory":true,"max_hp_per_floor":[66,66,66,66,66,66,66,66,66,66,66,66,66,66,66,66,66,66,66,33,33,33,33,33,33,33,33,33,33,35,35,35,35,35,35,42,42,44,44,44,44,44,44,46,46,48,48,50,50,50,50,50,50,50,52,52],"card_choices":[{"not_picked":["Backflip","Prepared"],"picked":"Dagger Spray","floor":1.0},{"not_picked":["Deflect","Prepared"],"picked":"Predator","floor":2.0},{"not_picked":["Tactician","Cloak And Dagger"],"picked":"Dagger Throw","floor":3.0},{"not_picked":["Dodge and Roll","Bullet Time"],"picked":"PiercingWail","floor":7.0},{"not_picked":["Prepared","Tactician"],"picked":"Dash","floor":14.0},{"not_picked":["Glass Knife","A Thousand Cuts"],"picked":"After Image","floor":16.0},{"not_picked":["Dagger Throw","Dagger Spray"],"picked":"Riddle With Holes","floor":18.0},{"not_picked":["Masterful Stab","Backstab","All Out Attack"],"picked":"SKIP","floor":21.0},{"not_picked":["Flying Knee","Slice"],"picked":"Tactician+1","floor":23.0},{"not_picked":["Heel Hook","Dash"],"picked":"Backflip","floor":25.0},{"not_picked":["Deadly Poison","Poisoned Stab"],"picked":"Calculated Gamble","floor":28.0},{"not_picked":["Poisoned Stab","Tactician","Underhanded Strike"],"picked":"Singing Bowl","floor":30.0},{"not_picked":["Sucker Punch","Flying Knee+1"],"picked":"Noxious Fumes+1","floor":31.0},{"not_picked":["Adrenaline","Doppelganger"],"picked":"Burst","floor":33.0},{"not_picked":["Blade Dance","All Out Attack"],"picked":"Catalyst+1","floor":35.0},{"not_picked":["Bane","Deflect"],"picked":"Leg Sweep","floor":37.0},{"not_picked":["Dagger Throw","Underhanded Strike","Slice"],"picked":"Singing Bowl","floor":38.0},{"not_picked":["Caltrops+1","Accuracy+1"],"picked":"Noxious Fumes+1","floor":41.0},{"not_picked":["Outmaneuver","Leg Sweep","Quick Slash+1"],"picked":"Singing Bowl","floor":44.0},{"not_picked":["Eviscerate+1","Caltrops+1","Bane+1"],"picked":"Singing Bowl","floor":46.0},{"not_picked":["Deadly Poison","Dodge and Roll+1","Underhanded Strike+1"],"picked":"Singing Bowl","floor":48.0},{"not_picked":["Dagger Throw+1","Prepared","Crippling Poison"],"picked":"Singing Bowl","floor":55.0}],"player_experience":1639954,"relics_obtained":[{"floor":7.0,"key":"Oddly Smooth Stone"},{"floor":9.0,"key":"Whetstone"},{"floor":14.0,"key":"WingedGreaves"},{"floor":19.0,"key":"Enchiridion"},{"floor":22.0,"key":"Boot"},{"floor":23.0,"key":"Meat on the Bone"},{"floor":26.0,"key":"Frozen Egg 2"},{"floor":28.0,"key":"War Paint"},{"floor":30.0,"key":"Singing Bowl"},{"floor":31.0,"key":"Mercury Hourglass"},{"floor":37.0,"key":"Calipers"},{"floor":38.0,"key":"Turnip"},{"floor":41.0,"key":"Bag of Preparation"},{"floor":44.0,"key":"Molten Egg 2"},{"floor":55.0,"key":"Centennial Puzzle"}],"event_choices":[{"cards_removed":["Strike_G"],"damage_healed":0.0,"max_hp_gain":0.0,"max_hp_loss":0.0,"gold_gain":0.0,"event_name":"The Cleric","player_choice":"Card Removal","floor":4.0,"gold_loss":75.0,"damage_taken":0.0},{"damage_healed":0.0,"max_hp_gain":0.0,"max_hp_loss":0.0,"gold_gain":0.0,"event_name":"Scrap Ooze","player_choice":"Success","floor":5.0,"gold_loss":0.0,"damage_taken":11.0,"relics_obtained":["Toy Ornithopter"]},{"damage_healed":0.0,"max_hp_gain":0.0,"max_hp_loss":0.0,"gold_gain":0.0,"event_name":"Dead Adventurer","player_choice":"Searched \u00271\u0027 times","floor":8.0,"gold_loss":0.0,"damage_taken":0.0,"relics_obtained":["Old Coin"]},{"damage_healed":0.0,"max_hp_gain":0.0,"max_hp_loss":0.0,"gold_gain":0.0,"event_name":"World of Goop","player_choice":"Left Gold","floor":12.0,"gold_loss":25.0,"damage_taken":0.0},{"damage_healed":0.0,"max_hp_gain":0.0,"max_hp_loss":0.0,"gold_gain":0.0,"event_name":"Cursed Tome","player_choice":"Obtained Book","floor":19.0,"gold_loss":0.0,"damage_taken":21.0},{"damage_healed":0.0,"max_hp_gain":0.0,"max_hp_loss":33.0,"gold_gain":0.0,"event_name":"Ghosts","player_choice":"Became a Ghost","floor":20.0,"gold_loss":0.0,"damage_taken":0.0,"cards_obtained":["Ghostly","Ghostly","Ghostly"]},{"damage_healed":0.0,"max_hp_gain":0.0,"max_hp_loss":0.0,"gold_gain":0.0,"event_name":"MindBloom","player_choice":"Fight","floor":37.0,"gold_loss":0.0,"damage_taken":0.0},{"damage_healed":0.0,"max_hp_gain":0.0,"max_hp_loss":0.0,"gold_gain":0.0,"event_name":"Mysterious Sphere","player_choice":"Fight","floor":38.0,"gold_loss":0.0,"damage_taken":0.0},{"damage_healed":0.0,"max_hp_gain":0.0,"max_hp_loss":0.0,"gold_gain":0.0,"event_name":"WeMeetAgain","player_choice":"Gave Potion","floor":47.0,"gold_loss":0.0,"damage_taken":0.0,"relics_obtained":["Bag of Marbles"]}],"is_beta":false,"boss_relics":[{"not_picked":["Ring of the Serpent","Black Star"],"picked":"Fusion Hammer"},{"not_picked":["Philosopher\u0027s Stone","SacredBark"],"picked":"Cursed Key"}],"items_purged_floors":[36,45],"is_endless":false,"potions_floor_spawned":[7,25,30,31,38,44,46,55],"ascension_level":20}}