{"host":"q1ejl7hv5l3527la","time":1610268825,"event":{"mods":["Aspiration","Bard","BaseMod","Better Third Choice","Colored Powertips","Downfall","Energized Spire","Hermit","Highlight Path","Hubris","Infinite Spire","Minty Spire (QoL Compilation)","Replay The Spire","Shop Mod","StSLib","The Bladedancer","The Cursed","The Juggle","The Jungle","The Runesmith"],"gold_per_floor":[115,10,110,8,8,43,43,60,114,114,36,66,81,93,93,223,223,239,239,260,260,283,327,327,139,139,187,251,251,271,295,295,424,487,501,526,540,540,555,555,586,486,537,568,631,656,137,137,137],"floor_reached":51,"playtime":3585,"items_purged":["Injury","Crystallizer+1"],"score":1012,"play_id":"aef7d2e6-d222-41a4-9895-598c2e3469e4","local_time":"20210110025345","is_ascension_mode":false,"campfire_choices":[{"floor":7.0,"key":"REST"},{"data":"Beam Cell","floor":10.0,"key":"SMITH"},{"data":"infinitespire:Punishment","floor":32.0,"key":"SMITH"},{"data":"Scrape","floor":40,"key":"SMITH"},{"data":"infinitespire:Menacing","floor":49,"key":"SMITH"}],"circlet_count":0,"master_deck":["Strike_B","Strike_B","Strike_B","Strike_B","Defend_B","Defend_B","Defend_B","Defend_B","Zap+1","Dualcast","FTL","Static Discharge+1","Beam Cell+1","Beam Cell","Go for the Eyes","Coolheaded+1","Skim+1","Gash","Rebound","Rebound","Steam","Gash","Fission","Conserve Battery+1","Sweeping Beam","infinitespire:Punishment+1","infinitespire:Menacing+1","Steam+1","Ball Lightning","Flash of Steel","Conserve Battery","Beam Cell","Gash","Rebound+1","ReplayGash+1","Go for the Eyes","BootSequence","ReplayTheSpireMod:Reroute Power","Beam Cell+1","Ball Lightning+1","Scrape+1","Hologram+1","White Noise","Gash+1","Conserve Battery","Redo+1","Hologram+1","Leap","Compile Driver"],"relics":["Cracked Core","Calipers","hubris:OldNail","Replay:Ringing Soul","Golden Idol","hubris:ScarierMask","hubris:BottledHeart","infinitespire:Golems Mask","Centennial Puzzle","ReplayTheSpireMod:Ring of Challenge","hubris:Teleporter","Tiny House","Prayer Wheel","hubris:Towel","Whetstone","War Paint","Sundial","Ice Cream","infinitespire:Freezer","infinitespire:SolderingIron"],"acts_visited":["Exordium","TheCity","TheBeyond"],"potions_floor_usage":[50,50],"damage_taken":[{"damage":1.0,"enemies":"Cultist","floor":1.0,"turns":3.0},{"damage":28.0,"enemies":"Gremlin Nob","floor":6.0,"turns":4.0},{"damage":0.0,"enemies":"2 Louse","floor":8.0,"turns":2.0},{"damage":19.0,"enemies":"Lagavulin","floor":12.0,"turns":4.0},{"damage":6.0,"enemies":"Jaw Worm","floor":13.0,"turns":2.0},{"damage":19.0,"enemies":"Lots of Slimes","floor":14.0,"turns":3.0},{"damage":32.0,"enemies":"The Guardian","floor":16.0,"turns":8.0},{"damage":19.0,"enemies":"3 Byrds","floor":18.0,"turns":4.0},{"damage":0.0,"enemies":"Shell Parasite","floor":20.0,"turns":5.0},{"damage":0.0,"enemies":"Cultist and Chosen","floor":22.0,"turns":2.0},{"damage":0.0,"enemies":"Gremlin Leader","floor":23.0,"turns":5.0},{"damage":0.0,"enemies":"Chosen and Byrds","floor":27.0,"turns":4.0},{"damage":0.0,"enemies":"Sentry and Sphere","floor":28.0,"turns":4.0},{"damage":0.0,"enemies":"Snake Plant","floor":30.0,"turns":2.0},{"damage":0.0,"enemies":"Cultist and Chosen","floor":31.0,"turns":3.0},{"damage":0.0,"enemies":"Champ","floor":33.0,"turns":5.0},{"damage":0,"enemies":"Orb Walker","floor":35,"turns":5},{"damage":0,"enemies":"3 Darklings","floor":36,"turns":4},{"damage":0,"enemies":"Spire Growth","floor":37,"turns":5},{"damage":0,"enemies":"Jaw Worm Horde","floor":39,"turns":6},{"damage":0,"enemies":"Nightmare","floor":41,"turns":2},{"damage":0,"enemies":"Nemesis","floor":44,"turns":3},{"damage":0,"enemies":"Mind Bloom Boss Battle","floor":45,"turns":4},{"damage":0,"enemies":"Writhing Mass","floor":46,"turns":1},{"damage":0,"enemies":"infinitespire:MassOfShapes","floor":50,"turns":6}],"seed_played":"3755235268637699225","potions_obtained":[{"floor":13.0,"key":"ColorlessPotion"},{"floor":14.0,"key":"Swift Potion"},{"floor":18.0,"key":"BlessingOfTheForge"},{"floor":28.0,"key":"Venom Potion"},{"floor":30.0,"key":"Strength Potion"},{"floor":31.0,"key":"Reflective Coating"},{"floor":34,"key":"Strength Potion"},{"floor":36,"key":"sneckomod:MuddlingPotion"},{"floor":39,"key":"Elixir"},{"floor":44,"key":"FearPotion"}],"is_trial":false,"path_per_floor":["M","$","?","$","?","E","R","M","T","R","$","E","M","M","R","B",null,"M","?","M","AVR","M","E","?","$","T","M","M","?","M","M","R","B",null,"M","M","M","?","M","R","NM","NS","T","E","?","M","$","R","B",null],"character_chosen":"DEFECT","items_purchased":["Static Discharge","Beam Cell","Go for the Eyes","Self Repair+1","Gash","Rebound","Flash of Steel","Conserve Battery","Beam Cell","infinitespire:Freezer","Compile Driver","infinitespire:SolderingIron"],"campfire_rested":1,"item_purchase_floors":[2,2,4,4,11,11,25,25,25,48,48,48],"current_hp_per_floor":[74,74,74,74,74,56,75,75,75,75,75,69,66,60,63,34,90,74,1,1,1,1,1,1,1,1,1,1,1,1,1,1,1,1,1,1,1,1,1,1,1,1,1,1,1,1,1,1,1],"gold":137,"neow_bonus":"RANDOM_EVENT","is_daily":false,"chose_seed":false,"campfire_upgraded":4,"win_rate":0.0,"timestamp":1610268825,"path_taken":["M","$","?","?","?","E","R","M","T","R","$","E","?","M","R","BOSS","M","?","M","AVR","M","E","?","$","T","M","M","?","M","M","R","BOSS","M","M","M","?","M","R","NM","NS","T","E","?","M","$","R","BOSS"],"items_purchased_type":["Card","Card","Card","Card","Card","Card","Card","Card","Card","Relic","Card","Relic"],"build_version":"2020-12-22","purchased_purges":2,"victory":true,"max_hp_per_floor":[75,75,75,75,75,75,75,75,75,75,75,78,81,84,87,90,90,93,1,1,1,1,1,1,1,1,1,1,1,1,1,1,1,1,1,1,1,1,1,1,1,1,1,1,1,1,1,1,1],"card_choices":[{"not_picked":["Steam","BootSequence"],"picked":"FTL","floor":1.0},{"not_picked":["ReplaySort","ReplayTheSpireMod:System Scan"],"picked":"Coolheaded","floor":6.0},{"not_picked":["Coolheaded","Glacier"],"picked":"Skim","floor":8.0},{"not_picked":["Tempest","Compile Driver"],"picked":"Rebound","floor":12.0},{"not_picked":["Compile Driver","BasicCrystalCard"],"picked":"Steam","floor":13.0},{"not_picked":["Panic Button","Redo"],"picked":"Gash","floor":14.0},{"not_picked":["hubris:DoWhile","Rainbow"],"picked":"Fission","floor":16.0},{"not_picked":["Sweeping Beam","Gash"],"picked":"Conserve Battery","floor":18.0},{"not_picked":["Steam","Storm+1"],"picked":"Sweeping Beam","floor":20.0},{"not_picked":["Reinforced Body","Crystallizer+1"],"picked":"Steam+1","floor":22.0},{"not_picked":["Darkness","hubris:SpecializedCircuitry"],"picked":"Ball Lightning","floor":23.0},{"not_picked":["Steam+1","Conserve Battery+1"],"picked":"Gash","floor":27.0},{"not_picked":["Steam+1","Compile Driver"],"picked":"Rebound+1","floor":28.0},{"not_picked":["Amplify","Redo"],"picked":"ReplayGash+1","floor":30.0},{"not_picked":["Conserve Battery","Compile Driver"],"picked":"Go for the Eyes","floor":31.0},{"not_picked":["Buffer","Mirror Shield"],"picked":"ReplayTheSpireMod:Fabricate Wheel","floor":33.0},{"not_picked":["Panic Button","Barrage+1"],"picked":"BootSequence","floor":34},{"not_picked":["Crystallizer","Reprogram+1"],"picked":"ReplayTheSpireMod:Reroute Power","floor":35},{"not_picked":["Tempest","Fusion"],"picked":"Beam Cell","floor":35},{"not_picked":["Static Discharge","Redo"],"picked":"Ball Lightning+1","floor":36},{"not_picked":["FTL","Cold Snap+1"],"picked":"Scrape","floor":36},{"not_picked":["aspiration:Polymerization","Heatsinks"],"picked":"Hologram+1","floor":37},{"not_picked":["Cold Snap","Compile Driver"],"picked":"White Noise","floor":37},{"not_picked":["Beam Cell+1","Ball Lightning"],"picked":"Gash+1","floor":39},{"not_picked":["Multi-Cast","BasicCrystalCard"],"picked":"Lockon","floor":39},{"not_picked":["Leap","hubris:DoWhile"],"picked":"Conserve Battery","floor":41},{"not_picked":["Compile Driver","ReplaySolidLightProjector+1"],"picked":"Redo+1","floor":44},{"not_picked":["Rip and Tear","Beam Cell"],"picked":"Hologram+1","floor":45},{"not_picked":["Barrage+1","Steam"],"picked":"Leap","floor":46},{"not_picked":["ReplayTheSpireMod:GoodbyeWorld+1","Leap"],"picked":"Crystallizer+1","floor":46}],"player_experience":100256,"relics_obtained":[{"floor":6.0,"key":"Calipers"},{"floor":9.0,"key":"hubris:OldNail"},{"floor":12.0,"key":"Replay:Ringing Soul"},{"floor":23.0,"key":"Centennial Puzzle"},{"floor":24.0,"key":"ReplayTheSpireMod:Ring of Challenge"},{"floor":26.0,"key":"hubris:Teleporter"},{"floor":41,"key":"Whetstone"},{"floor":43,"key":"War Paint"},{"floor":44,"key":"Sundial"},{"floor":45,"key":"Ice Cream"}],"event_choices":[{"damage_healed":0.0,"max_hp_gain":0.0,"max_hp_loss":0.0,"gold_gain":0.0,"event_name":"Living Wall","player_choice":"Grow","floor":0.0,"gold_loss":0.0,"damage_taken":0.0,"cards_upgraded":["Zap"]},{"damage_healed":0.0,"max_hp_gain":0.0,"max_hp_loss":0.0,"gold_gain":100.0,"event_name":"Golden Shrine","player_choice":"Pray","floor":3.0,"gold_loss":0.0,"damage_taken":0.0},{"damage_healed":0.0,"max_hp_gain":0.0,"max_hp_loss":0.0,"gold_gain":0.0,"event_name":"Accursed Blacksmith","player_choice":"Forge","floor":5.0,"gold_loss":0.0,"damage_taken":0.0,"cards_upgraded":["Static Discharge"]},{"damage_healed":0.0,"max_hp_gain":0.0,"max_hp_loss":0.0,"gold_gain":0.0,"event_name":"Golden Idol","player_choice":"Take Wound","floor":15.0,"gold_loss":0.0,"damage_taken":0.0,"relics_obtained":["Golden Idol"],"cards_obtained":["Injury"]},{"damage_healed":0,"gold_gain":0,"player_choice":"Fight","damage_taken":0,"max_hp_gain":0,"max_hp_loss":0,"event_name":"MindBloom","floor":45,"gold_loss":0}],"is_beta":false,"boss_relics":[{"not_picked":["Philosopher\u0027s Stone","Replay:Bronze Core"],"picked":"hubris:ScarierMask"},{"not_picked":["aspiration:Stellarator","aspiration:BardSkillbook"],"picked":"Tiny House"}],"items_purged_floors":[21,48],"is_endless":false,"potions_floor_spawned":[13,14,18,28,30,31,36,39,44],"ascension_level":0}}