{"host":"j8nwej2guqy0wdfh","time":1610286801,"event":{"mods":["Act Like it!","BaseMod","Friendly Minions","Gensokyo","Kiyohime（清姬）","Luminous","Minty Spire (QoL Compilation)","RumiaBox-露米娅的神秘盒子","Shop Mod","StSLib","The Administrix","WarShipGirlsR/战舰少女R mod","Yuyuko","vexMod","【遗物卡牌】REMEMod"],"gold_per_floor":[121,133,133,133,143,143,68,95,107,132,144,189,201,213,225,335,347,375,387,412,440,471,513,542,581,593,623,648,675,687,799,811,926,938,964,986,620,639,639,639,639,659,659,98,98,98,98,112,112,112],"floor_reached":51,"playtime":3427,"items_purged":["Decay","AdministrixMod:Strike_Administrix"],"score":889,"play_id":"1e6d0367-d919-4bfe-9df5-2b52f6753df3","local_time":"20210110215321","is_ascension_mode":false,"campfire_choices":[{"data":"AdministrixMod:LightOfYourLife","floor":6,"key":"SMITH"},{"data":"AdministrixMod:NoblePath","floor":11,"key":"SMITH"},{"data":"AdministrixMod:Wuji","floor":15,"key":"SMITH"},{"floor":30,"key":"REST"},{"data":"Gensokyo:UnlikelyAid","floor":32,"key":"SMITH"},{"data":"AdministrixMod:ShadowPlay","floor":40,"key":"SMITH"},{"data":"AdministrixMod:SyncreticPlunge","floor":45,"key":"SMITH"},{"data":"AdministrixMod:Convergence","floor":49,"key":"SMITH"}],"circlet_count":0,"master_deck":["AdministrixMod:Strike_Administrix","AdministrixMod:Strike_Administrix","AdministrixMod:RedCloak","AdministrixMod:Defend_Administrix","AdministrixMod:Defend_Administrix","AdministrixMod:BlueCloak","Secret Weapon","AdministrixMod:LightOfYourLife+1","AdministrixMod:NoblePath+1","AdministrixMod:DiversionaryTactic","Gensokyo:UnlikelyAid+1","AdministrixMod:TrickOfTheLight","AdministrixMod:Wuji+1","AdministrixMod:ChooseYourEnd","AdministrixMod:HaveItAll","AdministrixMod:SyncreticPlunge+1","AdministrixMod:BegetEternity+1","AdministrixMod:BishamonBlessing","AdministrixMod:ImmortalGrace","AdministrixMod:BloodlessSapphire","AdministrixMod:RebukeDesires","AdministrixMod:GuanyinBlessing","AdministrixMod:FaithfulFlames","AdministrixMod:CenturiesAscent","AdministrixMod:DreamsMausoleum","AdministrixMod:ShadowPlay+1","AdministrixMod:ImmortalClarity","Writhe","AdministrixMod:Convergence+1","REME_FirmDetermination","AdministrixMod:XianArts+1"],"relics":["AdministrixMod:ConductorRitualBaton","REME_ComplimentaryCards","Ornamental Fan","MawBank","vexMod:RetaliationKit","PlanX","SlaversCollar","HornCleat","vexMod:BarristanHead","Mummified Hand","Philosopher\u0027s Stone","Lantern","Dream Catcher","AdministrixMod:AbandonedRose","Ice Cream"],"acts_visited":["Exordium","TheCity","TheBeyond"],"potions_floor_usage":[22,33,33],"damage_taken":[{"damage":0,"enemies":"2 Louse","floor":1,"turns":3},{"damage":0,"enemies":"Small Slimes","floor":2,"turns":4},{"damage":0,"enemies":"Jaw Worm","floor":5,"turns":4},{"damage":0,"enemies":"Red Slaver","floor":10,"turns":3},{"damage":11,"enemies":"Gremlin Nob","floor":12,"turns":4},{"damage":32,"enemies":"The Guardian","floor":16,"turns":9},{"damage":1,"enemies":"Shell Parasite","floor":18,"turns":4},{"damage":0,"enemies":"Spheric Guardian","floor":20,"turns":4},{"damage":0,"enemies":"Chosen and Byrds","floor":21,"turns":4},{"damage":23,"enemies":"Snake Plant","floor":22,"turns":4},{"damage":9,"enemies":"Gremlin Leader","floor":23,"turns":7},{"damage":8,"enemies":"Centurion and Healer","floor":24,"turns":5},{"damage":0,"enemies":"REME_1_Revenger","floor":25,"turns":3},{"damage":12,"enemies":"Cultist and Chosen","floor":27,"turns":7},{"damage":0,"enemies":"Shelled Parasite and Fungi","floor":28,"turns":6},{"damage":0,"enemies":"Snecko","floor":29,"turns":4},{"damage":0,"enemies":"Collector","floor":33,"turns":7},{"damage":11,"enemies":"Orb Walker","floor":35,"turns":5},{"damage":16,"enemies":"3 Shapes","floor":36,"turns":3},{"damage":20,"enemies":"Sphere and 2 Shapes","floor":38,"turns":6},{"damage":0,"enemies":"3 Darklings","floor":42,"turns":3},{"damage":4,"enemies":"Spire Growth","floor":48,"turns":4},{"damage":24,"enemies":"Donu and Deca","floor":50,"turns":8}],"seed_played":"-1520838013138949745","potions_obtained":[{"floor":5,"key":"Explosive Potion"},{"floor":10,"key":"Swift Potion"},{"floor":21,"key":"AttackPotion"},{"floor":23,"key":"Dexterity Potion"},{"floor":29,"key":"LiquidBronze"},{"floor":38,"key":"SteroidPotion"},{"floor":48,"key":"Fire Potion"}],"is_trial":false,"path_per_floor":["M","M","?","?","M","R","$","T","T","M","R","E","?","?","R","B",null,"M","$","M","M","M","E","M","E","T","M","M","M","R","?","R","B",null,"M","M","$","M","?","R","?","M","T","$","R","?","$","M","R","B",null],"character_chosen":"TheAdministrix","items_purchased":["AdministrixMod:DreamsMausoleum","AdministrixMod:ShadowPlay","Lantern","AdministrixMod:AbandonedRose","Ice Cream"],"campfire_rested":1,"item_purchase_floors":[37,37,37,44,44],"current_hp_per_floor":[65,65,70,67,67,67,67,67,67,67,67,56,56,56,56,24,70,69,69,69,69,46,37,29,29,29,17,17,17,38,38,38,38,70,59,43,43,27,45,45,45,45,45,45,45,45,45,41,41,21],"gold":112,"neow_bonus":"RANDOM_COLORLESS_2","is_daily":false,"chose_seed":false,"campfire_upgraded":7,"win_rate":0.0,"timestamp":1610286801,"path_taken":["M","M","?","?","?","R","$","?","T","M","R","E","?","?","R","BOSS","M","$","M","?","?","E","M","E","T","M","M","M","R","?","R","BOSS","M","?","?","M","?","R","?","M","T","$","R","?","$","?","R","BOSS"],"items_purchased_type":["Card","Card","Relic","Relic","Relic"],"build_version":"2020-12-22","purchased_purges":2,"victory":true,"max_hp_per_floor":[65,65,70,70,70,70,70,70,70,70,70,70,70,70,70,70,70,70,70,70,70,70,70,70,70,70,70,70,70,70,70,70,70,70,70,70,70,70,70,70,70,70,70,70,70,70,70,70,70,70],"card_choices":[{"not_picked":["REME_BuildACard","Metamorphosis"],"picked":"Secret Weapon","floor":0},{"not_picked":["AdministrixMod:Overdrive","AdministrixMod:SealAway"],"picked":"AdministrixMod:LightOfYourLife","floor":1},{"not_picked":["AdministrixMod:TouchOfCinnabar","AdministrixMod:CastOffRegrets"],"picked":"AdministrixMod:NoblePath","floor":2},{"not_picked":["AdministrixMod:SealAway","AdministrixMod:CastOffRegrets"],"picked":"AdministrixMod:DiversionaryTactic","floor":5},{"not_picked":["AdministrixMod:RebukeDesires","AdministrixMod:Transition"],"picked":"AdministrixMod:TrickOfTheLight","floor":10},{"not_picked":["AdministrixMod:ExtolVirtue","AdministrixMod:XianArts"],"picked":"AdministrixMod:Wuji","floor":12},{"not_picked":["AdministrixMod:CosmosControl","AdministrixMod:GirlsDoItBetter"],"picked":"AdministrixMod:HaveItAll","floor":16},{"not_picked":["AdministrixMod:RebukeDesires","AdministrixMod:FuneraryRites"],"picked":"AdministrixMod:SyncreticPlunge","floor":18},{"not_picked":["AdministrixMod:Katabasis+1","AdministrixMod:ExtolVirtue"],"picked":"AdministrixMod:BegetEternity+1","floor":20},{"not_picked":["AdministrixMod:SipOfSparks","AdministrixMod:CastOffRegrets","AdministrixMod:TouchOfCinnabar"],"picked":"SKIP","floor":21},{"not_picked":["AdministrixMod:SipOfSparks","AdministrixMod:LightOfYourLife+1","AdministrixMod:FiendishCrimson"],"picked":"SKIP","floor":22},{"not_picked":["AdministrixMod:FearOfDeath","AdministrixMod:ImmortalPurity"],"picked":"AdministrixMod:BishamonBlessing","floor":23},{"not_picked":["AdministrixMod:Wuji","AdministrixMod:DiversionaryTactic","AdministrixMod:UnstableVigor"],"picked":"SKIP","floor":24},{"not_picked":["AdministrixMod:ExtolVirtue","AdministrixMod:Overdrive"],"picked":"AdministrixMod:ImmortalGrace","floor":25},{"not_picked":["AdministrixMod:NoblePath","AdministrixMod:LightOfYourLife"],"picked":"AdministrixMod:BloodlessSapphire","floor":27},{"not_picked":["AdministrixMod:Wuji+1","AdministrixMod:NoblePath"],"picked":"AdministrixMod:RebukeDesires","floor":28},{"not_picked":["AdministrixMod:Overdrive","AdministrixMod:Transition+1"],"picked":"AdministrixMod:GuanyinBlessing","floor":29},{"not_picked":["AdministrixMod:WifeLightning","AdministrixMod:HaveItAll"],"picked":"AdministrixMod:FaithfulFlames","floor":33},{"not_picked":["AdministrixMod:Transition+1","AdministrixMod:JustRewards+1"],"picked":"AdministrixMod:CenturiesAscent","floor":35},{"not_picked":["AdministrixMod:FiendishCrimson","AdministrixMod:LightOfYourLife+1","AdministrixMod:DiversionaryTactic+1"],"picked":"SKIP","floor":36},{"not_picked":["AdministrixMod:ShadowPlay+1","AdministrixMod:LightOfYourLife+1"],"picked":"AdministrixMod:ImmortalClarity","floor":38},{"not_picked":["AdministrixMod:SipOfSparks+1","AdministrixMod:TouchOfCinnabar+1"],"picked":"AdministrixMod:Convergence","floor":42},{"not_picked":["REME_EyeOfCthun","Trip"],"picked":"REME_FirmDetermination","floor":46},{"not_picked":["AdministrixMod:TouchOfCinnabar","AdministrixMod:TrickOfTheLight"],"picked":"AdministrixMod:XianArts+1","floor":48}],"player_experience":134869,"relics_obtained":[{"floor":8,"key":"MawBank"},{"floor":9,"key":"vexMod:RetaliationKit"},{"floor":12,"key":"PlanX"},{"floor":23,"key":"HornCleat"},{"floor":25,"key":"vexMod:BarristanHead"},{"floor":26,"key":"Mummified Hand"},{"floor":43,"key":"Dream Catcher"}],"event_choices":[{"damage_healed":0,"gold_gain":0,"player_choice":"Donut","damage_taken":0,"max_hp_gain":5,"max_hp_loss":0,"event_name":"Big Fish","floor":3,"gold_loss":0},{"damage_healed":0,"gold_gain":0,"player_choice":"Success","damage_taken":3,"relics_obtained":["Ornamental Fan"],"max_hp_gain":0,"max_hp_loss":0,"event_name":"Scrap Ooze","floor":4,"gold_loss":0},{"cards_removed":["AdministrixMod:Strike_Administrix"],"damage_healed":0,"gold_gain":0,"player_choice":"Forget","damage_taken":0,"max_hp_gain":0,"max_hp_loss":0,"event_name":"Living Wall","floor":13,"gold_loss":0},{"damage_healed":0,"gold_gain":0,"cards_transformed":["AdministrixMod:Defend_Administrix"],"player_choice":"Transformed","damage_taken":0,"max_hp_gain":0,"max_hp_loss":0,"event_name":"Transmorgrifier","floor":14,"gold_loss":0,"cards_obtained":["AdministrixMod:ChooseYourEnd"]},{"damage_healed":0,"gold_gain":100,"player_choice":"Pray","damage_taken":0,"max_hp_gain":0,"max_hp_loss":0,"event_name":"Golden Shrine","floor":31,"gold_loss":0},{"damage_healed":18,"gold_gain":0,"player_choice":"Writhe","damage_taken":0,"max_hp_gain":0,"max_hp_loss":0,"event_name":"Winding Halls","floor":39,"gold_loss":0,"cards_obtained":["Writhe"]},{"cards_removed":["AdministrixMod:Defend_Administrix"],"damage_healed":0,"gold_gain":0,"player_choice":"Removed Skill","damage_taken":0,"max_hp_gain":0,"max_hp_loss":0,"event_name":"Falling","floor":41,"gold_loss":0},{"damage_healed":0,"gold_gain":0,"player_choice":"Memory 1","damage_taken":0,"max_hp_gain":0,"max_hp_loss":0,"event_name":"SensoryStone","floor":46,"gold_loss":0}],"is_beta":false,"boss_relics":[{"not_picked":["vexMod:DeviousBotling","Fusion Hammer"],"picked":"SlaversCollar"},{"not_picked":["REME_ChargedStone","Snecko Eye"],"picked":"Philosopher\u0027s Stone"}],"items_purged_floors":[7,37],"is_endless":false,"potions_floor_spawned":[5,10,21,23,24,27,29,38,48],"ascension_level":0}}