{"host":"dwppbb1tkuy5qbmv","time":1610267600,"event":{"mods":["BaseMod","BetterRewards","Minty Spire (QoL Compilation)","Shop Mod"],"gold_per_floor":[109,34,34,58,40,84,109,132,167,179,203,231,243,6,6,103,103,117,141,141,151,151,151,178,198,198,209,226,151,83,83,83,186,186,204,25,25,0,16,42,42,58,134,153,153,153,53,53,53,53],"floor_reached":51,"playtime":4085,"items_purged":["Strike_G","Strike_G+1"],"score":745,"play_id":"05c1fa8a-e975-47bf-ad65-cd92fe79ae22","local_time":"20210110163320","is_ascension_mode":false,"campfire_choices":[{"floor":10,"key":"REST"},{"floor":15,"key":"REST"},{"floor":23,"key":"REST"},{"floor":32,"key":"REST"},{"floor":49,"key":"REST"}],"circlet_count":0,"master_deck":["Strike_G+1","Strike_G+1","Strike_G+1","Defend_G+1","Defend_G+1","Defend_G+1","Defend_G+1","Survivor+1","Neutralize+1","Blade Dance+1","Prepared+1","Dash+1","Quick Slash+1","Escape Plan+1","Slice+1","Expertise+1","Accuracy+1","Adrenaline+1","Quick Slash+1","Calculated Gamble+1","Acrobatics+1","Tools of the Trade+1","Corpse Explosion+1","Distraction+1","Prepared+1","Noxious Fumes+1","Cloak And Dagger+1","Tactician+1","Prepared+1"],"relics":["Fusion Hammer","Centennial Puzzle","Juzu Bracelet","MerchantsRug","Strange Spoon","WristBlade","MealTicket","Gambling Chip","Dream Catcher","TheAbacus","MutagenicStrength","Philosopher\u0027s Stone","Lantern","Red Mask","Vajra","Question Card","Mark of the Bloom"],"acts_visited":["Exordium","TheCity","TheBeyond"],"potions_floor_usage":[14],"damage_taken":[{"damage":0,"enemies":"2 Louse","floor":1,"turns":4},{"damage":0,"enemies":"Cultist","floor":4,"turns":4},{"damage":31,"enemies":"Lagavulin","floor":6,"turns":9},{"damage":0,"enemies":"Small Slimes","floor":7,"turns":4},{"damage":0,"enemies":"Red Slaver","floor":8,"turns":4},{"damage":1,"enemies":"Exordium Wildlife","floor":11,"turns":3},{"damage":10,"enemies":"Gremlin Gang","floor":12,"turns":4},{"damage":39,"enemies":"The Guardian","floor":16,"turns":11},{"damage":0,"enemies":"Chosen","floor":18,"turns":3},{"damage":0,"enemies":"Shell Parasite","floor":21,"turns":4},{"damage":16,"enemies":"Slavers","floor":24,"turns":5},{"damage":5,"enemies":"Snecko","floor":25,"turns":3},{"damage":12,"enemies":"Centurion and Healer","floor":27,"turns":3},{"damage":4,"enemies":"Cultist and Chosen","floor":28,"turns":5},{"damage":45,"enemies":"Collector","floor":33,"turns":9},{"damage":7,"enemies":"3 Shapes","floor":35,"turns":2},{"damage":8,"enemies":"3 Darklings","floor":39,"turns":2},{"damage":24,"enemies":"Reptomancer","floor":40,"turns":4},{"damage":10,"enemies":"Writhing Mass","floor":42,"turns":4},{"damage":17,"enemies":"4 Shapes","floor":44,"turns":3},{"damage":0,"enemies":"Donu and Deca","floor":50,"turns":1}],"seed_played":"-6117291057049063856","potions_obtained":[{"floor":1,"key":"GhostInAJar"},{"floor":5,"key":"SkillPotion"},{"floor":5,"key":"EntropicBrew"},{"floor":6,"key":"BlessingOfTheForge"},{"floor":7,"key":"Regen Potion"},{"floor":11,"key":"SmokeBomb"},{"floor":21,"key":"GamblersBrew"},{"floor":27,"key":"Dexterity Potion"},{"floor":33,"key":"FearPotion"},{"floor":39,"key":"SteroidPotion"},{"floor":42,"key":"DistilledChaos"}],"is_trial":false,"path_per_floor":["M","$","?","M","?","E","M","M","T","R","M","M","?","$","R","B",null,"M","T","?","M","?","R","E","M","T","M","M","?","$","?","R","B",null,"M","$","?","?","M","E","$","M","T","M","?","?","$","$","R","B",null],"character_chosen":"THE_SILENT","items_purchased":["MerchantsRug","Accuracy","Strange Spoon","TheAbacus","Lantern","Distraction"],"campfire_rested":5,"item_purchase_floors":[14,14,14,30,36,36],"current_hp_per_floor":[70,70,58,58,58,27,27,27,27,48,47,37,37,37,58,19,70,70,70,70,70,70,70,54,49,49,37,33,33,48,48,69,24,70,63,70,70,70,62,38,53,43,43,26,26,26,26,26,26,26],"gold":53,"neow_bonus":"BOSS_RELIC","is_daily":false,"chose_seed":false,"campfire_upgraded":0,"win_rate":0.0,"timestamp":1610267600,"path_taken":["M","$","?","M","?","E","?","M","T","R","M","M","?","$","R","BOSS","M","?","?","M","?","R","E","M","T","M","M","?","$","?","R","BOSS","M","$","?","?","M","E","$","M","T","M","?","?","?","$","R","BOSS"],"items_purchased_type":["Relic","Card","Relic","Relic","Relic","Card"],"build_version":"2020-12-22","purchased_purges":2,"victory":true,"max_hp_per_floor":[70,70,70,70,70,70,70,70,70,70,70,70,70,70,70,70,70,70,70,70,70,70,70,70,70,70,70,70,70,70,70,70,70,70,70,70,70,70,70,70,70,70,70,70,70,70,70,70,70,70],"card_choices":[{"not_picked":["Skewer","Deflect"],"picked":"Blade Dance","floor":1},{"not_picked":["Backstab","PiercingWail"],"picked":"Prepared","floor":4},{"not_picked":["All Out Attack","Masterful Stab"],"picked":"Dash","floor":6},{"not_picked":["Bane","Masterful Stab"],"picked":"Quick Slash","floor":7},{"not_picked":["Caltrops","Deadly Poison"],"picked":"Escape Plan","floor":8},{"not_picked":["All Out Attack","Skewer"],"picked":"Slice","floor":11},{"not_picked":["Crippling Poison","Choke"],"picked":"Expertise","floor":12},{"not_picked":["Burst","Die Die Die"],"picked":"Adrenaline","floor":16},{"not_picked":["Dagger Spray","Bane"],"picked":"Quick Slash","floor":18},{"not_picked":["Dagger Spray","Prepared"],"picked":"Calculated Gamble","floor":21},{"not_picked":["Prepared","Crippling Poison"],"picked":"Acrobatics","floor":24},{"not_picked":["Dagger Spray","Slice","Sucker Punch"],"picked":"SKIP","floor":25},{"not_picked":["Quick Slash","Leg Sweep"],"picked":"Tools of the Trade","floor":27},{"not_picked":["Catalyst","Quick Slash+1","All Out Attack"],"picked":"SKIP","floor":28},{"not_picked":["Slice","Dagger Throw"],"picked":"Eviscerate","floor":32},{"not_picked":["Venomology","Wraith Form v2"],"picked":"Corpse Explosion","floor":33},{"not_picked":["Deadly Poison","Skewer","Choke"],"picked":"SKIP","floor":35},{"not_picked":["Dagger Spray+1","Masterful Stab"],"picked":"Noxious Fumes+1","floor":39},{"not_picked":["Deadly Poison","Quick Slash","Poisoned Stab+1"],"picked":"SKIP","floor":40},{"not_picked":["Sucker Punch+1","Underhanded Strike+1"],"picked":"Cloak And Dagger+1","floor":42},{"not_picked":["Acrobatics+1","Bane+1","Dagger Spray"],"picked":"Tactician+1","floor":44},{"not_picked":["Acrobatics+1","Deadly Poison+1","Dagger Spray"],"picked":"Prepared+1","floor":49}],"player_experience":74755,"relics_obtained":[{"floor":6,"key":"Centennial Puzzle"},{"floor":9,"key":"Juzu Bracelet"},{"floor":19,"key":"MealTicket"},{"floor":24,"key":"Gambling Chip"},{"floor":26,"key":"Dream Catcher"},{"floor":40,"key":"Vajra"},{"floor":43,"key":"Question Card"}],"event_choices":[{"damage_healed":0,"gold_gain":0,"player_choice":"Success","damage_taken":12,"relics_obtained":["MawBank"],"max_hp_gain":0,"max_hp_loss":0,"event_name":"Scrap Ooze","floor":3,"gold_loss":0},{"damage_healed":0,"gold_gain":0,"player_choice":"Bought 2 Potions","damage_taken":0,"max_hp_gain":0,"max_hp_loss":0,"event_name":"The Woman in Blue","floor":5,"gold_loss":0},{"damage_healed":0,"gold_gain":0,"player_choice":"Upgraded","damage_taken":0,"max_hp_gain":0,"max_hp_loss":0,"event_name":"Upgrade Shrine","floor":13,"gold_loss":0,"cards_upgraded":["Prepared"]},{"damage_healed":0,"gold_gain":0,"player_choice":"Ignored","damage_taken":0,"max_hp_gain":0,"max_hp_loss":0,"event_name":"Vampires","floor":20,"gold_loss":0},{"damage_healed":0,"gold_gain":0,"player_choice":"Full Heal","damage_taken":0,"max_hp_gain":0,"max_hp_loss":0,"event_name":"Wheel of Change","floor":22,"gold_loss":0},{"cards_removed":["Defend_G"],"damage_healed":0,"gold_gain":0,"player_choice":"Gave Gold","damage_taken":0,"max_hp_gain":0,"max_hp_loss":0,"event_name":"Beggar","floor":29,"gold_loss":75},{"damage_healed":0,"gold_gain":0,"player_choice":"Inject Mutagens","damage_taken":0,"relics_obtained":["MutagenicStrength"],"max_hp_gain":0,"max_hp_loss":0,"event_name":"Drug Dealer","floor":31,"gold_loss":0},{"damage_healed":0,"gold_gain":0,"player_choice":"Copied","damage_taken":0,"max_hp_gain":0,"max_hp_loss":0,"event_name":"Duplicator","floor":37,"gold_loss":0,"cards_obtained":["Prepared"]},{"damage_healed":0,"gold_gain":0,"player_choice":"Paid","damage_taken":0,"relics_obtained":["Red Mask"],"max_hp_gain":0,"max_hp_loss":0,"event_name":"Tomb of Lord Red Mask","floor":38,"gold_loss":25},{"damage_healed":0,"gold_gain":0,"player_choice":"Upgrade","damage_taken":0,"relics_obtained":["Mark of the Bloom"],"max_hp_gain":0,"max_hp_loss":0,"event_name":"MindBloom","floor":45,"gold_loss":0,"cards_upgraded":["Strike_G","Strike_G","Strike_G","Strike_G","Defend_G","Defend_G","Defend_G","Defend_G","Survivor","Neutralize","Blade Dance","Dash","Quick Slash","Escape Plan","Slice","Expertise","Accuracy","Adrenaline","Quick Slash","Calculated Gamble","Acrobatics","Tools of the Trade","Eviscerate","Corpse Explosion","Distraction"]},{"cards_removed":["Eviscerate"],"damage_healed":0,"gold_gain":0,"player_choice":"Removed Attack","damage_taken":0,"max_hp_gain":0,"max_hp_loss":0,"event_name":"Falling","floor":46,"gold_loss":0}],"is_beta":false,"boss_relics":[{"not_picked":["SacredBark","Runic Dome"],"picked":"WristBlade"},{"not_picked":["Snecko Eye","Sozu"],"picked":"Philosopher\u0027s Stone"}],"items_purged_floors":[2,47],"is_endless":false,"potions_floor_spawned":[1,6,7,11,21,27,33,39,42],"ascension_level":0}}