{"host":"rjbqai8ni6dsiu37","time":1610240977,"event":{"mods":["BaseMod","Minty Spire (QoL Compilation)","StSLib","The Hierophant","WarShipGirlsR/??á´Ò³R mod"],"gold_per_floor":[115,115,132,132,147,147,178,191,191,191,208,219,246,22,22,117,117,133,145,145,158,3,3,22,22,49,64,64,81,81,100,100,198,198,212,224,274,199,219,219,45,45,45,45,58,58,84,95,95,95],"floor_reached":51,"playtime":3554,"items_purged":["rmod:shuttlebombing+1","rmod:circuitoustactics+1"],"score":1001,"play_id":"717e1fb5-d8f8-4159-8771-2264f1fb1f35","local_time":"20210110100937","is_ascension_mode":true,"campfire_choices":[{"data":"rmod:wasp","floor":6.0,"key":"SMITH"},{"data":"rmod:royalracing","floor":10.0,"key":"SMITH"},{"data":"rmod:circuitoustactics","floor":15.0,"key":"SMITH"},{"data":"rmod:abidefaith","floor":23.0,"key":"SMITH"},{"floor":25.0,"key":"REST"},{"data":"rmod:smokecover","floor":32.0,"key":"SMITH"},{"data":"rmod:openingtorpedo","floor":40.0,"key":"SMITH"},{"data":"rmod:advancebysurprise","floor":42.0,"key":"SMITH"},{"data":"rmod:mineteam","floor":44.0,"key":"SMITH"},{"data":"rmod:robin","floor":49,"key":"SMITH"}],"circlet_count":0,"master_deck":["rmod:strick+1","rmod:strick+1","rmod:strick+1","rmod:strick+1","rmod:defend+1","rmod:defend+1","rmod:defend+1","rmod:defend+1","rmod:basicallowance+1","rmod:maingunfire","rmod:intelligenceanalysis","rmod:wasp+1","rmod:royalracing+1","rmod:mineteam+1","rmod:abidefaith+1","rmod:advancebysurprise+1","rmod:smokecover+1","rmod:openingtorpedo+1","rmod:aluminumsupply+1","Parasite","rmod:robin+1","rmod:highspeedmaneuver"],"relics":["rmod:firstchargereward","Art of War","Centennial Puzzle","Mango","Gremlin Horn","Strawberry","Omamori","Calling Bell","War Paint","Letter Opener","Torii","CultistMask","Orrery","Anchor","Cursed Key","Bird Faced Urn","Molten Egg 2","Bottled Lightning"],"acts_visited":["Exordium","TheCity","TheBeyond"],"potions_floor_usage":[50,50],"damage_taken":[{"damage":2.0,"enemies":"Jaw Worm","floor":1.0,"turns":4.0},{"damage":6.0,"enemies":"Cultist","floor":3.0,"turns":3.0},{"damage":0.0,"enemies":"2 Louse","floor":5.0,"turns":2.0},{"damage":35.0,"enemies":"Lagavulin","floor":7.0,"turns":5.0},{"damage":0.0,"enemies":"2 Fungi Beasts","floor":8.0,"turns":3.0},{"damage":0.0,"enemies":"3 Louse","floor":11.0,"turns":2.0},{"damage":18.0,"enemies":"Large Slime","floor":12.0,"turns":3.0},{"damage":14.0,"enemies":"Hexaghost","floor":16.0,"turns":7.0},{"damage":9.0,"enemies":"2 Thieves","floor":18.0,"turns":3.0},{"damage":14.0,"enemies":"Shell Parasite","floor":19.0,"turns":3.0},{"damage":0.0,"enemies":"Cultist and Chosen","floor":21.0,"turns":4.0},{"damage":26.0,"enemies":"3 Cultists","floor":24.0,"turns":5.0},{"damage":0.0,"enemies":"Chosen and Byrds","floor":27.0,"turns":4.0},{"damage":0.0,"enemies":"Shelled Parasite and Fungi","floor":29.0,"turns":5.0},{"damage":9.0,"enemies":"Snecko","floor":31.0,"turns":5.0},{"damage":12.0,"enemies":"Collector","floor":33.0,"turns":5.0},{"damage":9.0,"enemies":"3 Darklings","floor":35.0,"turns":4.0},{"damage":1.0,"enemies":"Orb Walker","floor":36.0,"turns":3.0},{"damage":0.0,"enemies":"Mind Bloom Boss Battle","floor":37.0,"turns":6.0},{"damage":10.0,"enemies":"3 Darklings","floor":39.0,"turns":3.0},{"damage":0,"enemies":"Writhing Mass","floor":45,"turns":6},{"damage":0,"enemies":"Giant Head","floor":47,"turns":6},{"damage":0,"enemies":"Transient","floor":48,"turns":5},{"damage":15,"enemies":"Awakened One","floor":50,"turns":7}],"seed_played":"1961732410551581578","potions_obtained":[{"floor":5.0,"key":"ColorlessPotion"},{"floor":11.0,"key":"SteroidPotion"},{"floor":12.0,"key":"Block Potion"},{"floor":18.0,"key":"DistilledChaos"},{"floor":29.0,"key":"Strength Potion"},{"floor":31.0,"key":"Fire Potion"},{"floor":36.0,"key":"Regen Potion"},{"floor":39.0,"key":"Strength Potion"},{"floor":48,"key":"Regen Potion"}],"is_trial":false,"path_per_floor":["M","?","M","?","M","R","E","M","T","R","M","M","T","$","R","B",null,"M","M","?","M","$","R","M","R","T","M","?","M","?","M","R","B",null,"M","M","?","$","M","R","$","R","T","R","M","?","E","M","R","B",null],"character_chosen":"PRAEFECT","items_purchased":["rmod:mineteam","Omamori","Orrery","Regen Potion"],"campfire_rested":1,"item_purchase_floors":[14,14,22,41],"current_hp_per_floor":[73,61,55,55,55,55,34,34,34,34,34,16,23,23,23,9,74,65,51,51,51,51,51,25,53,53,53,53,53,53,44,44,32,80,71,70,85,85,81,81,81,81,81,81,87,87,93,96,96,96],"gold":95,"neow_bonus":"RANDOM_COMMON_RELIC","is_daily":false,"chose_seed":false,"campfire_upgraded":9,"win_rate":0.0,"timestamp":1610240977,"path_taken":["M","?","M","?","M","R","E","M","T","R","?","M","?","$","R","BOSS","M","M","?","M","$","R","?","R","T","M","?","M","?","M","R","BOSS","M","M","?","$","M","R","$","R","T","R","M","?","E","M","R","BOSS"],"items_purchased_type":["Card","Relic","Relic","Potion"],"build_version":"2020-12-22","purchased_purges":2,"victory":true,"max_hp_per_floor":[75,75,75,75,75,75,89,89,89,89,89,89,96,96,96,96,96,96,96,96,96,96,96,96,96,96,96,96,96,96,96,96,96,96,96,96,96,96,96,96,96,96,96,96,96,96,96,96,96,96],"card_choices":[{"not_picked":["rmod:firesupport","rmod:spoils","rmod:diamondstrike"],"picked":"SKIP","floor":1.0},{"not_picked":["rmod:aluminumsupply","rmod:unsinkable"],"picked":"rmod:intelligenceanalysis","floor":3.0},{"not_picked":["rmod:steelsupply","rmod:desperatesituation"],"picked":"rmod:wasp","floor":5.0},{"not_picked":["rmod:steelsupply","rmod:slowdown"],"picked":"rmod:royalracing","floor":7.0},{"not_picked":["rmod:ring","rmod:overbreakdown","rmod:slowdown"],"picked":"SKIP","floor":8.0},{"not_picked":["rmod:steelsupply","rmod:intelligenceanalysis","rmod:ammunitionsupply"],"picked":"SKIP","floor":11.0},{"not_picked":["rmod:punchline","rmod:ammunitionsupply"],"picked":"rmod:circuitoustactics","floor":12.0},{"not_picked":["rmod:lastglory","rmod:stealaluminum"],"picked":"rmod:abidefaith","floor":16.0},{"not_picked":["rmod:fletcherpendant","rmod:luckystar+1"],"picked":"rmod:advancebysurprise","floor":18.0},{"not_picked":["rmod:luckystar","rmod:diamondstrike","rmod:expedition"],"picked":"SKIP","floor":19.0},{"not_picked":["rmod:launchingtorpedo+1","rmod:firesupport"],"picked":"rmod:smokecover","floor":21.0},{"not_picked":["rmod:diamondstrike","rmod:victimresponsibility"],"picked":"rmod:openingtorpedo","floor":22.0},{"not_picked":["rmod:victimresponsibility","rmod:fletcher"],"picked":"rmod:shuttlebombing+1","floor":22.0},{"not_picked":["rmod:circuitoustactics","rmod:diamondstrike","rmod:tearstotiara+1"],"picked":"SKIP","floor":24.0},{"not_picked":["rmod:fletcherpendant+1","rmod:circuitoustactics","rmod:ammunitionsupply"],"picked":"SKIP","floor":27.0},{"not_picked":["rmod:unsinkable+1","rmod:circuitoustactics","rmod:wife"],"picked":"SKIP","floor":29.0},{"not_picked":["rmod:goodfighter+1","rmod:overbreakdown+1","rmod:sl"],"picked":"SKIP","floor":31.0},{"not_picked":["rmod:punchline","rmod:tearstotiara+1","rmod:firesupport+1"],"picked":"SKIP","floor":35.0},{"not_picked":["rmod:diaomin+1","rmod:wasp+1","rmod:tearstotiara+1"],"picked":"SKIP","floor":36.0},{"not_picked":["rmod:lonelyqueen+1","rmod:fuelsupply+1"],"picked":"rmod:aluminumsupply+1","floor":39.0},{"not_picked":["rmod:acesubmarine+1","rmod:ammunitionsupply"],"picked":"rmod:robin","floor":45},{"not_picked":["rmod:victimresponsibility","rmod:unsinkable"],"picked":"rmod:highspeedmaneuver","floor":47},{"not_picked":["rmod:highspeedshooting+1","rmod:circuitoustactics+1","rmod:victimresponsibility+1"],"picked":"SKIP","floor":48}],"player_experience":139991,"relics_obtained":[{"floor":7.0,"key":"Mango"},{"floor":9.0,"key":"Gremlin Horn"},{"floor":13.0,"key":"Strawberry"},{"floor":17.0,"key":"War Paint"},{"floor":17.0,"key":"Letter Opener"},{"floor":17.0,"key":"Torii"},{"floor":26.0,"key":"Anchor"},{"floor":37.0,"key":"Bird Faced Urn"},{"floor":43.0,"key":"Molten Egg 2"},{"floor":47,"key":"Bottled Lightning"}],"event_choices":[{"damage_healed":0.0,"max_hp_gain":0.0,"max_hp_loss":0.0,"gold_gain":0.0,"event_name":"Scrap Ooze","player_choice":"Success","floor":2.0,"gold_loss":0.0,"damage_taken":12.0,"relics_obtained":["Centennial Puzzle"]},{"damage_healed":0.0,"max_hp_gain":0.0,"max_hp_loss":0.0,"gold_gain":0.0,"event_name":"Living Wall","player_choice":"Grow","floor":4.0,"gold_loss":0.0,"damage_taken":0.0,"cards_upgraded":["rmod:basicallowance"]},{"damage_healed":0.0,"max_hp_gain":0.0,"max_hp_loss":0.0,"gold_gain":0.0,"event_name":"FaceTrader","player_choice":"Trade","floor":20.0,"gold_loss":0.0,"damage_taken":0.0,"relics_obtained":["CultistMask"]},{"damage_healed":0.0,"max_hp_gain":0.0,"max_hp_loss":0.0,"gold_gain":0.0,"event_name":"Back to Basics","player_choice":"Simplicity","floor":28.0,"gold_loss":0.0,"damage_taken":0.0,"cards_upgraded":["rmod:strick","rmod:strick","rmod:strick","rmod:strick","rmod:defend","rmod:defend"]},{"damage_healed":0.0,"max_hp_gain":0.0,"max_hp_loss":0.0,"gold_gain":0.0,"event_name":"Vampires","player_choice":"Ignored","floor":30.0,"gold_loss":0.0,"damage_taken":0.0},{"damage_healed":0.0,"max_hp_gain":0.0,"max_hp_loss":0.0,"gold_gain":0.0,"event_name":"MindBloom","player_choice":"Fight","floor":37.0,"gold_loss":0.0,"damage_taken":0.0},{"damage_healed":0,"gold_gain":0,"player_choice":"Ignored","damage_taken":0,"max_hp_gain":0,"max_hp_loss":0,"event_name":"Mysterious Sphere","floor":46,"gold_loss":0}],"is_beta":false,"boss_relics":[{"not_picked":["rmod:monthlycard","Sozu"],"picked":"Calling Bell"},{"not_picked":["Velvet Choker","Snecko Eye"],"picked":"Cursed Key"}],"items_purged_floors":[38,41],"is_endless":false,"potions_floor_spawned":[5,11,12,18,29,31,36,39,48],"ascension_level":5}}