{"host":"Connor","time":1610314506,"event":{"mods":["Aspiration","BaseMod","Downfall","Hubris","Marisa????????","Minty Spire (QoL Compilation)","Replay The Spire","StSLib","The Cursed","The Jungle","The Servant 0.9.4"],"gold_per_floor":[112,131,143,68,78,104,115,115,115,135,135,153,153,153,153,153,153],"floor_reached":16,"playtime":460,"items_purged":["Strike_R"],"score":198,"play_id":"66d0666c-2b86-4f18-9225-4892dc2ae29d","local_time":"20210110133506","is_ascension_mode":true,"campfire_choices":[{"floor":8,"key":"RECALL"},{"floor":11,"key":"REST"},{"data":"Armaments","floor":13,"key":"SMITH"},{"data":"Searing Blow+1","floor":15,"key":"SMITH"}],"circlet_count":0,"master_deck":["AscendersBane","Strike_R","Strike_R","Strike_R","Strike_R","Defend_R","Defend_R","Defend_R","Defend_R","Bash","Clash","Intimidate","Searing Blow+2","Armaments+1","Pot Of Greed","Pot Of Greed","hubris:StunningStrike","Abandon","Fire Breathing","ReplayTheSpireMod:Strike From Hell"],"relics":["Burning Blood","NeowsBlessing","Grinning Jar"],"acts_visited":["Exordium"],"potions_floor_usage":[5,6,6,10,16],"damage_taken":[{"damage":0,"enemies":"2 Louse","floor":1,"turns":1},{"damage":0,"enemies":"Jaw Worm","floor":2,"turns":1},{"damage":0,"enemies":"Small Slimes","floor":3,"turns":1},{"damage":31,"enemies":"Exordium Thugs","floor":5,"turns":6},{"damage":32,"enemies":"Lagavulin","floor":6,"turns":9},{"damage":16,"enemies":"Blue Slaver","floor":7,"turns":5},{"damage":19,"enemies":"Large Slime","floor":10,"turns":8},{"damage":9,"enemies":"Looter","floor":12,"turns":4},{"damage":39,"enemies":"Hexaghost","floor":16,"turns":8}],"seed_played":"3288914099678398158","potions_obtained":[{"floor":2,"key":"PowerPotion"},{"floor":3,"key":"BloodPotion"},{"floor":5,"key":"DistilledChaos"},{"floor":7,"key":"Block Potion"},{"floor":12,"key":"Strength Potion"}],"is_trial":false,"path_per_floor":["M","M","M","$","M","E","M","R","T","M","R","M","R","?","R","B"],"character_chosen":"IRONCLAD","items_purchased":[],"campfire_rested":1,"item_purchase_floors":[],"current_hp_per_floor":[74,75,75,75,65,39,29,29,29,16,38,35,35,35,35,0,0],"gold":153,"neow_bonus":"THREE_ENEMY_KILL","is_daily":false,"chose_seed":false,"campfire_upgraded":2,"win_rate":0.0,"timestamp":1610314506,"path_taken":["M","M","M","$","M","E","M","R","T","M","R","M","R","?","R","BOSS"],"items_purchased_type":[],"build_version":"2020-12-18","purchased_purges":1,"victory":false,"max_hp_per_floor":[75,75,75,75,75,75,75,75,75,75,75,75,75,75,75,75,75],"card_choices":[{"not_picked":["True Grit","Rupture"],"picked":"Clash","floor":1},{"not_picked":["Rupture","Twin Strike"],"picked":"Intimidate","floor":2},{"not_picked":["hubris:SharpeningStone","Clash"],"picked":"Searing Blow","floor":3},{"not_picked":["Intimidate","Pummel"],"picked":"Armaments","floor":5},{"not_picked":["Shrug It Off","Heavy Blade"],"picked":"hubris:StunningStrike","floor":6},{"not_picked":["Wild Strike","hubris:ReadiedAction"],"picked":"Abandon","floor":7},{"not_picked":["Anger","Combust"],"picked":"Fire Breathing","floor":10},{"not_picked":["Clash","Carnage"],"picked":"ReplayTheSpireMod:Strike From Hell","floor":12}],"player_experience":595711,"relics_obtained":[{"floor":6,"key":"Grinning Jar"}],"event_choices":[{"damage_healed":0,"gold_gain":0,"player_choice":"Grow","damage_taken":0,"max_hp_gain":0,"max_hp_loss":0,"event_name":"Living Wall","floor":14,"gold_loss":0,"cards_upgraded":["Searing Blow"]}],"is_beta":true,"boss_relics":[],"items_purged_floors":[4],"is_endless":false,"potions_floor_spawned":[2,3,5,7,12],"killed_by":"Hexaghost","ascension_level":18}}