{"host":"tzyzz5n7hg2ni9q2","time":1610266177,"event":{"mods":["BaseMod","Minty Spire (QoL Compilation)","Quick Restart"],"gold_per_floor":[111,61,61,61,61,61,92,92,144,182,182,13,13,13,13,127,127,140,161,184,184,184,184,209,232,232,232,294,336,336,369,369,478,478,503,612,662,682,1083,1083,1083],"floor_reached":40,"playtime":2130,"items_purged":["Regret"],"score":605,"play_id":"ac5a952b-9415-46da-b776-e6c8433c2e62","local_time":"20210110090937","is_ascension_mode":true,"campfire_choices":[{"data":"Zap","floor":6.0,"key":"SMITH"},{"floor":8.0,"key":"REST"},{"floor":11.0,"key":"REST"},{"floor":15.0,"key":"REST"},{"floor":23.0,"key":"REST"},{"floor":27.0,"key":"REST"},{"floor":30.0,"key":"REST"},{"floor":32.0,"key":"REST"}],"circlet_count":0,"master_deck":["Strike_B","Strike_B+1","Strike_B+1","Defend_B+1","Defend_B+1","Defend_B","Defend_B","Zap+1","Dualcast","Sweeping Beam","Defragment","Glacier","Machine Learning","Chill+1","Undo+1","Echo Form","Double Energy","Core Surge","Conserve Battery+1","Reboot"],"relics":["Cracked Core","Calipers","Turnip","CeramicFish","Ice Cream","War Paint","Bag of Preparation","Kunai","Black Star","SsserpentHead","Ginger","MealTicket","Smiling Mask","Art of War","Lizard Tail","Symbiotic Virus","Inserter","Girya","Old Coin"],"acts_visited":["Exordium","TheCity","TheBeyond"],"potions_floor_usage":[40],"damage_taken":[{"damage":8.0,"enemies":"Small Slimes","floor":1.0,"turns":3.0},{"damage":35.0,"enemies":"3 Sentries","floor":7.0,"turns":7.0},{"damage":22.0,"enemies":"Lagavulin","floor":10.0,"turns":6.0},{"damage":4.0,"enemies":"The Guardian","floor":16.0,"turns":11.0},{"damage":0.0,"enemies":"Chosen","floor":18.0,"turns":6.0},{"damage":17.0,"enemies":"3 Byrds","floor":19.0,"turns":5.0},{"damage":3.0,"enemies":"Snake Plant","floor":20.0,"turns":6.0},{"damage":28.0,"enemies":"Gremlin Leader","floor":24.0,"turns":9.0},{"damage":28.0,"enemies":"Centurion and Healer","floor":25.0,"turns":12.0},{"damage":3.0,"enemies":"Chosen and Byrds","floor":28.0,"turns":7.0},{"damage":8.0,"enemies":"Book of Stabbing","floor":29.0,"turns":10.0},{"damage":32.0,"enemies":"Slavers","floor":31.0,"turns":8.0},{"damage":12.0,"enemies":"Champ","floor":33.0,"turns":21.0},{"damage":0.0,"enemies":"3 Shapes","floor":35.0,"turns":8.0},{"damage":3.0,"enemies":"Mind Bloom Boss Battle","floor":36.0,"turns":13.0},{"damage":8.0,"enemies":"Orb Walker","floor":38.0,"turns":6.0},{"damage":67.0,"enemies":"2 Orb Walkers","floor":39.0,"turns":10.0},{"damage":26,"enemies":"Reptomancer","floor":40,"turns":4}],"seed_played":"6258899239522252105","potions_obtained":[{"floor":1.0,"key":"SkillPotion"},{"floor":7.0,"key":"BlessingOfTheForge"},{"floor":19.0,"key":"EssenceOfSteel"},{"floor":20.0,"key":"Energy Potion"},{"floor":33.0,"key":"ColorlessPotion"},{"floor":39.0,"key":"SpeedPotion"}],"is_trial":false,"path_per_floor":["M","?","?","$","?","R","E","R","T","E","R","$","?","T","R","B",null,"M","M","M","$","?","R","E","M","T","R","M","E","R","E","R","B",null,"M","?","?","M","?","E"],"character_chosen":"DEFECT","items_purchased":["Defragment","Glacier"],"campfire_rested":7,"item_purchase_floors":[12,12],"current_hp_per_floor":[60,60,60,60,57,57,22,42,42,20,40,40,26,26,46,42,62,62,45,42,42,42,62,34,6,6,26,23,15,35,3,23,11,54,54,51,51,43,14,0,0],"gold":1083,"neow_bonus":"ONE_RARE_RELIC","is_daily":false,"chose_seed":false,"campfire_upgraded":1,"win_rate":0.0,"timestamp":1610266177,"path_taken":["M","?","?","$","?","R","E","R","T","E","R","$","?","?","R","BOSS","M","?","M","$","?","R","E","M","T","R","?","E","R","E","R","BOSS","M","?","?","M","?","E"],"items_purchased_type":["Card","Card"],"build_version":"2020-12-22","purchased_purges":1,"victory":false,"max_hp_per_floor":[68,68,68,68,68,68,68,68,68,68,68,68,68,68,68,68,68,68,68,68,68,68,68,68,68,68,68,68,68,68,68,68,68,68,68,68,68,68,68,68,68],"card_choices":[{"not_picked":["Blizzard","Gash"],"picked":"Ball Lightning","floor":1.0},{"not_picked":["Heatsinks","Steam Power","Go for the Eyes"],"picked":"SKIP","floor":7.0},{"not_picked":["Darkness","Turbo"],"picked":"Sweeping Beam","floor":10.0},{"not_picked":["Meteor Strike","Creative AI"],"picked":"Machine Learning","floor":16.0},{"not_picked":["Steam","Turbo","Barrage+1"],"picked":"SKIP","floor":18.0},{"not_picked":["Sweeping Beam","Compile Driver"],"picked":"Chill+1","floor":19.0},{"not_picked":["Stack","Steam Power"],"picked":"Undo+1","floor":20.0},{"not_picked":["Reprogram+1","Recycle","Chill+1"],"picked":"SKIP","floor":24.0},{"not_picked":["Go for the Eyes","Genetic Algorithm"],"picked":"Echo Form","floor":25.0},{"not_picked":["Static Discharge","Stack+1","Rebound"],"picked":"SKIP","floor":28.0},{"not_picked":["Gash","Scrape"],"picked":"Double Energy","floor":29.0},{"not_picked":["Rip and Tear","Fusion+1","Coolheaded"],"picked":"SKIP","floor":31.0},{"not_picked":["Rainbow","Amplify"],"picked":"Core Surge","floor":33.0},{"not_picked":["Gash+1","Turbo"],"picked":"Conserve Battery+1","floor":35.0},{"not_picked":["Hello World+1","Turbo"],"picked":"Reboot","floor":36.0},{"not_picked":["Barrage+1","Steam Power+1","Skim"],"picked":"SKIP","floor":38.0}],"player_experience":261448,"relics_obtained":[{"floor":7.0,"key":"Ice Cream"},{"floor":9.0,"key":"War Paint"},{"floor":10.0,"key":"Bag of Preparation"},{"floor":14.0,"key":"Kunai"},{"floor":24.0,"key":"Ginger"},{"floor":24.0,"key":"MealTicket"},{"floor":29.0,"key":"Smiling Mask"},{"floor":29.0,"key":"Art of War"},{"floor":31.0,"key":"Lizard Tail"},{"floor":31.0,"key":"Symbiotic Virus"},{"floor":36.0,"key":"Girya"},{"floor":39.0,"key":"Old Coin"}],"event_choices":[{"cards_removed":["Strike_B"],"damage_healed":0.0,"max_hp_gain":0.0,"max_hp_loss":0.0,"gold_gain":0.0,"event_name":"The Cleric","player_choice":"Card Removal","floor":2.0,"gold_loss":50.0,"damage_taken":0.0},{"damage_healed":0.0,"max_hp_gain":0.0,"max_hp_loss":0.0,"gold_gain":0.0,"event_name":"Big Fish","player_choice":"Box","floor":3.0,"gold_loss":0.0,"damage_taken":0.0,"relics_obtained":["Turnip"],"cards_obtained":["Regret"]},{"damage_healed":0.0,"max_hp_gain":0.0,"max_hp_loss":0.0,"gold_gain":0.0,"event_name":"Scrap Ooze","player_choice":"Success","floor":5.0,"gold_loss":0.0,"damage_taken":3.0,"relics_obtained":["CeramicFish"]},{"damage_healed":0.0,"max_hp_gain":0.0,"max_hp_loss":0.0,"gold_gain":0.0,"event_name":"Shining Light","player_choice":"Entered Light","floor":13.0,"gold_loss":0.0,"damage_taken":14.0,"cards_upgraded":["Strike_B","Strike_B"]},{"damage_healed":0.0,"max_hp_gain":0.0,"max_hp_loss":0.0,"gold_gain":0.0,"event_name":"FaceTrader","player_choice":"Trade","floor":22.0,"gold_loss":0.0,"damage_taken":0.0,"relics_obtained":["SsserpentHead"]},{"damage_healed":0.0,"max_hp_gain":0.0,"max_hp_loss":0.0,"gold_gain":0.0,"event_name":"MindBloom","player_choice":"Fight","floor":36.0,"gold_loss":0.0,"damage_taken":0.0},{"cards_removed":["Ball Lightning"],"damage_healed":0.0,"max_hp_gain":0.0,"max_hp_loss":0.0,"gold_gain":0.0,"event_name":"Falling","player_choice":"Removed Attack","floor":37.0,"gold_loss":0.0,"damage_taken":0.0},{"damage_healed":0.0,"max_hp_gain":0.0,"max_hp_loss":0.0,"gold_gain":0.0,"event_name":"Mysterious Sphere","player_choice":"Fight","floor":39.0,"gold_loss":0.0,"damage_taken":0.0}],"is_beta":false,"boss_relics":[{"not_picked":["Ectoplasm","FrozenCore"],"picked":"Black Star"},{"not_picked":["Pandora\u0027s Box","Tiny House"],"picked":"Inserter"}],"items_purged_floors":[12],"is_endless":false,"potions_floor_spawned":[1,7,19,20,24,33,39],"killed_by":"Reptomancer","ascension_level":6}}