{"host":"52m1o8iwwagurbjs","time":1610314525,"event":{"mods":["AchievementEnabler","BaseMod","Bestiary","Colored Powertips","GifTheSpireLib","Minty Spire (QoL Compilation)","Quick Restart","RNG Fix","Relic Stats","StSLib"],"gold_per_floor":[169,109,109,125,125,160,172,32,32,45,56,89,89,117,117,117,117],"floor_reached":16,"playtime":1609,"items_purged":["Strike_G"],"score":236,"play_id":"ae991223-5e37-4bf0-a736-a489d7d0e6f4","local_time":"20210110163525","is_ascension_mode":true,"campfire_choices":[{"data":"Endless Agony","floor":7,"key":"SMITH"},{"data":"Catalyst","floor":13,"key":"SMITH"},{"data":"Night Terror","floor":15,"key":"SMITH"}],"circlet_count":0,"master_deck":["AscendersBane","Strike_G","Strike_G","Strike_G","Strike_G","Defend_G+1","Defend_G","Defend_G","Defend_G","Defend_G","Survivor","Neutralize","Noxious Fumes+1","Endless Agony+1","Quick Slash","Bane","Noxious Fumes","PiercingWail","Bouncing Flask","Catalyst+1","Night Terror+1"],"relics":["Tiny House","MawBank","Du-Vu Doll","Omamori","PreservedInsect"],"acts_visited":["Exordium"],"potions_floor_usage":[6,12,16],"damage_taken":[{"damage":4,"enemies":"Small Slimes","floor":1,"turns":5},{"damage":4,"enemies":"Jaw Worm","floor":4,"turns":5},{"damage":8,"enemies":"Gremlin Nob","floor":6,"turns":3},{"damage":0,"enemies":"2 Louse","floor":10,"turns":3},{"damage":2,"enemies":"2 Fungi Beasts","floor":11,"turns":3},{"damage":15,"enemies":"3 Sentries","floor":12,"turns":6},{"damage":20,"enemies":"Lagavulin","floor":14,"turns":4},{"damage":31,"enemies":"The Guardian","floor":16,"turns":2}],"seed_played":"8673188532506838934","potions_obtained":[{"floor":0,"key":"ColorlessPotion"},{"floor":4,"key":"Ancient Potion"},{"floor":6,"key":"EssenceOfSteel"},{"floor":14,"key":"CunningPotion"}],"is_trial":false,"path_per_floor":["M","?","?","M","?","E","R","$","T","M","M","E","R","E","R","B"],"character_chosen":"THE_SILENT","items_purchased":["Noxious Fumes"],"campfire_rested":0,"item_purchase_floors":[8],"current_hp_per_floor":[60,60,60,56,71,63,63,63,63,63,61,46,46,26,26,0,0],"gold":117,"neow_bonus":"BOSS_RELIC","is_daily":false,"chose_seed":false,"campfire_upgraded":3,"win_rate":0.0,"timestamp":1610314525,"path_taken":["M","?","?","M","?","E","R","$","T","M","?","E","R","E","R","BOSS"],"items_purchased_type":["Card"],"build_version":"2020-12-22","purchased_purges":1,"victory":false,"max_hp_per_floor":[71,71,71,71,71,71,71,71,71,71,71,71,71,71,71,71,71],"relic_stats":{"counters":[8,31],"PreservedInsect":0,"MawBank":24,"obtain_stats":[{"Du-Vu Doll":9,"Tiny House":0,"PreservedInsect":14,"Omamori":12,"MawBank":6,"Ring of the Snake":0},{"Du-Vu Doll":3,"Tiny House":0,"PreservedInsect":7,"Omamori":6,"MawBank":3,"Ring of the Snake":0},{"Du-Vu Doll":13,"Tiny House":0,"PreservedInsect":29,"Omamori":25,"MawBank":13,"Ring of the Snake":0}]},"card_choices":[{"not_picked":["Tactician","Slice"],"picked":"Noxious Fumes","floor":0},{"not_picked":["Slice","Terror"],"picked":"Endless Agony","floor":1},{"not_picked":["Slice","Dodge and Roll"],"picked":"Quick Slash","floor":4},{"not_picked":["Blade Dance","Skewer"],"picked":"Bane","floor":6},{"not_picked":["Dodge and Roll","Heel Hook"],"picked":"PiercingWail","floor":10},{"not_picked":["All Out Attack","Blade Dance"],"picked":"Bouncing Flask","floor":11},{"not_picked":["Backflip","Poisoned Stab"],"picked":"Catalyst","floor":12},{"not_picked":["Accuracy","Slice"],"picked":"Night Terror","floor":14}],"player_experience":1110086,"relics_obtained":[{"floor":6,"key":"MawBank"},{"floor":9,"key":"Du-Vu Doll"},{"floor":12,"key":"Omamori"},{"floor":14,"key":"PreservedInsect"}],"event_choices":[{"damage_healed":0,"gold_gain":0,"player_choice":"Left Gold","damage_taken":0,"max_hp_gain":0,"max_hp_loss":0,"event_name":"World of Goop","floor":2,"gold_loss":60},{"damage_healed":0,"gold_gain":0,"player_choice":"Upgraded","damage_taken":0,"max_hp_gain":0,"max_hp_loss":0,"event_name":"Upgrade Shrine","floor":3,"gold_loss":0,"cards_upgraded":["Noxious Fumes"]},{"damage_healed":23,"gold_gain":0,"player_choice":"Banana","damage_taken":0,"max_hp_gain":0,"max_hp_loss":0,"event_name":"Big Fish","floor":5,"gold_loss":0}],"is_beta":false,"boss_relics":[],"items_purged_floors":[8],"is_endless":false,"potions_floor_spawned":[4,6,14],"killed_by":"The Guardian","ascension_level":20}}