{"host":"egwexuw5uvnxf11j","time":1610251504,"event":{"mods":["2.2 Compatiblity","Aspiration","BaseMod","Better Altar","Better Note","Better Sensory Stone","Better Third Choice","Displayed Cursed Tome","Downfall","Hermit","Key Reminder","Koishi","Marisa????????","Minty Spire (QoL Compilation)","Quick Restart","Shade Mod","Spicy Shops","StSLib","The Construct","The Cursed","The Hierophant","The Runesmith","The Senshi","The Servant 0.9.4","Transform Curses"],"gold_per_floor":[112,125,139,159,173,199,199,199,199,199,211,224,249,261,261,356,356,374,112,127,52,64,95,105,105,105,105,105,121,121,134,134,237,237,249,266,266,266],"floor_reached":37,"playtime":2329,"items_purged":[],"score":603,"play_id":"1609a983-0b35-41ba-9aa2-d922472f4c2a","local_time":"20210109230504","is_ascension_mode":true,"campfire_choices":[{"floor":7,"key":"REST"},{"floor":10,"key":"REST"},{"floor":15,"key":"REST"},{"floor":25,"key":"REST"},{"floor":28,"key":"REST"},{"data":"BestPractice","floor":30,"key":"SMITH"},{"data":"ShatteredReality","floor":32,"key":"SMITH"}],"circlet_count":0,"master_deck":["Strike_S","Strike_S","Strike_S","Defend_S","Defend_S","Defend_S","Defend_S","KidneyShot","Exchange","Orbit","Ricochet","Ricochet","Deny+1","GearUp","Potential","ShiftingGears","Potential","ReturningBlade","BestPractice+1","Initiator","Hightail+1","GearUp","Collapse","Starlight","ShatteredReality+1","Defy","Replace","Replace","BottledTime+1","Snipe+1","SilverBlades+1","SilverMatrix","TimeTheft","Alleviate"],"relics":["Uniform","NeowsBlessing","aspiration:HummingbirdHeart","keyreminder:keyreminder","CaptainsWheel","theSenshi:SailorFukuRelic","StoneMask","Pan","Dream Catcher","aspiration:RitualStick","Black Star"],"acts_visited":["Exordium","TheCity","TheBeyond"],"potions_floor_usage":[6,16,33,33,33,37],"damage_taken":[{"damage":0.0,"enemies":"Small Slimes","floor":1.0,"turns":2.0},{"damage":0,"enemies":"Cultist","floor":2,"turns":1},{"damage":0,"enemies":"Jaw Worm","floor":3,"turns":1},{"damage":4,"enemies":"Blue Slaver","floor":4,"turns":3},{"damage":13,"enemies":"Exordium Thugs","floor":5,"turns":3},{"damage":45,"enemies":"Lagavulin","floor":6,"turns":10},{"damage":3,"enemies":"Exordium Wildlife","floor":11,"turns":3},{"damage":6,"enemies":"Large Slime","floor":12,"turns":5},{"damage":0,"enemies":"3 Sentries","floor":13,"turns":5},{"damage":0,"enemies":"3 Louse","floor":14,"turns":4},{"damage":0,"enemies":"Slime Boss","floor":16,"turns":8},{"damage":23,"enemies":"Shell Parasite","floor":18,"turns":5},{"damage":0,"enemies":"3 Byrds","floor":20,"turns":3},{"damage":8,"enemies":"Sentry and Sphere","floor":22,"turns":6},{"damage":20,"enemies":"Slavers","floor":23,"turns":7},{"damage":7,"enemies":"Centurion and Healer","floor":24,"turns":6},{"damage":3,"enemies":"Cultist and Chosen","floor":29,"turns":4},{"damage":2,"enemies":"3 Cultists","floor":31,"turns":3},{"damage":76,"enemies":"Automaton","floor":33,"turns":10},{"damage":24,"enemies":"3 Darklings","floor":35,"turns":5},{"damage":2,"enemies":"Orb Walker","floor":36,"turns":3},{"damage":64,"enemies":"Orin","floor":37,"turns":5}],"seed_played":"-3983248170002689164","potions_obtained":[{"floor":3,"key":"LiquidMemories"},{"floor":11,"key":"FearPotion"},{"floor":12,"key":"FearPotion"},{"floor":13,"key":"Weak Potion"},{"floor":22,"key":"Guardian:BlockOnCardUsePotion"},{"floor":24,"key":"Fire Potion"},{"floor":35,"key":"Fire Potion"}],"is_trial":false,"path_per_floor":["M","M","M","M","M","E","R","?","T","R","M","M","E","M","R","B",null,"M","$","M","?","M","E","M","R","T","?","R","M","R","M","R","B",null,"M","M","?"],"character_chosen":"THE_SERVANT","items_purchased":["Pan","GearUp","Collapse"],"campfire_rested":5,"item_purchase_floors":[19,19,19],"current_hp_per_floor":[65,65,65,61,48,3,22,22,22,41,38,32,32,32,51,51,65,45,45,54,54,52,41,40,62,62,47,69,72,72,79,79,6,82,61,62,0,0],"gold":266,"neow_bonus":"THREE_ENEMY_KILL","is_daily":false,"chose_seed":false,"campfire_upgraded":2,"win_rate":0.0,"timestamp":1610251504,"path_taken":["M","M","M","M","M","E","R","?","T","R","M","?","E","M","R","BOSS","M","$","M","?","M","E","M","R","T","?","R","M","R","M","R","BOSS","M","M","?"],"items_purchased_type":["Relic","Card","Card"],"build_version":"2020-12-22","purchased_purges":0,"victory":false,"max_hp_per_floor":[65,65,65,65,65,65,65,65,65,65,65,65,65,65,65,65,65,66,66,69,69,71,74,76,76,76,76,76,78,78,81,81,82,82,83,84,84,84],"card_choices":[{"not_picked":["Potential","DoubleEdge"],"picked":"Orbit","floor":1},{"not_picked":["Spin","TimeTheft"],"picked":"Ricochet","floor":2},{"not_picked":["Advance","Collapse"],"picked":"Ricochet","floor":3},{"not_picked":["Replace","Reset"],"picked":"Deny","floor":4},{"not_picked":["Spin","ShatteredReality"],"picked":"GearUp","floor":5},{"not_picked":["Gouge","LightFlow"],"picked":"Potential","floor":6},{"not_picked":["Starlight","Rewind"],"picked":"ShiftingGears","floor":11},{"not_picked":["SurpressingFire","Desolation"],"picked":"Potential","floor":12},{"not_picked":["Manipulate","SpecialFormula"],"picked":"ReturningBlade","floor":13},{"not_picked":["TimeWarp","FanOfKnives"],"picked":"BestPractice","floor":14},{"not_picked":["Dilation","ForgedInTime"],"picked":"Initiator","floor":16},{"not_picked":["Barrier","Sabotage+1"],"picked":"Hightail+1","floor":18},{"not_picked":["Replace+1","Shuttle"],"picked":"Starlight","floor":20},{"not_picked":["Potential","Contraction"],"picked":"ShatteredReality","floor":22},{"not_picked":["Contraction","Orbit"],"picked":"Defy","floor":23},{"not_picked":["Spin+1","Unruled"],"picked":"Replace","floor":24},{"not_picked":["Spin","Hightail"],"picked":"Replace","floor":25},{"not_picked":["Revamp","Deny"],"picked":"BottledTime+1","floor":28},{"not_picked":["Spin","Ricochet"],"picked":"Snipe+1","floor":29},{"not_picked":["Potential","Snipe"],"picked":"SilverBlades+1","floor":31},{"not_picked":["SoulSculpture","Dilation"],"picked":"SilverMatrix","floor":33},{"not_picked":["Read+1","Potential"],"picked":"TimeTheft","floor":35},{"not_picked":["Deadline","Replace"],"picked":"Alleviate","floor":36}],"player_experience":2179628,"relics_obtained":[{"floor":6,"key":"aspiration:HummingbirdHeart"},{"floor":9,"key":"CaptainsWheel"},{"floor":13,"key":"theSenshi:SailorFukuRelic"},{"floor":23,"key":"Dream Catcher"}],"event_choices":[{"damage_healed":0,"gold_gain":0,"player_choice":"Forge","damage_taken":0,"max_hp_gain":0,"max_hp_loss":0,"event_name":"Accursed Blacksmith","floor":8,"gold_loss":0,"cards_upgraded":["Deny"]},{"cards_removed":["Strike_S"],"damage_healed":0,"gold_gain":0,"player_choice":"Gave Gold","damage_taken":0,"max_hp_gain":0,"max_hp_loss":0,"event_name":"Beggar","floor":21,"gold_loss":75},{"damage_healed":0,"gold_gain":0,"player_choice":"Fight","damage_taken":0,"max_hp_gain":0,"max_hp_loss":0,"event_name":"OrinTheCat","floor":37,"gold_loss":0}],"is_beta":false,"boss_relics":[{"not_picked":["Empty Cage","aspiration:FutureDiary"],"picked":"StoneMask"},{"not_picked":["Tiny House","Runic Pyramid"],"picked":"Black Star"}],"items_purged_floors":[],"is_endless":false,"potions_floor_spawned":[3,11,12,13,22,23,24,29,35],"killed_by":"Orin","ascension_level":4}}