{"host":"51mqhfpmwwd4kxyt","time":1610252625,"event":{"mods":["BaseMod","Downfall","Googly Eyes","Highlight Path","Minty Spire (QoL Compilation)","READ ME - Guardian Mod","StSLib","The Cursed","The Servant 0.9.4"],"gold_per_floor":[112,27,27,50,325,325,366,366,437,437,437,437],"floor_reached":11,"playtime":369,"items_purged":[],"score":93,"play_id":"c607226a-d901-44ee-bae7-d5d6f07967d5","local_time":"20210109232345","is_ascension_mode":true,"campfire_choices":[{"data":"Bullet Time","floor":6,"key":"SMITH"},{"floor":8,"key":"REST"},{"data":"expansioncontent:Chronoboost","floor":10,"key":"SMITH"}],"circlet_count":0,"master_deck":["Strike_G","Strike_G","Strike_G","Strike_G","Defend_G","Defend_G","Defend_G","Defend_G","Defend_G","Survivor","Neutralize","Bullet Time+1","Expertise","expansioncontent:Chronoboost+1","Injury","Prepared","Regret","Storm of Steel"],"relics":["Ring of the Snake","Golden Idol","Juzu Bracelet","Eternal Feather"],"acts_visited":["Exordium"],"potions_floor_usage":[7],"damage_taken":[{"damage":0,"enemies":"Small Slimes","floor":1,"turns":5},{"damage":3,"enemies":"Cultist","floor":4,"turns":5},{"damage":22,"enemies":"3 Sentries","floor":7,"turns":12},{"damage":70,"enemies":"Gremlin Nob","floor":11,"turns":5}],"seed_played":"-3724024772301653641","potions_obtained":[{"floor":1,"key":"Swift Potion"}],"is_trial":false,"path_per_floor":["M","$","?","M","?","R","E","R","T","R","E"],"character_chosen":"THE_SILENT","items_purchased":["expansioncontent:Chronoboost"],"campfire_rested":1,"item_purchase_floors":[2],"current_hp_per_floor":[63,63,63,60,60,60,38,59,59,68,0,0],"gold":437,"neow_bonus":"TRANSFORM_CARD","is_daily":false,"chose_seed":false,"campfire_upgraded":2,"win_rate":0.0,"timestamp":1610252625,"path_taken":["M","$","?","M","?","R","E","R","T","R","E"],"items_purchased_type":["Card"],"build_version":"2020-12-22","purchased_purges":0,"victory":false,"max_hp_per_floor":[70,70,70,70,70,70,70,70,70,70,70,70],"card_choices":[{"not_picked":["Flechettes","Skewer"],"picked":"Expertise","floor":1},{"not_picked":["Outmaneuver","Dodge and Roll"],"picked":"Prepared","floor":4},{"not_picked":["PiercingWail","Prepared"],"picked":"Storm of Steel","floor":7}],"player_experience":377226,"relics_obtained":[{"floor":7,"key":"Juzu Bracelet"},{"floor":9,"key":"Eternal Feather"}],"event_choices":[{"damage_healed":0,"gold_gain":0,"player_choice":"Take Wound","damage_taken":0,"relics_obtained":["Golden Idol"],"max_hp_gain":0,"max_hp_loss":0,"event_name":"Golden Idol","floor":3,"gold_loss":0,"cards_obtained":["Injury"]},{"damage_healed":0,"gold_gain":275,"player_choice":"Desecrate","damage_taken":0,"max_hp_gain":0,"max_hp_loss":0,"event_name":"Golden Shrine","floor":5,"gold_loss":0,"cards_obtained":["Regret"]}],"is_beta":false,"boss_relics":[],"items_purged_floors":[],"is_endless":false,"potions_floor_spawned":[1],"killed_by":"Gremlin Nob","ascension_level":7}}