{"host":"oi6p1guiqfwwvxym","time":1610260744,"event":{"mods":["BaseMod","Colored Map","Minty Spire (QoL Compilation)"],"gold_per_floor":[115,126,51,51,65,95,95,130,210,285,285,285,313,56,56,135,135,145,145,145,145,156,156,187,202,255,285,285,300,142,157,157,234,234,244,255,269,269,9,35,35,46,46,46,46,75,95,127,127,127],"floor_reached":51,"playtime":3071,"items_purged":["Strike_R","Strike_R"],"score":1779,"play_id":"43864267-1a2a-4d57-b3bb-2fdd0645916c","local_time":"20210109223904","is_ascension_mode":true,"campfire_choices":[{"floor":12,"key":"REST"},{"data":"Feed","floor":15,"key":"SMITH"},{"data":"Uppercut","floor":23,"key":"SMITH"},{"data":"Inflame","floor":28,"key":"SMITH"},{"data":"Seeing Red","floor":32,"key":"SMITH"},{"floor":41,"key":"REST"},{"data":"Impervious","floor":44,"key":"SMITH"},{"data":"Shockwave","floor":49,"key":"SMITH"}],"circlet_count":0,"master_deck":["AscendersBane","Strike_R","Defend_R","Defend_R","Defend_R","Defend_R","Bash","Apotheosis+1","Twin Strike","Inflame+1","Heavy Blade","Uppercut+1","True Grit","Burning Pact","Feed+1","Blood for Blood+1","Barricade+1","Whirlwind","Battle Trance","Seeing Red+1","Impervious+1","Body Slam","Bloodletting+1","Shockwave+1","PanicButton","Feel No Pain+1","Shrug It Off+1"],"relics":["Burning Blood","StoneCalendar","Omamori","Juzu Bracelet","Mummified Hand","Orichalcum","Frozen Eye","Snecko Eye","Frozen Egg 2","Enchiridion","CaptainsWheel","Blood Vial","Regal Pillow","SlaversCollar","ClockworkSouvenir","Strawberry","Nunchaku","Toxic Egg 2","Toy Ornithopter"],"acts_visited":["Exordium","TheCity","TheBeyond"],"potions_floor_usage":[16,18,33,50,50],"damage_taken":[{"damage":7,"enemies":"2 Louse","floor":1,"turns":4},{"damage":14,"enemies":"Small Slimes","floor":2,"turns":5},{"damage":1,"enemies":"Jaw Worm","floor":5,"turns":4},{"damage":8,"enemies":"Lagavulin","floor":6,"turns":7},{"damage":26,"enemies":"Gremlin Nob","floor":8,"turns":4},{"damage":8,"enemies":"3 Sentries","floor":13,"turns":7},{"damage":8,"enemies":"Hexaghost","floor":16,"turns":9},{"damage":4,"enemies":"Spheric Guardian","floor":18,"turns":4},{"damage":0,"enemies":"Chosen","floor":22,"turns":4},{"damage":6,"enemies":"Book of Stabbing","floor":24,"turns":3},{"damage":14,"enemies":"Shelled Parasite and Fungi","floor":25,"turns":3},{"damage":0,"enemies":"Gremlin Leader","floor":27,"turns":4},{"damage":2,"enemies":"Chosen and Byrds","floor":29,"turns":4},{"damage":2,"enemies":"Cultist and Chosen","floor":31,"turns":4},{"damage":63,"enemies":"Collector","floor":33,"turns":8},{"damage":5,"enemies":"Orb Walker","floor":35,"turns":3},{"damage":27,"enemies":"3 Darklings","floor":36,"turns":6},{"damage":29,"enemies":"Jaw Worm Horde","floor":37,"turns":4},{"damage":9,"enemies":"Giant Head","floor":40,"turns":7},{"damage":5,"enemies":"4 Shapes","floor":42,"turns":2},{"damage":0,"enemies":"Reptomancer","floor":46,"turns":5},{"damage":12,"enemies":"Transient","floor":47,"turns":5},{"damage":5,"enemies":"Giant Head","floor":48,"turns":6},{"damage":3,"enemies":"Time Eater","floor":50,"turns":8}],"seed_played":"-1946992252349312274","potions_obtained":[{"floor":1,"key":"Dexterity Potion"},{"floor":8,"key":"PowerPotion"},{"floor":16,"key":"Block Potion"},{"floor":18,"key":"Fruit Juice"},{"floor":25,"key":"Fire Potion"},{"floor":27,"key":"Strength Potion"},{"floor":33,"key":"ElixirPotion"},{"floor":40,"key":"LiquidBronze"}],"is_trial":false,"path_per_floor":["M","M","?","?","M","E","?","E","T","?","?","R","E","$","R","B",null,"M","?","?","?","M","R","E","M","T","E","R","M","$","M","R","B",null,"M","M","M","?","$","E","R","M","T","R","?","E","M","E","R","B",null],"character_chosen":"IRONCLAD","items_purchased":["Feed","Frozen Eye","Battle Trance","ClockworkSouvenir"],"campfire_rested":2,"item_purchase_floors":[14,14,30,39],"current_hp_per_floor":[67,59,59,48,53,51,44,24,24,13,13,33,31,31,31,33,62,73,73,52,91,95,95,95,91,91,99,99,99,99,103,103,46,89,92,73,52,73,73,83,114,114,114,114,114,118,112,115,115,118],"gold":127,"neow_bonus":"RANDOM_COLORLESS_2","is_daily":false,"chose_seed":false,"campfire_upgraded":6,"win_rate":0.0,"timestamp":1610260744,"path_taken":["M","M","?","?","M","E","?","E","T","?","?","R","E","$","R","BOSS","M","?","?","?","M","R","E","M","T","E","R","M","$","M","R","BOSS","M","M","M","?","$","E","R","M","T","R","?","E","M","E","R","BOSS"],"items_purchased_type":["Card","Relic","Card","Relic"],"build_version":"2020-12-22","purchased_purges":2,"victory":true,"max_hp_per_floor":[68,68,68,68,68,68,68,68,68,68,68,68,68,68,68,72,72,81,81,81,91,95,95,95,99,99,99,99,99,99,103,103,103,103,103,103,103,103,103,114,114,114,114,114,114,118,118,118,118,118],"card_choices":[{"not_picked":["Violence","Chrysalis"],"picked":"Apotheosis","floor":0},{"not_picked":["Armaments","Evolve"],"picked":"Twin Strike","floor":1},{"not_picked":["Spot Weakness","Reckless Charge"],"picked":"Inflame","floor":2},{"not_picked":["Armaments","Thunderclap"],"picked":"Heavy Blade","floor":5},{"not_picked":["Thunderclap","Demon Form"],"picked":"Uppercut","floor":6},{"not_picked":["Berserk","Body Slam"],"picked":"True Grit","floor":8},{"not_picked":["Inflame","Heavy Blade"],"picked":"Burning Pact","floor":13},{"not_picked":["Exhume","Demon Form"],"picked":"Feed","floor":16},{"not_picked":["Twin Strike","Warcry"],"picked":"Blood for Blood+1","floor":18},{"not_picked":["Searing Blow","Second Wind","Clash"],"picked":"SKIP","floor":22},{"not_picked":["Cleave","Clash"],"picked":"Barricade+1","floor":24},{"not_picked":["Twin Strike","Infernal Blade","Cleave"],"picked":"SKIP","floor":25},{"not_picked":["Warcry","Flex+1","True Grit"],"picked":"SKIP","floor":27},{"not_picked":["Pommel Strike","Cleave"],"picked":"Whirlwind","floor":29},{"not_picked":["Clothesline+1","Burning Pact"],"picked":"Seeing Red","floor":31},{"not_picked":["Double Tap","Berserk+1"],"picked":"Impervious","floor":33},{"not_picked":["Armaments","Warcry+1"],"picked":"Body Slam","floor":35},{"not_picked":["Spot Weakness","Headbutt","Thunderclap"],"picked":"SKIP","floor":36},{"not_picked":["Twin Strike","Anger"],"picked":"Bloodletting+1","floor":37},{"not_picked":["Armaments+1","Spot Weakness"],"picked":"Shockwave","floor":40},{"not_picked":["True Grit","Armaments","Reckless Charge"],"picked":"SKIP","floor":42},{"not_picked":["Violence","Trip"],"picked":"PanicButton","floor":45},{"not_picked":["Cleave","Dropkick"],"picked":"Feel No Pain+1","floor":46},{"not_picked":["Heavy Blade","Sword Boomerang"],"picked":"Shrug It Off+1","floor":47},{"not_picked":["Power Through+1","Heavy Blade","Havoc+1"],"picked":"SKIP","floor":48}],"player_experience":345056,"relics_obtained":[{"floor":6,"key":"Omamori"},{"floor":8,"key":"Juzu Bracelet"},{"floor":9,"key":"Mummified Hand"},{"floor":13,"key":"Orichalcum"},{"floor":20,"key":"Enchiridion"},{"floor":24,"key":"CaptainsWheel"},{"floor":26,"key":"Blood Vial"},{"floor":27,"key":"Regal Pillow"},{"floor":40,"key":"Strawberry"},{"floor":43,"key":"Nunchaku"},{"floor":46,"key":"Toxic Egg 2"},{"floor":48,"key":"Toy Ornithopter"}],"event_choices":[{"cards_removed":["Strike_R"],"damage_healed":0,"gold_gain":0,"player_choice":"Card Removal","damage_taken":0,"max_hp_gain":0,"max_hp_loss":0,"event_name":"The Cleric","floor":3,"gold_loss":75},{"damage_healed":0,"gold_gain":0,"player_choice":"Success","damage_taken":11,"relics_obtained":["StoneCalendar"],"max_hp_gain":0,"max_hp_loss":0,"event_name":"Scrap Ooze","floor":4,"gold_loss":0},{"cards_removed":["Strike_R"],"damage_healed":0,"gold_gain":0,"player_choice":"Card Removal","damage_taken":7,"max_hp_gain":0,"max_hp_loss":0,"event_name":"Golden Wing","floor":7,"gold_loss":0},{"damage_healed":0,"gold_gain":75,"player_choice":"Gather Gold","damage_taken":11,"max_hp_gain":0,"max_hp_loss":0,"event_name":"World of Goop","floor":10,"gold_loss":0},{"damage_healed":0,"gold_gain":0,"player_choice":"Grow","damage_taken":0,"max_hp_gain":0,"max_hp_loss":0,"event_name":"Living Wall","floor":11,"gold_loss":0,"cards_upgraded":["Apotheosis"]},{"damage_healed":0,"gold_gain":0,"player_choice":"Opened","damage_taken":0,"relics_obtained":["Frozen Egg 2"],"max_hp_gain":0,"max_hp_loss":0,"event_name":"The Mausoleum","floor":19,"gold_loss":0,"cards_obtained":["Writhe"]},{"damage_healed":0,"gold_gain":0,"player_choice":"Obtained Book","damage_taken":21,"max_hp_gain":0,"max_hp_loss":0,"event_name":"Cursed Tome","floor":20,"gold_loss":0},{"cards_removed":["Feed"],"damage_healed":29,"gold_gain":0,"player_choice":"Offered Rare","damage_taken":0,"max_hp_gain":10,"max_hp_loss":0,"event_name":"Bonfire Elementals","floor":21,"gold_loss":0},{"damage_healed":21,"gold_gain":0,"player_choice":"Writhe","damage_taken":0,"max_hp_gain":0,"max_hp_loss":0,"event_name":"Winding Halls","floor":38,"gold_loss":0,"cards_obtained":["Writhe"]},{"damage_healed":0,"gold_gain":0,"player_choice":"Memory 1","damage_taken":0,"max_hp_gain":0,"max_hp_loss":0,"event_name":"SensoryStone","floor":45,"gold_loss":0}],"is_beta":false,"boss_relics":[{"not_picked":["Coffee Dripper","Black Blood"],"picked":"Snecko Eye"},{"not_picked":["Astrolabe","Runic Pyramid"],"picked":"SlaversCollar"}],"items_purged_floors":[30,39],"is_endless":false,"potions_floor_spawned":[1,8,16,18,25,27,33,37,40,47],"ascension_level":16}}