{"host":"r9v0g0iwbsx9dzwu","time":1610258717,"event":{"mods":["ATMod(阿瑾Mod)","Aspiration","BaseMod","Energized Spire","GifTheSpireLib","Minty Spire (QoL Compilation)","MostiFishMod","Replay The Spire","RumiaBox-露米娅的神秘盒子","StSLib","TestMod","The Jungle","[IsaacMod]以撒尖塔","vexMod","【功能Mod】聪明的最终Boss"],"gold_per_floor":[118,118,165,175,100,125,137,149,149],"floor_reached":8,"playtime":347,"items_purged":["Strike_B"],"score":158,"play_id":"47bdcc65-0115-4b86-b65f-349daae6690d","local_time":"20210110140517","is_ascension_mode":true,"campfire_choices":[{"data":"Defragment","floor":7.0,"key":"SMITH"}],"circlet_count":0,"master_deck":["AscendersBane","Strike_B","Strike_B","Strike_B","Defend_B","Defend_B","Defend_B","Zap","Dualcast","BettingIsNotGood","AT_ShadowStep","Defragment+1","ReplayRNGCard"],"relics":["Cracked Core","AT_ATBox","DaveBox","HushsDoor","KeepersGift","testmod-TestBox","testmod-Nyarlathotep","HereWithMe","NeowsBlessing","Baka2","MawBank"],"acts_visited":["Exordium"],"potions_floor_usage":[8],"damage_taken":[{"damage":0.0,"enemies":"Jaw Worm","floor":1.0,"turns":1.0},{"damage":0.0,"enemies":"2 Louse","floor":4.0,"turns":1.0},{"damage":0.0,"enemies":"Lagavulin","floor":6.0,"turns":1.0},{"damage":70,"enemies":"Replay:BlueRogue","floor":8,"turns":9}],"seed_played":"-3139342347888697445","potions_obtained":[{"floor":6.0,"key":"Block Potion"}],"is_trial":false,"path_per_floor":["M","?","T","M","$","E","R","E"],"character_chosen":"DEFECT","items_purchased":[],"campfire_rested":0,"item_purchase_floors":[],"current_hp_per_floor":[64,64,64,64,64,64,64,0,0],"gold":149,"neow_bonus":"THREE_ENEMY_KILL","is_daily":false,"chose_seed":false,"campfire_upgraded":1,"win_rate":0.0,"timestamp":1610258717,"path_taken":["M","?","?","?","$","E","R","E"],"items_purchased_type":[],"build_version":"2020-12-22","purchased_purges":1,"victory":false,"max_hp_per_floor":[71,71,71,71,71,71,71,71,71],"card_choices":[{"not_picked":[],"picked":"BettingIsNotGood","floor":0.0},{"not_picked":["MostiFishMod:PushDownKick","ReplaySolidLightProjector"],"picked":"Defragment","floor":1.0},{"not_picked":["Sweeping Beam","Gash","Steam Power"],"picked":"SKIP","floor":4.0},{"not_picked":["MostiFishMod:IceShield","Go for the Eyes"],"picked":"ReplayRNGCard","floor":6.0}],"player_experience":14431,"relics_obtained":[{"floor":1.0,"key":"Baka"},{"floor":4.0,"key":"Baka2"},{"floor":6.0,"key":"MawBank"}],"event_choices":[],"is_beta":false,"boss_relics":[],"items_purged_floors":[5],"is_endless":false,"potions_floor_spawned":[6],"killed_by":"Replay:BlueRogue","ascension_level":20}}