{"host":"vr9me2kif8p2xyyc","time":1610304043,"event":{"mods":["2.2 Compatiblity","A Magickal Journey","AchievementEnabler","Act Like it!","Arknights The Spire","Aspiration","Astrologer","Bard","Bartender","BaseMod","Beaked The Cultist","Best Route Mod","Better Match","Better Note","Better Skull","Better Third Choice","BetterRewards","Block Reminder","Booster Modes","CapriCore","Challenge The Spire","ChefMod","Clawfect","Colored Map","Colored Powertips","Conjunction","Conspire","Downfall","Elementarium","Energized Spire","Friendly Minions","GifTheSpireLib","Glutton Mod","Halation","Hallownest","Hermit","Hubris","Jorbs\u0027s Wanderer Trilogy","Kratos Character Expansion","Mad Scientist","Marisa????????","Minty Spire (QoL Compilation)","Pale of the Ancients","Permanent Neow","Potionbrewer","QueenMod","Quick Restart","Random Character Button","Rare Cards Sparkle","Relic Stats","Remilia??????","Replay The Spire","Reworked Bosses","Robot Space Explorer","SCP261 Mod","SIMod","Shop Mod","Slumbering Mod","Spicy Shops","Spikes Relics","StSLib","Stuff the Spire","SuperFastMode","Td1madao Mod","The Alterego","The Animator","The Blackbeard","The Bladedancer","The Blue Laboratory","The Bug Knight","The Caster","The Clintock","The Construct","The Cursed","The Death Knight","The Disciple","The Dragon Tamer","The Druid","The Elementalist","The Exalted","The Fake Hero","The Florist","The Forsaken","The Gatherer","The Hayseed","The Hierophant","The Immortal","The Judge","The Jungle","The Kombatant","The Marked","The Mystic","The Necromancer","The Poker Player","The Problem Sleuth","The Runesmith","The Sage","The Servant 0.9.4","The Spell Scribe","The Valiant","TheArtist","TheBandit","TheFirefly","TheLocksmith","TheVacant","TheWitcher","Wandering Minibosses","Yohane!","thorton"],"gold_per_floor":[10,10,60,74,94,121,121,136,162,162,162,194,194,194,194],"floor_reached":14,"playtime":894,"items_purged":["DeathKnight:Strike_DeathKnight"],"score":123,"play_id":"2722d6ab-9ffe-47bc-a6d3-c869dc71ccab","local_time":"20210110124043","is_ascension_mode":false,"campfire_choices":[{"data":"DeathKnight:BladedArmor","floor":7,"key":"SMITH"},{"data":"DeathKnight:Hysteria","floor":10,"key":"SMITH"},{"floor":13,"key":"REST"}],"circlet_count":0,"master_deck":["DeathKnight:Strike_DeathKnight","DeathKnight:Strike_DeathKnight","DeathKnight:Strike_DeathKnight","DeathKnight:Strike_DeathKnight","DeathKnight:Defend_DeathKnight","DeathKnight:Defend_DeathKnight","DeathKnight:Defend_DeathKnight","DeathKnight:Defend_DeathKnight","DeathKnight:Defend_DeathKnight","DeathKnight:RuneTap","DeathKnight:RuneStrike","Apotheosis","DeathKnight:IcyTouch","DeathKnight:Hysteria+1","DeathKnight:BladedArmor+1","DeathKnight:IceboundArmor","DeathKnight:Runeguard","DeathKnight:ChainsOfIce"],"relics":["DeathKnight:BrokenRuneblade","hubris:Towel","StuffTheSpire:Barrel","Toy Ornithopter","hubris:EvacipatedBox","halation:PrussianBluePaint"],"acts_visited":["Exordium"],"potions_floor_usage":[6,12],"damage_taken":[{"damage":7.0,"enemies":"2_ Uuma","floor":1.0,"turns":4.0},{"damage":2,"enemies":"Hallownest:2_Baldur","floor":4,"turns":5},{"damage":2,"enemies":"Hallownest:monsterHuskGuard","floor":5,"turns":6},{"damage":0,"enemies":"Hallownest:eliteVengeflyKing","floor":6,"turns":8},{"damage":8,"enemies":"Hallownest:monsterFoolEater","floor":8,"turns":5},{"damage":14,"enemies":"Hallownest:eliteCrystalGuardian","floor":12,"turns":8},{"damage":49,"enemies":"Hallownest:eliteMossKnight","floor":14,"turns":7}],"seed_played":"8232238190228097443","potions_obtained":[{"floor":1.0,"key":"SCP261:PenguinPunchPotion"},{"floor":5,"key":"Dexterity Potion"},{"floor":8,"key":"Milkshake"}],"is_trial":false,"path_per_floor":["M","?","?","M","M","E","R","M","T","R","$","E","R","E"],"character_chosen":"DEATH_KNIGHT","items_purchased":["hubris:EvacipatedBox"],"campfire_rested":1,"item_purchase_floors":[11],"current_hp_per_floor":[68,68,68,66,64,64,64,56,56,56,32,23,45,0,0],"gold":194,"neow_bonus":"RANDOM_COLORLESS_2","is_daily":false,"chose_seed":false,"campfire_upgraded":2,"win_rate":0.0,"timestamp":1610304043,"path_taken":["M","?","?","M","M","E","R","M","T","R","?","E","R","E"],"items_purchased_type":["Relic"],"build_version":"2020-12-22","purchased_purges":1,"victory":false,"max_hp_per_floor":[75,75,75,75,75,75,75,75,75,75,75,75,75,75,75],"relic_stats":{"counters":[77,419],"obtain_stats":[{"Bromod:AscarisDevice":5,"StuffTheSpire:Barrel":6,"theVacant:BrassGoblet":0,"Bromod:ArcaneVictory":10,"CeramicFish":20,"Rawhide":9,"StuffTheSpire:BottledEssence":8,"Replay:Multitool":0,"halation:Prosthetics":17,"HeavenlyBonsai":25,"hubris:MysteriousPyramids":9,"Smiling Mask":9,"Boot":13,"Pet Ghost":7,"hubris:EvacipatedBox":11,"halation:HeavySnake":17,"Mummified Hand":4,"halation:PrussianBluePaint":12,"Replay:Bottled Flurry":5,"StuffTheSpire:RedRose":2,"Ring of Panic":3,"DeathKnight:BrokenRuneblade":0,"MerchantsRug":14,"Bromod:ArcaneGrace":34,"StuffTheSpire:ForceGauntlet":23,"StuffTheSpire:Saxophone":14,"Oddly Smooth Stone":6,"potionbrewer:MortarAndPestle":21,"Pyrelight":14,"aspiration:HummingbirdHeart":9,"aspiration:SecretTechniqueScroll":17,"hubris:Towel":2,"potionbrewer:Torch":3,"Anchor":8,"StuffTheSpire:HistoryBook":8,"StuffTheSpire:Mouthbags":6,"hubris:Spice":0,"DeathKnight:PutricidesVial":26,"Ring of Fury":3,"hubris:TenFootPole":6,"Black Star":17,"Bottled Lightning":2,"Membership Card":0,"Grinning Jar":4,"Toy Ornithopter":9,"hubris:Reverence":6,"hubris:BottledRain":5},{"Bromod:AscarisDevice":39,"StuffTheSpire:Barrel":74,"theVacant:BrassGoblet":0,"Bromod:ArcaneVictory":19,"CeramicFish":64,"Rawhide":18,"StuffTheSpire:BottledEssence":18,"Replay:Multitool":32,"halation:Prosthetics":23,"HeavenlyBonsai":48,"hubris:MysteriousPyramids":60,"Smiling Mask":6,"Boot":8,"Pet Ghost":40,"hubris:EvacipatedBox":75,"halation:HeavySnake":44,"Mummified Hand":34,"halation:PrussianBluePaint":76,"Replay:Bottled Flurry":39,"StuffTheSpire:RedRose":33,"Ring of Panic":68,"DeathKnight:BrokenRuneblade":0,"MerchantsRug":8,"Bromod:ArcaneGrace":51,"StuffTheSpire:ForceGauntlet":48,"StuffTheSpire:Saxophone":8,"Oddly Smooth Stone":59,"potionbrewer:MortarAndPestle":25,"Pyrelight":62,"aspiration:HummingbirdHeart":40,"aspiration:SecretTechniqueScroll":63,"hubris:Towel":71,"potionbrewer:Torch":56,"Anchor":6,"StuffTheSpire:HistoryBook":40,"StuffTheSpire:Mouthbags":30,"hubris:Spice":26,"DeathKnight:PutricidesVial":48,"Ring of Fury":68,"hubris:TenFootPole":4,"Black Star":9,"Bottled Lightning":56,"Membership Card":67,"Grinning Jar":68,"Toy Ornithopter":75,"hubris:Reverence":18,"hubris:BottledRain":69},{"Bromod:AscarisDevice":193,"StuffTheSpire:Barrel":399,"theVacant:BrassGoblet":0,"Bromod:ArcaneVictory":90,"CeramicFish":331,"Rawhide":83,"StuffTheSpire:BottledEssence":83,"Replay:Multitool":165,"halation:Prosthetics":108,"HeavenlyBonsai":241,"hubris:MysteriousPyramids":305,"Smiling Mask":21,"Boot":31,"Pet Ghost":196,"hubris:EvacipatedBox":404,"halation:HeavySnake":219,"Mummified Hand":172,"halation:PrussianBluePaint":412,"Replay:Bottled Flurry":193,"StuffTheSpire:RedRose":168,"Ring of Panic":358,"DeathKnight:BrokenRuneblade":0,"MerchantsRug":31,"Bromod:ArcaneGrace":260,"StuffTheSpire:ForceGauntlet":241,"StuffTheSpire:Saxophone":31,"Oddly Smooth Stone":299,"potionbrewer:MortarAndPestle":123,"Pyrelight":317,"aspiration:HummingbirdHeart":196,"aspiration:SecretTechniqueScroll":326,"hubris:Towel":380,"potionbrewer:Torch":285,"Anchor":21,"StuffTheSpire:HistoryBook":196,"StuffTheSpire:Mouthbags":156,"hubris:Spice":126,"DeathKnight:PutricidesVial":241,"Ring of Fury":358,"hubris:TenFootPole":15,"Black Star":39,"Bottled Lightning":285,"Membership Card":352,"Grinning Jar":358,"Toy Ornithopter":404,"hubris:Reverence":83,"hubris:BottledRain":367}],"Toy Ornithopter":5},"card_choices":[{"not_picked":["Feint","Mayhem"],"picked":"Apotheosis","floor":0.0},{"not_picked":["DeathKnight:RuneShock","DeathKnight:BloodPact"],"picked":"DeathKnight:IcyTouch","floor":1.0},{"not_picked":["DeathKnight:DeathGrip","DeathKnight:BloodStrike"],"picked":"DeathKnight:Hysteria","floor":4},{"not_picked":["DeathKnight:HornOfWinter","DeathKnight:RuneShock"],"picked":"DeathKnight:BladedArmor","floor":5},{"not_picked":["DeathKnight:Ossuary","DeathKnight:WraithWalk"],"picked":"DeathKnight:IceboundArmor","floor":6},{"not_picked":["DeathKnight:BoneSpear","DeathKnight:ScourgeStrike"],"picked":"DeathKnight:Runeguard","floor":8},{"not_picked":["DeathKnight:BloodPact","DeathKnight:BloodBoil"],"picked":"DeathKnight:ChainsOfIce","floor":12}],"player_experience":1186326,"relics_obtained":[{"floor":6,"key":"StuffTheSpire:Barrel"},{"floor":9,"key":"Toy Ornithopter"},{"floor":12,"key":"halation:PrussianBluePaint"}],"event_choices":[],"is_beta":false,"boss_relics":[],"items_purged_floors":[11],"is_endless":false,"potions_floor_spawned":[1,5,8],"killed_by":"Hallownest:eliteMossKnight","ascension_level":0}}