{"host":"z59j9eghykmqrz8g","time":1610316367,"event":{"mods":["Act Like it!","Aspiration","BaseMod","Conspire","Halation","Hallownest","Hubris","Infinite Spire","Minty Spire (QoL Compilation)","Replay The Spire","StSLib","vexMod"],"gold_per_floor":[115,115,145,15,83,114,129,129,129,140,140,174,200,220,220,317,317,332,332,351,407,120,146,166,181,205,253,253,278,290,304,304,405,405,420,420,420,435,447,447,473,473,542,542,442,442,262,279,279,279],"floor_reached":51,"playtime":3568,"items_purged":["Writhe"],"score":952,"play_id":"8ae0c6c4-c7d2-4186-8129-2d215b75393f","local_time":"20210111090607","daily_mods":["SealedDeck","Vintage","Heirloom","Time Dilation"],"is_ascension_mode":false,"campfire_choices":[{"data":"Armaments","floor":8,"key":"SMITH"},{"data":"Anger","floor":11,"key":"SMITH"},{"data":"Anger","floor":15,"key":"SMITH"},{"floor":32,"key":"DIG"},{"data":"Pot Of Greed","floor":40,"key":"SMITH"},{"data":"Pot Of Greed","floor":44,"key":"SMITH"},{"data":"Hallownest:curseDreamersLament","floor":49,"key":"SMITH"}],"circlet_count":0,"master_deck":["Sword Boomerang","Twin Strike","ReplayTheSpireMod:Stacked+1","Replay:Undeath\u0027s Touch+1","Armaments+1","Pommel Strike","Anger+1","Flex+1","Clash","Anger+1","Clash","Inflame+1","Pot Of Greed+1","Pot Of Greed+1"],"relics":["Black Blood","Incense Burner","Kunai","Singing Bowl","Mirror","Blue Candle","hubris:CrystalStatue","halation:AfternoonTea","halation:KoshaPiece","infinitespire:Beetle Shell","conspire:BottledYoYo","ReplayTheSpireMod:Lightbulb","infinitespire:WardingShard","aspiration:FrozenJewel","hubris:FunFungus","halation:SwordOfLegend","Pet Ghost","halation:WeightlessCrab","vexMod:Dragonfruit","Boot","Pen Nib","halation:PrussianBluePaint","conspire:Flyswatter","Grinning Jar","aspiration:StickyExplosives_weak","Juzu Bracelet","hubris:HerbalPaste","War Paint","Bottled Flame","hubris:TinFlute","aspiration:HummingbirdHeart","Hallownest:SoulVesselRelic","Hallownest:BeastSealRelic","Hallownest:StagBellRelic1","ReplayTheSpireMod:TigerMarble"],"acts_visited":["Exordium","Hallownest:Greenpath","Hallownest:CityofTears"],"potions_floor_usage":[16,16,33,33,33,50,50],"damage_taken":[{"damage":0,"enemies":"Hallownest:monsterHuskWarrior","floor":1,"turns":1},{"damage":0,"enemies":"conspire:MimicChest","floor":3,"turns":2},{"damage":0,"enemies":"Hallownest:eliteCrystalGuardian","floor":6,"turns":2},{"damage":0,"enemies":"Hallownest:2_MossCreeps","floor":7,"turns":2},{"damage":0,"enemies":"2_ Uuma","floor":10,"turns":1},{"damage":0,"enemies":"Hallownest:eliteMossKnight","floor":12,"turns":2},{"damage":1,"enemies":"Hallownest:1_Ooma_and_2_Uuma","floor":14,"turns":3},{"damage":28,"enemies":"Hallownest:BossHornet","floor":16,"turns":7},{"damage":0,"enemies":"Hallownest:2_Mistakes","floor":18,"turns":3},{"damage":0,"enemies":"Hallownest:3_Youths","floor":20,"turns":3},{"damage":7,"enemies":"Hallownest:Glutton_and_Coward","floor":21,"turns":3},{"damage":0,"enemies":"Hallownest:eliteWatcherKnight","floor":23,"turns":7},{"damage":10,"enemies":"Hallownest:3_Mistakes","floor":24,"turns":4},{"damage":0,"enemies":"Hallownest:monsterMisterMushroom","floor":25,"turns":3},{"damage":6,"enemies":"Hallownest:Glutton_and_Coward","floor":27,"turns":3},{"damage":9,"enemies":"Hallownest:eliteSoulWarrior","floor":29,"turns":3},{"damage":0,"enemies":"Hallownest:Master_and_Novice","floor":30,"turns":2},{"damage":0,"enemies":"Hallownest:Warrior_and_Youth","floor":31,"turns":2},{"damage":11,"enemies":"Hallownest:BossGrimm","floor":33,"turns":4},{"damage":0,"enemies":"Hallownest:Shield_Heavy","floor":35,"turns":2},{"damage":0,"enemies":"Hallownest:2_Littles","floor":38,"turns":3},{"damage":34,"enemies":"Hallownest:2_Wing_and_1_Kings","floor":39,"turns":3},{"damage":27,"enemies":"Hallownest:eliteHiveKnight","floor":41,"turns":4},{"damage":1,"enemies":"Hallownest:Shield_Sturdy","floor":48,"turns":3},{"damage":17,"enemies":"Hallownest:BossGreyPrinceZote","floor":50,"turns":5}],"seed_played":"4621692070883107216","potions_obtained":[{"floor":7,"key":"Milkshake"},{"floor":12,"key":"Dexterity Potion"},{"floor":14,"key":"Venom Potion"},{"floor":16,"key":"AttackPotion"},{"floor":21,"key":"DuplicationPotion"},{"floor":24,"key":"Reflective Coating"},{"floor":25,"key":"Energy Potion"},{"floor":29,"key":"ColorlessPotion"},{"floor":33,"key":"Elixir"},{"floor":38,"key":"SpeedPotion"},{"floor":39,"key":"Weak Potion"}],"is_trial":true,"path_per_floor":["M","?","?","$","?","E","M","R","T","M","R","E","T","M","R","B",null,"M","T","M","M","$","E","M","M","T","M","?","E","M","M","R","B",null,"M","AVR","?","M","M","R","E","?","T","R","?","?","?","M","R","B",null],"character_chosen":"IRONCLAD","items_purchased":["Inflame+1","halation:SwordOfLegend"],"campfire_rested":0,"item_purchase_floors":[4,22],"current_hp_per_floor":[80,90,90,90,90,92,92,92,92,92,92,94,94,94,94,74,96,96,96,96,95,95,98,95,103,103,103,103,102,105,105,105,103,107,107,107,110,110,90,102,96,96,96,99,99,99,99,112,112,109],"gold":279,"neow_bonus":"","is_daily":false,"chose_seed":false,"campfire_upgraded":6,"win_rate":0.0,"timestamp":1610316367,"path_taken":["M","?","?","$","?","E","M","R","T","M","R","E","?","?","R","BOSS","M","?","M","?","$","E","M","?","T","M","?","E","?","M","R","BOSS","M","AVR","?","M","M","R","E","?","T","R","?","?","?","M","R","BOSS"],"items_purchased_type":["Card","Relic"],"build_version":"2020-12-22","purchased_purges":1,"victory":true,"max_hp_per_floor":[80,90,90,90,90,92,92,92,92,92,92,94,94,94,94,96,96,96,96,96,96,96,98,98,103,103,103,103,105,105,105,105,107,107,107,107,110,110,110,110,112,112,112,112,112,112,112,112,112,112],"card_choices":[{"not_picked":["Perfected Strike","Body Slam"],"picked":"Clash","floor":3},{"not_picked":["Massacre","Run Through","Warcry"],"picked":"Singing Bowl","floor":6},{"not_picked":["Clothesline","Sword Boomerang","Second Wind"],"picked":"Singing Bowl","floor":12},{"not_picked":["Brutality","Hemogenesis","Immolate"],"picked":"Singing Bowl","floor":16},{"not_picked":["hubris:ReadiedAction+1","Twin Strike","Pommel Strike+1"],"picked":"Singing Bowl","floor":23},{"not_picked":["Searing Blow","ReplayTheSpireMod:LeadingStrike","hubris:ReadiedAction+1"],"picked":"Singing Bowl","floor":29},{"not_picked":["Replay:Many Hands","Juggernaut","Corruption"],"picked":"Singing Bowl","floor":33},{"not_picked":["True Grit","Shrug It Off+1","Sentinel"],"picked":"Singing Bowl","floor":41}],"player_experience":1511206,"relics_obtained":[{"floor":1,"key":"Kunai"},{"floor":3,"key":"Singing Bowl"},{"floor":6,"key":"Mirror"},{"floor":7,"key":"Blue Candle"},{"floor":9,"key":"hubris:CrystalStatue"},{"floor":10,"key":"halation:AfternoonTea"},{"floor":12,"key":"halation:KoshaPiece"},{"floor":13,"key":"infinitespire:Beetle Shell"},{"floor":14,"key":"conspire:BottledYoYo"},{"floor":18,"key":"ReplayTheSpireMod:Lightbulb"},{"floor":19,"key":"infinitespire:WardingShard"},{"floor":20,"key":"aspiration:FrozenJewel"},{"floor":21,"key":"hubris:FunFungus"},{"floor":23,"key":"Pet Ghost"},{"floor":24,"key":"halation:WeightlessCrab"},{"floor":25,"key":"vexMod:Dragonfruit"},{"floor":26,"key":"Boot"},{"floor":27,"key":"Pen Nib"},{"floor":29,"key":"halation:PrussianBluePaint"},{"floor":30,"key":"conspire:Flyswatter"},{"floor":31,"key":"Grinning Jar"},{"floor":32,"key":"aspiration:StickyExplosives_weak"},{"floor":35,"key":"Juzu Bracelet"},{"floor":38,"key":"War Paint"},{"floor":39,"key":"Bottled Flame"},{"floor":41,"key":"hubris:TinFlute"},{"floor":43,"key":"aspiration:HummingbirdHeart"},{"floor":48,"key":"ReplayTheSpireMod:TigerMarble"}],"event_choices":[{"damage_healed":0,"gold_gain":0,"player_choice":"Leave","damage_taken":0,"max_hp_gain":0,"max_hp_loss":0,"event_name":"conspire:Investor","floor":42,"gold_loss":0}],"is_beta":false,"boss_relics":[{"not_picked":["Snecko Heart","halation:PlatinumPhoenix","hubris:GrandSneckoEye"]},{"not_picked":["vexMod:BigBerry","SlaversCollar"],"picked":"Black Blood"}],"items_purged_floors":[4],"is_endless":false,"potions_floor_spawned":[7,12,14,16,21,24,25,27,29,33,38,39],"ascension_level":0}}