{"host":"b4asi0laiv85suj9","time":1610258198,"event":{"mods":["ATMod(阿瑾Mod)","BaseMod","Colored Powertips","Minty Spire (QoL Compilation)","MostiFishMod","Quick Restart","Relic Stats","Shop Mod","StSLib","TestMod","noobMod"],"gold_per_floor":[119,119,44,44,68,106,106,139,139,139,139,170,170,194,194,287,287,312,312,312,336,104,104,138,159,159,175,300,338,359,399,399,490,490,511,534,565,565,590,629,629,653,678,337,350,381,381,400,400,400,400,400,400,300,331,331],"floor_reached":57,"playtime":2138,"items_purged":["Defend_G","Defend_G"],"score":3551,"play_id":"ad714ad5-b616-460d-92d3-63a7f580849b","local_time":"20210110135638","is_ascension_mode":true,"campfire_choices":[{"data":"Blade Dance","floor":7.0,"key":"SMITH"},{"data":"Neutralize","floor":10.0,"key":"SMITH"},{"data":"AT_KingSlayer","floor":13.0,"key":"SMITH"},{"data":"AT_EssenceShift","floor":15.0,"key":"SMITH"},{"data":"MostiFishMod:AdrenalineArouse","floor":23.0,"key":"SMITH"},{"data":"MostiFishMod:LethalBlade","floor":32.0,"key":"SMITH"},{"data":"Tactician","floor":41.0,"key":"SMITH"},{"data":"After Image","floor":47.0,"key":"SMITH"},{"floor":49.0,"key":"RECALL"},{"data":"Terror","floor":53.0,"key":"SMITH"}],"circlet_count":0,"master_deck":["AscendersBane","Strike_G","Strike_G","Strike_G","Defend_G","Defend_G","Defend_G","Survivor","Neutralize+1","AT_EssenceShift+1","Blade Dance+1","MostiFishMod:Wind","Acrobatics","AT_KingSlayer+1","PiercingWail","MostiFishMod:AdrenalineArouse+1","MostiFishMod:LethalBlade+1","AT_Desolate","AT_ThistleTea","Tactician+1","After Image+1","Flechettes","Dash","Infinite Blades","Terror+1","Well Laid Plans+1"],"relics":["Ring of the Snake","testmod-TestBox","DaveBox","ice","AT_ATBox","NeowsBlessing","testmod-Brilliant","Transparent","SynthV:TestCard","Golden Idol","InkBottle","AT_SunfireAegis","Eternal Feather","Meat on the Bone","Black Star","MerchantsRug","testmod-Antiphasic","AT_BladeRuinedKing","Bottled Tornado","testmod-CasingShield","Mummified Hand","Blue Candle","testmod-Hope","Letter Opener","Busted Crown","Dead Branch","Pen Nib","StrikeDummy","AT_RedTearstoneRing","AT_Kusabimaru","AT_ForceNature","Ornamental Fan","AT_ArchangelStaff"],"acts_visited":["Exordium","TheCity","TheBeyond","TheEnding"],"potions_floor_usage":[56],"damage_taken":[{"damage":6.0,"enemies":"Jaw Worm","floor":1.0,"turns":1.0},{"damage":6.0,"enemies":"Small Slimes","floor":5.0,"turns":1.0},{"damage":6.0,"enemies":"Gremlin Nob","floor":6.0,"turns":1.0},{"damage":32.0,"enemies":"Lagavulin","floor":8.0,"turns":4.0},{"damage":24.0,"enemies":"Gremlin Nob","floor":12.0,"turns":3.0},{"damage":6.0,"enemies":"2 Louse","floor":14.0,"turns":1.0},{"damage":18.0,"enemies":"Hexaghost","floor":16.0,"turns":3.0},{"damage":12.0,"enemies":"2 Thieves","floor":18.0,"turns":2.0},{"damage":21.0,"enemies":"Shell Parasite","floor":21.0,"turns":3.0},{"damage":32.0,"enemies":"Slavers","floor":24.0,"turns":4.0},{"damage":14.0,"enemies":"Centurion and Healer","floor":25.0,"turns":2.0},{"damage":14.0,"enemies":"Snake Plant","floor":27.0,"turns":2.0},{"damage":28.0,"enemies":"Colosseum Slavers","floor":28.0,"turns":2.0},{"damage":21.0,"enemies":"Colosseum Nobs","floor":28.0,"turns":3.0},{"damage":22.0,"enemies":"Book of Stabbing","floor":29.0,"turns":2.0},{"damage":7.0,"enemies":"Shelled Parasite and Fungi","floor":30.0,"turns":1.0},{"damage":32.0,"enemies":"Slavers","floor":31.0,"turns":2.0},{"damage":14.0,"enemies":"Champ","floor":33.0,"turns":2.0},{"damage":7.0,"enemies":"3 Shapes","floor":35.0,"turns":1.0},{"damage":8.0,"enemies":"Orb Walker","floor":36.0,"turns":1.0},{"damage":7.0,"enemies":"Mind Bloom Boss Battle","floor":37.0,"turns":1.0},{"damage":7.0,"enemies":"Sphere and 2 Shapes","floor":39.0,"turns":1.0},{"damage":7.0,"enemies":"Nemesis","floor":40.0,"turns":1.0},{"damage":7.0,"enemies":"Jaw Worm Horde","floor":42.0,"turns":1.0},{"damage":14.0,"enemies":"3 Darklings","floor":45.0,"turns":2.0},{"damage":14.0,"enemies":"Reptomancer","floor":46.0,"turns":2.0},{"damage":3.0,"enemies":"Sphere and 2 Shapes","floor":48.0,"turns":1.0},{"damage":6.0,"enemies":"Donu and Deca","floor":50.0,"turns":2.0},{"damage":6.0,"enemies":"Time Eater","floor":51.0,"turns":2.0},{"damage":6.0,"enemies":"Shield and Spear","floor":55.0,"turns":2.0},{"damage":17,"enemies":"The Heart","floor":56,"turns":5}],"seed_played":"5940658666957820507","potions_obtained":[{"floor":5.0,"key":"PowerPotion"},{"floor":8.0,"key":"Poison Potion"},{"floor":12.0,"key":"DistilledChaos"},{"floor":24.0,"key":"testmod-TimePotion"}],"is_trial":false,"path_per_floor":["M","?","?","?","M","E","R","E","T","R","?","E","R","M","R","B",null,"M","?","?","M","$","R","E","M","T","M","?","E","M","E","R","B",null,"M","M","?","?","M","E","R","M","T","$","M","E","R","M","R","B","B",null,"R","$","E","B",null],"character_chosen":"THE_SILENT","items_purchased":["MerchantsRug","AT_Kusabimaru"],"campfire_rested":0,"item_purchase_floors":[22,44],"current_hp_per_floor":[66,66,66,43,66,66,66,66,66,66,61,66,66,66,66,66,66,66,66,48,71,71,71,71,71,71,71,71,71,71,71,71,71,71,71,71,71,71,71,71,71,71,71,71,71,71,71,71,71,71,71,71,71,71,71,71],"gold":331,"neow_bonus":"THREE_ENEMY_KILL","is_daily":false,"chose_seed":false,"campfire_upgraded":9,"win_rate":0.0,"timestamp":1610258198,"path_taken":["M","?","?","?","M","E","R","E","T","R","?","E","R","M","R","BOSS","M","?","?","M","?","R","E","?","T","M","?","E","M","E","R","BOSS","M","M","?","?","?","E","R","M","T","$","M","E","R","M","R","BOSS","BOSS","R","$","E","BOSS"],"items_purchased_type":["Relic","Relic"],"build_version":"2020-12-22","purchased_purges":2,"victory":true,"max_hp_per_floor":[66,66,66,66,66,66,66,66,66,66,66,66,66,66,66,66,66,66,66,71,71,71,71,71,71,71,71,71,71,71,71,71,71,71,71,71,71,71,71,71,71,71,71,71,71,71,71,71,71,71,71,71,71,71,71,71],"relic_stats":{"counters":[31,61],"Golden Idol":248,"Blue Candle":[1],"Dead Branch":[30],"Eternal Feather":0,"Pen Nib":[4],"Letter Opener":[45],"Busted Crown":20,"Mummified Hand":[74],"Ornamental Fan":[12],"Black Star":6,"obtain_stats":[{"AT_ATBox":0,"DaveBox":0,"ice":0,"Bottled Tornado":26,"AT_ArchangelStaff":55,"testmod-CasingShield":28,"testmod-Brilliant":0,"AT_Kusabimaru":44,"Mummified Hand":28,"InkBottle":6,"Ring of the Snake":0,"AT_ForceNature":46,"MerchantsRug":22,"AT_RedTearstoneRing":43,"testmod-TestBox":0,"NeowsBlessing":0,"Golden Idol":4,"Blue Candle":29,"Dead Branch":37,"Eternal Feather":11,"AT_BladeRuinedKing":24,"Pen Nib":40,"Letter Opener":31,"testmod-Antiphasic":24,"SynthV:TestCard":1,"Busted Crown":34,"Transparent":0,"Ornamental Fan":55,"testmod-Hope":31,"Black Star":17,"AT_SunfireAegis":8,"StrikeDummy":40,"Meat on the Bone":12},{"AT_ATBox":0,"DaveBox":0,"ice":0,"Bottled Tornado":11,"AT_ArchangelStaff":30,"testmod-CasingShield":14,"testmod-Brilliant":0,"AT_Kusabimaru":24,"Mummified Hand":14,"InkBottle":3,"Ring of the Snake":0,"AT_ForceNature":26,"MerchantsRug":9,"AT_RedTearstoneRing":24,"testmod-TestBox":0,"NeowsBlessing":0,"Golden Idol":1,"Blue Candle":15,"Dead Branch":21,"Eternal Feather":4,"AT_BladeRuinedKing":10,"Pen Nib":23,"Letter Opener":17,"testmod-Antiphasic":10,"SynthV:TestCard":1,"Busted Crown":18,"Transparent":0,"Ornamental Fan":30,"testmod-Hope":17,"Black Star":7,"AT_SunfireAegis":4,"StrikeDummy":23,"Meat on the Bone":5},{"AT_ATBox":0,"DaveBox":0,"ice":0,"Bottled Tornado":25,"AT_ArchangelStaff":56,"testmod-CasingShield":32,"testmod-Brilliant":0,"AT_Kusabimaru":45,"Mummified Hand":32,"InkBottle":3,"Ring of the Snake":0,"AT_ForceNature":49,"MerchantsRug":19,"AT_RedTearstoneRing":45,"testmod-TestBox":0,"NeowsBlessing":0,"Golden Idol":1,"Blue Candle":34,"Dead Branch":42,"Eternal Feather":7,"AT_BladeRuinedKing":23,"Pen Nib":44,"Letter Opener":37,"testmod-Antiphasic":23,"SynthV:TestCard":1,"Busted Crown":39,"Transparent":0,"Ornamental Fan":56,"testmod-Hope":37,"Black Star":14,"AT_SunfireAegis":7,"StrikeDummy":44,"Meat on the Bone":10}],"InkBottle":[34],"Ring of the Snake":[62],"Meat on the Bone":12},"card_choices":[{"not_picked":["Reflex","AT_WindFlip"],"picked":"Blade Dance","floor":1.0},{"not_picked":["Reflex","Cloak And Dagger","PiercingWail","Flying Knee"],"picked":"MostiFishMod:Wind","floor":5.0},{"not_picked":["Terror","Noxious Fumes","Dodge and Roll","Masterful Stab"],"picked":"Acrobatics","floor":6.0},{"not_picked":["Deflect","AT_WindRun","MostiFishMod:PoisonShield","Poisoned Stab","Heel Hook"],"picked":"SKIP","floor":8.0},{"not_picked":["Slice","Dagger Throw","Backflip","MostiFishMod:PoisonShield"],"picked":"AT_KingSlayer","floor":12.0},{"not_picked":["Acrobatics","Distraction","AT_WindFlip","Poisoned Stab"],"picked":"PiercingWail","floor":14.0},{"not_picked":["Tools of the Trade","MostiFishMod:Wind","AT_KingSlayer","Glass Knife"],"picked":"MostiFishMod:AdrenalineArouse","floor":16.0},{"not_picked":["Caltrops","Flying Knee","Deflect","Prepared","PiercingWail"],"picked":"SKIP","floor":18.0},{"not_picked":["Choke+1","Outmaneuver","Unload","Poisoned Stab","Prepared"],"picked":"SKIP","floor":21.0},{"not_picked":["Flying Knee","Reflex","Dagger Spray","Skewer","MostiFishMod:ThornCasing"],"picked":"SKIP","floor":24.0},{"not_picked":["Acrobatics+1","Outmaneuver","Caltrops","AT_WindFlip","Bouncing Flask"],"picked":"SKIP","floor":25.0},{"not_picked":["Heel Hook","Masterful Stab","Eviscerate","Backflip"],"picked":"MostiFishMod:LethalBlade","floor":27.0},{"not_picked":["Quick Slash+1","Dodge and Roll","Dagger Spray","Outmaneuver"],"picked":"AT_Desolate","floor":28.0},{"not_picked":["MostiFishMod:FrostNova","Noxious Fumes","Masterful Stab","MostiFishMod:InvigoratingSolution+1","Deflect"],"picked":"SKIP","floor":29.0},{"not_picked":["Poisoned Stab","Dash","Skewer","Flying Knee+1"],"picked":"AT_ThistleTea","floor":30.0},{"not_picked":["Prepared","Phantasmal Killer","Poisoned Stab","MostiFishMod:InvigoratingSolution"],"picked":"Tactician","floor":31.0},{"not_picked":["AT_MyraUnstableElement","A Thousand Cuts","Die Die Die","Malaise"],"picked":"After Image","floor":33.0},{"not_picked":["AT_KneejerkReflex+1","Flying Knee","Expertise"],"picked":"SKIP","floor":35.0},{"not_picked":["Acrobatics","Deflect"],"picked":"Flechettes","floor":36.0},{"not_picked":["Blur","Catalyst+1"],"picked":"Infinite Blades","floor":39.0},{"not_picked":["Dagger Spray","Dagger Throw","Expertise"],"picked":"SKIP","floor":40.0},{"not_picked":["MostiFishMod:PerfectParry","Prepared","PiercingWail"],"picked":"SKIP","floor":42.0},{"not_picked":["MostiFishMod:PerfectParry+1","MostiFishMod:FrostNova+1"],"picked":"Terror","floor":45.0},{"not_picked":["Cloak And Dagger","Flying Knee","Glass Knife"],"picked":"SKIP","floor":46.0},{"not_picked":["Underhanded Strike","Poisoned Stab"],"picked":"Well Laid Plans+1","floor":48.0},{"not_picked":["Predator","Well Laid Plans","Quick Slash+1"],"picked":"SKIP","floor":55.0}],"player_experience":298637,"relics_obtained":[{"floor":1.0,"key":"SynthV:TestCard"},{"floor":6.0,"key":"InkBottle"},{"floor":8.0,"key":"AT_SunfireAegis"},{"floor":12.0,"key":"Meat on the Bone"},{"floor":24.0,"key":"testmod-Antiphasic"},{"floor":24.0,"key":"AT_BladeRuinedKing"},{"floor":26.0,"key":"Bottled Tornado"},{"floor":28.0,"key":"testmod-CasingShield"},{"floor":28.0,"key":"Mummified Hand"},{"floor":29.0,"key":"Blue Candle"},{"floor":31.0,"key":"testmod-Hope"},{"floor":31.0,"key":"Letter Opener"},{"floor":37.0,"key":"Dead Branch"},{"floor":40.0,"key":"Pen Nib"},{"floor":40.0,"key":"StrikeDummy"},{"floor":43.0,"key":"AT_RedTearstoneRing"},{"floor":46.0,"key":"AT_ForceNature"},{"floor":55.0,"key":"Ornamental Fan"},{"floor":55.0,"key":"AT_ArchangelStaff"}],"event_choices":[{"damage_healed":0.0,"max_hp_gain":0.0,"max_hp_loss":0.0,"gold_gain":0.0,"event_name":"Liars Game","player_choice":"Ignored","floor":2.0,"gold_loss":0.0,"damage_taken":0.0},{"cards_removed":["Strike_G"],"damage_healed":0.0,"max_hp_gain":0.0,"max_hp_loss":0.0,"gold_gain":0.0,"event_name":"The Cleric","player_choice":"Card Removal","floor":3.0,"gold_loss":75.0,"damage_taken":0.0},{"damage_healed":0.0,"max_hp_gain":0.0,"max_hp_loss":0.0,"gold_gain":0.0,"event_name":"Golden Idol","player_choice":"Take Damage","floor":4.0,"gold_loss":0.0,"damage_taken":23.0,"relics_obtained":["Golden Idol"]},{"damage_healed":0.0,"max_hp_gain":0.0,"max_hp_loss":0.0,"gold_gain":0.0,"event_name":"Scrap Ooze","player_choice":"Success","floor":11.0,"gold_loss":0.0,"damage_taken":5.0,"relics_obtained":["Eternal Feather"]},{"damage_healed":0.0,"max_hp_gain":0.0,"max_hp_loss":0.0,"gold_gain":0.0,"event_name":"给自己的盒子","player_choice":"Ignored","floor":19.0,"gold_loss":0.0,"damage_taken":0.0},{"damage_healed":0.0,"max_hp_gain":5.0,"max_hp_loss":0.0,"gold_gain":0.0,"event_name":"Forgotten Altar","player_choice":"Shed Blood","floor":20.0,"gold_loss":0.0,"damage_taken":23.0},{"damage_healed":0.0,"max_hp_gain":0.0,"max_hp_loss":0.0,"gold_gain":0.0,"event_name":"Colosseum","player_choice":"Fight","floor":28.0,"gold_loss":0.0,"damage_taken":0.0},{"damage_healed":0.0,"max_hp_gain":0.0,"max_hp_loss":0.0,"gold_gain":0.0,"event_name":"Colosseum","player_choice":"Fought Nobs","floor":28.0,"gold_loss":0.0,"damage_taken":0.0},{"damage_healed":0.0,"max_hp_gain":0.0,"max_hp_loss":0.0,"gold_gain":0.0,"event_name":"MindBloom","player_choice":"Fight","floor":37.0,"gold_loss":0.0,"damage_taken":0.0},{"damage_healed":0.0,"max_hp_gain":0.0,"max_hp_loss":0.0,"gold_gain":0.0,"cards_transformed":["Strike_G"],"event_name":"Transmorgrifier","player_choice":"Transformed","floor":38.0,"gold_loss":0.0,"damage_taken":0.0,"cards_obtained":["Dash"]}],"is_beta":false,"boss_relics":[{"not_picked":["Snecko Eye","testmod-TimeTraveler"],"picked":"Black Star"},{"not_picked":["Cursed Key","EE1DDrone"],"picked":"Busted Crown"}],"items_purged_floors":[22,54],"is_endless":false,"potions_floor_spawned":[5,8,12,18,21,24,29,31,35,36,40,42,46,55],"ascension_level":20}}