{"host":"fdzt26oh6i4vaxrk","time":1610322582,"event":{"mods":["BaseMod","Colored Map","Minty Spire (QoL Compilation)"],"gold_per_floor":[217,237,252,252,268,268,293,293,373,398,398,1,1,14,14,90,90,110,124,124,11,27,27,57,57,80,80,111,137,153,179,179,257,257,275,497,514,8,23,23,71,71,71,105,130,4,39,51,63,75,87,99,2,30,30],"floor_reached":56,"playtime":7489,"items_purged":["Consume","Zap"],"score":2311,"play_id":"658ea656-8774-4991-87f6-b79ecf0f2ea8","local_time":"20210111004942","is_ascension_mode":true,"campfire_choices":[{"floor":6.0,"key":"REST"},{"floor":11.0,"key":"REST"},{"floor":13.0,"key":"DIG"},{"floor":15.0,"key":"DIG"},{"floor":23.0,"key":"DIG"},{"floor":25.0,"key":"DIG"},{"floor":27.0,"key":"DIG"},{"floor":32.0,"key":"DIG"},{"floor":40.0,"key":"RECALL"},{"floor":42,"key":"DIG"},{"floor":49,"key":"DIG"},{"floor":52,"key":"DIG"}],"circlet_count":0,"master_deck":["AscendersBane","Zap","Dualcast","Hologram","Self Repair","BootSequence","Hello World","White Noise","Conserve Battery","Apotheosis","Static Discharge","Echo Form","Sunder","Reprogram","Beam Cell+1","Fission","Consume","Gash+1","Scrape","Go for the Eyes","Reinforced Body","Stack","Chaos","Doom and Gloom+1","Skim","Compile Driver+1","Streamline+1","FTL+1","Reboot","CurseOfTheBell","Magnetism","Go for the Eyes+1","Leap","Machine Learning","Coolheaded+1","Undo","Purity","Mind Blast+1","Leap"],"relics":["Cracked Core","Shovel","Question Card","Anchor","Membership Card","Happy Flower","Letter Opener","Nunchaku","Pandora\u0027s Box","CaptainsWheel","Strawberry","Lantern","Art of War","Whetstone","Molten Egg 2","Red Mask","Regal Pillow","Vajra","Calling Bell","Omamori","Singing Bowl","Dead Branch","Thread and Needle","Toolbox","Juzu Bracelet","Ice Cream","Boot","MealTicket","Bird Faced Urn","Bronze Scales","MawBank","Mummified Hand","InkBottle","Lee\u0027s Waffle","Oddly Smooth Stone"],"acts_visited":["Exordium","TheCity","TheBeyond","TheEnding"],"potions_floor_usage":[41,55,55],"damage_taken":[{"damage":14.0,"enemies":"Small Slimes","floor":1.0,"turns":4.0},{"damage":1.0,"enemies":"Cultist","floor":2.0,"turns":3.0},{"damage":14.0,"enemies":"Jaw Worm","floor":3.0,"turns":4.0},{"damage":28.0,"enemies":"Exordium Wildlife","floor":5.0,"turns":6.0},{"damage":36.0,"enemies":"Gremlin Nob","floor":7.0,"turns":4.0},{"damage":10.0,"enemies":"Lagavulin","floor":10.0,"turns":6.0},{"damage":20.0,"enemies":"Exordium Thugs","floor":14.0,"turns":6.0},{"damage":10.0,"enemies":"The Guardian","floor":16.0,"turns":9.0},{"damage":23.0,"enemies":"Chosen","floor":18.0,"turns":4.0},{"damage":24.0,"enemies":"Shell Parasite","floor":19.0,"turns":5.0},{"damage":2.0,"enemies":"Shelled Parasite and Fungi","floor":22.0,"turns":5.0},{"damage":0.0,"enemies":"Book of Stabbing","floor":24.0,"turns":6.0},{"damage":3.0,"enemies":"Slavers","floor":28.0,"turns":3.0},{"damage":0.0,"enemies":"Masked Bandits","floor":29.0,"turns":3.0},{"damage":1.0,"enemies":"Cultist and Chosen","floor":30.0,"turns":5.0},{"damage":6.0,"enemies":"Gremlin Leader","floor":31.0,"turns":8.0},{"damage":18.0,"enemies":"Champ","floor":33.0,"turns":9.0},{"damage":0.0,"enemies":"3 Darklings","floor":35.0,"turns":3.0},{"damage":3.0,"enemies":"Orb Walker","floor":37.0,"turns":3.0},{"damage":0.0,"enemies":"Transient","floor":39.0,"turns":6.0},{"damage":2,"enemies":"2 Orb Walkers","floor":41,"turns":5},{"damage":0,"enemies":"Nemesis","floor":44,"turns":5},{"damage":14,"enemies":"Mind Bloom Boss Battle","floor":45,"turns":4},{"damage":29,"enemies":"Giant Head","floor":47,"turns":9},{"damage":55,"enemies":"Time Eater","floor":50,"turns":9},{"damage":45,"enemies":"Shield and Spear","floor":54,"turns":6},{"damage":76,"enemies":"The Heart","floor":55,"turns":7}],"seed_played":"1146611013676586453","potions_obtained":[{"floor":5.0,"key":"BlessingOfTheForge"},{"floor":7.0,"key":"GamblersBrew"},{"floor":16.0,"key":"Swift Potion"},{"floor":24.0,"key":"SpeedPotion"},{"floor":29.0,"key":"SkillPotion"},{"floor":30.0,"key":"Dexterity Potion"},{"floor":33.0,"key":"GamblersBrew"},{"floor":35.0,"key":"PowerPotion"},{"floor":45,"key":"Ancient Potion"},{"floor":47,"key":"Regen Potion"}],"is_trial":false,"path_per_floor":["M","M","M","?","M","R","E","?","T","E","R","$","R","M","R","B",null,"M","M","?","$","M","R","E","R","T","R","E","?","M","E","R","B",null,"M","?","M","$","M","R","?","R","T","E","?","$","E","?","R","B",null,"R","$","E","B",null],"character_chosen":"DEFECT","items_purchased":["Membership Card","Apotheosis","Happy Flower","Dexterity Potion","Energy Potion","Chaos","Swift Potion","PowerPotion","Thread and Needle","Toolbox","Magnetism","Go for the Eyes+1","Leap","Juzu Bracelet","Bronze Scales","Undo","Lee\u0027s Waffle","Leap"],"campfire_rested":2,"item_purchase_floors":[12,12,12,12,12,21,21,21,38,38,38,38,38,38,46,46,53,53],"current_hp_per_floor":[50,49,42,42,21,42,13,18,18,15,37,37,37,27,27,24,63,40,30,30,30,28,28,49,49,49,49,46,46,55,56,56,52,75,77,77,83,83,83,83,81,81,81,89,77,91,79,71,71,70,89,89,102,87,50],"gold":30,"neow_bonus":"HUNDRED_GOLD","is_daily":false,"chose_seed":false,"campfire_upgraded":0,"win_rate":0.0,"timestamp":1610322582,"path_taken":["M","M","M","?","?","R","E","?","T","E","R","$","R","M","R","BOSS","M","M","?","$","M","R","E","R","T","R","E","?","M","E","R","BOSS","M","?","M","$","M","R","?","R","T","E","?","?","E","?","R","BOSS","R","$","E","BOSS"],"items_purchased_type":["Relic","Card","Relic","Potion","Potion","Card","Potion","Potion","Relic","Relic","Card","Card","Card","Relic","Relic","Card","Relic","Card"],"build_version":"2020-12-22","purchased_purges":2,"victory":true,"max_hp_per_floor":[71,71,71,71,71,71,71,76,76,76,76,76,76,76,76,76,76,76,76,76,76,76,76,83,83,83,83,83,83,83,83,83,83,83,85,85,87,87,87,87,87,87,87,89,91,91,93,95,95,95,95,95,102,104,104],"card_choices":[{"not_picked":["Gash","Coolheaded"],"picked":"Hologram","floor":1.0},{"not_picked":["Hologram","Redo"],"picked":"Self Repair","floor":2.0},{"not_picked":["Redo","Reprogram"],"picked":"BootSequence","floor":3.0},{"not_picked":["Lockon","Undo"],"picked":"Hello World","floor":5.0},{"not_picked":["Static Discharge","Aggregate"],"picked":"White Noise","floor":7.0},{"not_picked":["Streamline","Coolheaded","Ball Lightning"],"picked":"Conserve Battery","floor":10.0},{"not_picked":["Fission","Compile Driver","Storm"],"picked":"Static Discharge","floor":14.0},{"not_picked":["Electrodynamics","Biased Cognition","All For One"],"picked":"Echo Form","floor":16.0},{"not_picked":["Recycle","Sunder","Conserve Battery+1"],"picked":"Go for the Eyes","floor":18.0},{"not_picked":["Sweeping Beam","FTL","Conserve Battery"],"picked":"Reinforced Body","floor":19.0},{"not_picked":["Streamline","Ball Lightning","Redo"],"picked":"Doom and Gloom+1","floor":22.0},{"not_picked":["Defragment","Steam","Lockon"],"picked":"Skim","floor":24.0},{"not_picked":["Redo","Barrage+1","Ball Lightning+1"],"picked":"Compile Driver+1","floor":28.0},{"not_picked":["Storm","Defragment","Redo"],"picked":"Streamline+1","floor":29.0},{"not_picked":["Conserve Battery","Self Repair","Hologram"],"picked":"FTL+1","floor":30.0},{"not_picked":["Streamline+1","Sweeping Beam+1","Scrape+1","Hyperbeam+1"],"picked":"SKIP","floor":31.0},{"not_picked":["Hyperbeam+1","Amplify","Thunder Strike+1"],"picked":"Reboot","floor":33.0},{"not_picked":["Gash+1","Conserve Battery","Streamline+1","Rebound+1"],"picked":"Singing Bowl","floor":35.0},{"not_picked":["Conserve Battery+1","BootSequence","Compile Driver+1","Fusion"],"picked":"Singing Bowl","floor":37.0},{"not_picked":["Gash+1","White Noise","Genetic Algorithm"],"picked":"Machine Learning","floor":39.0},{"not_picked":["Defragment","Hologram","Sweeping Beam+1"],"picked":"Coolheaded+1","floor":41},{"not_picked":["Scrape+1","Steam Power","Amplify","Beam Cell+1"],"picked":"Singing Bowl","floor":44},{"not_picked":["Barrage+1","Genetic Algorithm+1","Coolheaded","Streamline+1"],"picked":"Singing Bowl","floor":45},{"not_picked":["Rebound+1","Compile Driver+1","Turbo","Cold Snap+1"],"picked":"Singing Bowl","floor":47},{"not_picked":["Bandage Up","Violence","Chrysalis"],"picked":"Purity","floor":48},{"not_picked":["Forethought","Apotheosis","Master of Strategy"],"picked":"Mind Blast+1","floor":48},{"not_picked":["Bandage Up","Purity","Dramatic Entrance+1","The Bomb"],"picked":"Singing Bowl","floor":48},{"not_picked":["BootSequence","Hologram","Redo","Leap+1"],"picked":"Singing Bowl","floor":54}],"player_experience":569852,"relics_obtained":[{"floor":7.0,"key":"Shovel"},{"floor":9.0,"key":"Question Card"},{"floor":10.0,"key":"Anchor"},{"floor":13.0,"key":"Letter Opener"},{"floor":15.0,"key":"Nunchaku"},{"floor":23.0,"key":"CaptainsWheel"},{"floor":24.0,"key":"Strawberry"},{"floor":25.0,"key":"Lantern"},{"floor":26.0,"key":"Art of War"},{"floor":27.0,"key":"Whetstone"},{"floor":28.0,"key":"Molten Egg 2"},{"floor":29.0,"key":"Red Mask"},{"floor":31.0,"key":"Regal Pillow"},{"floor":32.0,"key":"Vajra"},{"floor":34.0,"key":"Omamori"},{"floor":34.0,"key":"Singing Bowl"},{"floor":34.0,"key":"Dead Branch"},{"floor":41,"key":"Ice Cream"},{"floor":42,"key":"Boot"},{"floor":44,"key":"MealTicket"},{"floor":45,"key":"Bird Faced Urn"},{"floor":47,"key":"MawBank"},{"floor":49,"key":"Mummified Hand"},{"floor":52,"key":"InkBottle"},{"floor":54,"key":"Oddly Smooth Stone"}],"event_choices":[{"damage_healed":0.0,"max_hp_gain":0.0,"max_hp_loss":0.0,"gold_gain":0.0,"event_name":"Match and Keep!","player_choice":"1 cards matched","floor":4.0,"gold_loss":0.0,"damage_taken":0.0,"cards_obtained":["Zap"]},{"damage_healed":0.0,"max_hp_gain":5.0,"max_hp_loss":0.0,"gold_gain":0.0,"event_name":"Big Fish","player_choice":"Donut","floor":8.0,"gold_loss":0.0,"damage_taken":0.0},{"damage_healed":0.0,"max_hp_gain":0.0,"max_hp_loss":0.0,"gold_gain":0.0,"event_name":"The Library","player_choice":"Read","floor":20.0,"gold_loss":0.0,"damage_taken":0.0,"cards_obtained":["Stack"]},{"damage_healed":0.0,"max_hp_gain":0.0,"max_hp_loss":0.0,"gold_gain":0.0,"event_name":"Masked Bandits","player_choice":"Fought Bandits","floor":29.0,"gold_loss":0.0,"damage_taken":0.0},{"damage_healed":0.0,"max_hp_gain":0.0,"max_hp_loss":0.0,"gold_gain":222.0,"event_name":"Tomb of Lord Red Mask","player_choice":"Wore Mask","floor":36.0,"gold_loss":0.0,"damage_taken":0.0},{"damage_healed":0,"gold_gain":0,"player_choice":"Fight","damage_taken":0,"max_hp_gain":0,"max_hp_loss":0,"event_name":"Mysterious Sphere","floor":41,"gold_loss":0},{"damage_healed":0,"gold_gain":0,"player_choice":"Fight","damage_taken":0,"max_hp_gain":0,"max_hp_loss":0,"event_name":"MindBloom","floor":45,"gold_loss":0},{"damage_healed":0,"gold_gain":0,"player_choice":"Memory 3","damage_taken":10,"max_hp_gain":0,"max_hp_loss":0,"event_name":"SensoryStone","floor":48,"gold_loss":0}],"is_beta":false,"boss_relics":[{"not_picked":["Astrolabe","Tiny House"],"picked":"Pandora\u0027s Box"},{"not_picked":["Nuclear Battery","Velvet Choker"],"picked":"Calling Bell"}],"items_purged_floors":[21,38],"is_endless":false,"potions_floor_spawned":[5,7,14,16,24,29,30,33,35,45,47],"ascension_level":18}}