{"host":"xnrw1j8ho83czkv7","time":1610317713,"event":{"mods":["AchievementEnabler","BaseMod","Colored Map","Colored Powertips","Minty Spire (QoL Compilation)","Quick Restart","StSLib"],"gold_per_floor":[116,41,216,216,216,256,256,297,322,366,366,382,382,382,382,382,382],"floor_reached":16,"playtime":476,"items_purged":["Strike_G"],"score":205,"play_id":"ceb68f40-5165-436b-8aaf-7bb8f13c90e8","local_time":"20210110222833","is_ascension_mode":true,"campfire_choices":[{"data":"Corpse Explosion","floor":7,"key":"SMITH"},{"data":"Bouncing Flask","floor":13,"key":"SMITH"},{"data":"Noxious Fumes","floor":15,"key":"SMITH"}],"circlet_count":0,"master_deck":["Strike_G","Strike_G","Strike_G","Strike_G","Defend_G","Defend_G","Defend_G","Defend_G","Defend_G","Survivor","Neutralize","Bouncing Flask+1","Corpse Explosion+1","Noxious Fumes+1","Caltrops"],"relics":["Ring of the Snake","NeowsBlessing","Golden Idol","MealTicket","Ginger","Tiny Chest","Tingsha","Mango"],"acts_visited":["Exordium"],"potions_floor_usage":[16,16],"damage_taken":[{"damage":0,"enemies":"Jaw Worm","floor":1,"turns":1},{"damage":0,"enemies":"Lagavulin","floor":6,"turns":1},{"damage":0,"enemies":"Gremlin Nob","floor":8,"turns":1},{"damage":8,"enemies":"3 Sentries","floor":10,"turns":4},{"damage":0,"enemies":"2 Louse","floor":12,"turns":2},{"damage":58,"enemies":"Slime Boss","floor":16,"turns":10}],"seed_played":"8102511864657666574","potions_obtained":[{"floor":10,"key":"Ancient Potion"},{"floor":12,"key":"Ancient Potion"}],"is_trial":false,"path_per_floor":["M","$","?","?","?","E","R","E","T","E","?","M","R","T","R","B"],"character_chosen":"THE_SILENT","items_purchased":[],"campfire_rested":0,"item_purchase_floors":[],"current_hp_per_floor":[70,70,70,63,46,46,46,46,46,38,43,43,43,57,57,0,0],"gold":382,"neow_bonus":"THREE_ENEMY_KILL","is_daily":false,"chose_seed":false,"campfire_upgraded":3,"win_rate":0.0,"timestamp":1610317713,"path_taken":["M","$","?","?","?","E","R","E","T","E","?","M","R","?","R","BOSS"],"items_purchased_type":[],"build_version":"2020-12-22","purchased_purges":1,"victory":false,"max_hp_per_floor":[70,70,70,70,70,70,70,70,70,70,75,75,75,89,89,89,89],"card_choices":[{"not_picked":["Acrobatics","Eviscerate"],"picked":"Bouncing Flask","floor":1},{"not_picked":["Flying Knee","Outmaneuver"],"picked":"Corpse Explosion","floor":6},{"not_picked":["Finisher","Masterful Stab"],"picked":"Noxious Fumes","floor":8},{"not_picked":["Flying Knee","Poisoned Stab","Reflex"],"picked":"SKIP","floor":10},{"not_picked":["Deflect","Dagger Spray"],"picked":"Caltrops","floor":12}],"player_experience":26290,"relics_obtained":[{"floor":6,"key":"MealTicket"},{"floor":8,"key":"Ginger"},{"floor":9,"key":"Tiny Chest"},{"floor":10,"key":"Tingsha"},{"floor":14,"key":"Mango"}],"event_choices":[{"damage_healed":0,"gold_gain":175,"player_choice":"AGREE","damage_taken":0,"max_hp_gain":0,"max_hp_loss":0,"event_name":"Liars Game","floor":3,"gold_loss":0,"cards_obtained":["Doubt"]},{"cards_removed":["Doubt"],"damage_healed":0,"gold_gain":0,"player_choice":"Card Removal","damage_taken":7,"max_hp_gain":0,"max_hp_loss":0,"event_name":"Golden Wing","floor":4,"gold_loss":0},{"damage_healed":0,"gold_gain":0,"player_choice":"Take Damage","damage_taken":17,"relics_obtained":["Golden Idol"],"max_hp_gain":0,"max_hp_loss":0,"event_name":"Golden Idol","floor":5,"gold_loss":0},{"damage_healed":0,"gold_gain":0,"player_choice":"Donut","damage_taken":0,"max_hp_gain":5,"max_hp_loss":0,"event_name":"Big Fish","floor":11,"gold_loss":0}],"is_beta":false,"boss_relics":[],"items_purged_floors":[2],"is_endless":false,"potions_floor_spawned":[10,12],"killed_by":"Slime Boss","ascension_level":2}}