{"host":"ik8ww1p4uabx5gam","time":1610312791,"event":{"mods":["Always Whale","Aspiration","BaseMod","Beaked The Cultist","Better Third Choice","BetterRewards","Colored Map","Colored Powertips","Conspire","Energized Spire","FetchMod","GifTheSpireLib","Hubris","Infinite Spire","Ironclad Rager","Jedi Mod","Minty Spire (QoL Compilation)","Random Character Button","Replay The Spire","Shop Mod","Spicy Shops","Spikes Relics","StSLib","Stuff the Spire","The Bladedancer","The Blue Laboratory","The Runesmith","Wandering Minibosses","??????REMEMod"],"gold_per_floor":[109,79,97,97,117,117,146,146,146,177,177,208,228,255,255,351,351,364,364,382,342,342,342,355,388,436,462,462,240,240,250,250,356,356,366,375,375,375,1183,1183,1210,1225,1225,1241,1257,1275,1306,1317,1317,1317],"floor_reached":51,"playtime":2697,"items_purged":["Strike_R"],"score":1201,"play_id":"c760614e-df9b-4f3a-909c-de414c4926ec","local_time":"20210110150631","is_ascension_mode":true,"campfire_choices":[{"data":"infinitespire:Starlight","floor":6,"key":"SMITH"},{"data":"Armaments","floor":11,"key":"SMITH"},{"data":"REME_ACTH","floor":15,"key":"SMITH"},{"data":"Panache","floor":23,"key":"SMITH"},{"data":"jedi:forcepush","floor":28,"key":"SMITH"},{"data":"StuffTheSpire:Innocence","floor":40,"key":"SMITH"},{"data":"jedi:harder","floor":49,"key":"SMITH"}],"circlet_count":0,"master_deck":["Strike_R+1","Strike_R","Strike_R","Strike_R","Defend_R","Defend_R","Defend_R","Defend_R","StuffTheSpire:Pyroclast+1","Panache+1","Pommel Strike+1","jedi:forcepush+1","Clash","Anger","infinitespire:Starlight+1","REME_ACTH+1","Shrug It Off","Armaments+1","StuffTheSpire:Slingshot","StuffTheSpire:Innocence+1","jedi:harder+1","jedi:LeechingStrike","Iron Wave"],"relics":["Burning Blood","REME_ComplimentaryCards","Guide Book","Rawhide","Paper Frog","ShockBauble","SnailShell","hubris:Metronome","conspire:TopHat","Pondfish Scales","energizedSpire:RedRose","hubris:SlimyHat","CeramicFish","aspiration:TomeofQuesting","StuffTheSpire:NeowsTribute","infinitespire:Beetle Shell","energizedSpire:EnergizedDie","Ornamental Fan","wanderingMiniBosses:MasterThiefsPresence","infinitespire:Satchel","Red Skull","Replay:WaspNest"],"acts_visited":["Exordium","TheCity","TheBeyond"],"potions_floor_usage":[5,7,16,27,33,39,47,50],"damage_taken":[{"damage":7,"enemies":"Jaw Worm","floor":1,"turns":5},{"damage":4,"enemies":"Cultist","floor":3,"turns":3},{"damage":1,"enemies":"2 Louse","floor":5,"turns":2},{"damage":10,"enemies":"Gremlin Nob","floor":7,"turns":3},{"damage":9,"enemies":"3 Sentries","floor":10,"turns":6},{"damage":3,"enemies":"Lagavulin","floor":12,"turns":5},{"damage":0,"enemies":"Blue Slaver","floor":13,"turns":2},{"damage":25,"enemies":"Gremlin Nob","floor":14,"turns":4},{"damage":14,"enemies":"Fading Forest","floor":16,"turns":11},{"damage":0,"enemies":"Chosen","floor":18,"turns":2},{"damage":0,"enemies":"3 Byrds","floor":20,"turns":2},{"damage":0,"enemies":"Snecko","floor":21,"turns":7},{"damage":2,"enemies":"Centurion and Healer","floor":24,"turns":3},{"damage":1,"enemies":"Gremlin Leader","floor":25,"turns":3},{"damage":0,"enemies":"Slavers","floor":27,"turns":1},{"damage":1,"enemies":"Cultist and Chosen","floor":31,"turns":3},{"damage":27,"enemies":"Automaton","floor":33,"turns":11},{"damage":0,"enemies":"3 Shapes","floor":35,"turns":2},{"damage":1,"enemies":"Orb Walker","floor":39,"turns":5},{"damage":0,"enemies":"Reptomancer","floor":41,"turns":4},{"damage":0,"enemies":"3 Darklings","floor":42,"turns":2},{"damage":5,"enemies":"Maw","floor":44,"turns":7},{"damage":1,"enemies":"Jaw Worm Horde","floor":45,"turns":4},{"damage":0,"enemies":"Spire Growth","floor":46,"turns":4},{"damage":45,"enemies":"Nemesis","floor":47,"turns":13},{"damage":0,"enemies":"Maw","floor":48,"turns":5},{"damage":33,"enemies":"Awakened One","floor":50,"turns":13}],"seed_played":"4702168850354095654","potions_obtained":[{"floor":1,"key":"jedi:tentaclejuice"},{"floor":2,"key":"blueLaboratory:RememoryPotion"},{"floor":2,"key":"jedi:hoardpotion"},{"floor":12,"key":"Explosive Potion"},{"floor":20,"key":"BloodPotion"},{"floor":21,"key":"SteroidPotion"},{"floor":27,"key":"SpeedPotion"},{"floor":31,"key":"PowerPotion"},{"floor":33,"key":"Energy Potion"},{"floor":42,"key":"Regen Potion"}],"is_trial":false,"path_per_floor":["M","?","M","?","M","R","E","T","T","E","R","E","M","E","R","B",null,"M","?","M","M","?","R","M","E","T","E","R","?","AVR","M","R_BF","B",null,"M","?","?","?","M","R","E","M","T","M","M","M","E","M","R","B",null],"character_chosen":"IRONCLAD","items_purchased":["Guide Book","Rawhide","Panache","Pommel Strike"],"campfire_rested":0,"item_purchase_floors":[0,0,0,0],"current_hp_per_floor":[44,44,46,26,31,31,42,42,42,54,54,72,80,61,61,80,80,80,80,80,80,80,80,80,80,80,80,80,80,80,80,80,59,80,80,70,70,70,75,75,80,80,80,80,80,80,57,77,77,72],"gold":1317,"neow_bonus":"","is_daily":false,"chose_seed":false,"campfire_upgraded":7,"win_rate":0.0,"timestamp":1610312791,"path_taken":["M","?","?","?","M","R","E","?","T","E","R","E","M","E","R","BOSS","M","?","M","?","?","R","M","E","T","E","R","?","AVR","M","R_BF","BOSS","M","?","?","?","M","R","E","M","T","M","M","?","E","M","R","BOSS"],"items_purchased_type":["Relic","Relic","Card","Card"],"build_version":"2020-12-22","purchased_purges":1,"victory":true,"max_hp_per_floor":[80,80,80,80,80,80,80,80,80,80,80,80,80,80,80,80,80,80,80,80,80,80,80,80,80,80,80,80,80,80,80,80,80,80,80,80,80,80,80,80,80,80,80,80,80,80,80,80,80,80],"card_choices":[{"not_picked":["Reckless Charge","Absolvement"],"picked":"Clash","floor":1},{"not_picked":["Blood for Blood","hubris:ReadiedAction"],"picked":"Anger","floor":3},{"not_picked":["infinitespire:FinalStrike","infinitespire:NeuralNetwork"],"picked":"infinitespire:Starlight","floor":4},{"not_picked":["jedi:fear","Warcry"],"picked":"REME_ACTH","floor":5},{"not_picked":["Pommel Strike","jedi:MakeshiftSword"],"picked":"Shrug It Off","floor":7},{"not_picked":["ReplayTheSpireMod:Strike From Hell","Immolate"],"picked":"Armaments","floor":10},{"not_picked":["Run Through","Anger","StuffTheSpire:RockThrow"],"picked":"SKIP","floor":12},{"not_picked":["Warcry","Clothesline"],"picked":"StuffTheSpire:Slingshot","floor":13},{"not_picked":["StuffTheSpire:Resist","Thunderclap","StuffTheSpire:Slingshot"],"picked":"SKIP","floor":14},{"not_picked":["Flex","Warcry","Body Slam"],"picked":"SKIP","floor":18},{"not_picked":["Body Slam","StuffTheSpire:RockThrow+1","hubris:ReadiedAction"],"picked":"SKIP","floor":20},{"not_picked":["hubris:ReadiedAction","Shockwave","Clash"],"picked":"SKIP","floor":21},{"not_picked":["Hemokinesis+1","Twin Strike","Shrug It Off"],"picked":"SKIP","floor":24},{"not_picked":["Headbutt+1","Seeing Red","Shrug It Off+1"],"picked":"SKIP","floor":25},{"not_picked":["REME_SingleHolding+1","Pommel Strike","REME_ACTH"],"picked":"SKIP","floor":27},{"not_picked":["conspire:ExplosiveBarrier+1","Armaments","Massacre"],"picked":"SKIP","floor":31},{"not_picked":["conspire:HitWhereItHurts","Feed"],"picked":"jedi:harder","floor":33},{"not_picked":["jedi:hate","Headbutt+1","Run Through+1"],"picked":"SKIP","floor":35},{"not_picked":["Replay:BasicMightCard","Transmutation"],"picked":"jedi:LeechingStrike","floor":36},{"not_picked":["True Grit","StuffTheSpire:Incineration+1"],"picked":"Iron Wave","floor":39},{"not_picked":["Corruption","Clothesline","Heavy Blade+1"],"picked":"SKIP","floor":41},{"not_picked":["Sever Soul","Heavy Blade","StuffTheSpire:Incineration"],"picked":"SKIP","floor":42},{"not_picked":["conspire:Charge","Bloodletting","REME_TheLastStrike"],"picked":"SKIP","floor":44},{"not_picked":["Seeing Red","Shrug It Off","True Grit"],"picked":"SKIP","floor":45},{"not_picked":["jedi:controlledanger+1","Shrug It Off","conspire:ExplosiveBarrier+1"],"picked":"SKIP","floor":46},{"not_picked":["Disarm+1","jedi:strikingstrike","Metallicize+1"],"picked":"SKIP","floor":47},{"not_picked":["Replay:Undeath\u0027s Touch","Invigoration","Defy Death+1"],"picked":"SKIP","floor":48}],"player_experience":1018641,"relics_obtained":[{"floor":7,"key":"Paper Frog"},{"floor":8,"key":"ShockBauble"},{"floor":9,"key":"SnailShell"},{"floor":10,"key":"hubris:Metronome"},{"floor":12,"key":"conspire:TopHat"},{"floor":14,"key":"Pondfish Scales"},{"floor":22,"key":"hubris:SlimyHat"},{"floor":25,"key":"CeramicFish"},{"floor":26,"key":"aspiration:TomeofQuesting"},{"floor":27,"key":"StuffTheSpire:NeowsTribute"},{"floor":39,"key":"wanderingMiniBosses:MasterThiefsPresence"},{"floor":41,"key":"infinitespire:Satchel"},{"floor":43,"key":"Red Skull"},{"floor":47,"key":"Replay:WaspNest"}],"event_choices":[{"damage_healed":0,"gold_gain":0,"player_choice":"Bought 2 Potions","damage_taken":0,"max_hp_gain":0,"max_hp_loss":0,"event_name":"The Woman in Blue","floor":2,"gold_loss":0},{"cards_removed":["Bash"],"damage_healed":0,"gold_gain":0,"player_choice":"Offered Basic","damage_taken":0,"max_hp_gain":0,"max_hp_loss":0,"event_name":"Bonfire Elementals","floor":19,"gold_loss":0},{"damage_healed":0,"gold_gain":0,"player_choice":"Memory 3","damage_taken":10,"max_hp_gain":0,"max_hp_loss":0,"event_name":"SensoryStone","floor":36,"gold_loss":0},{"damage_healed":0,"gold_gain":0,"player_choice":"Ignored","damage_taken":0,"max_hp_gain":0,"max_hp_loss":0,"event_name":"Tomb of Lord Red Mask","floor":37,"gold_loss":0}],"is_beta":false,"boss_relics":[{"not_picked":["hubris:TerracottaHorce","energizedSpire:StickyHand"],"picked":"energizedSpire:RedRose"},{"not_picked":["REME_LowDesire","conspire:RunicOctahedron"],"picked":"energizedSpire:EnergizedDie"}],"items_purged_floors":[0],"is_endless":false,"potions_floor_spawned":[1,12,20,21,27,31,33,41,42,46],"ascension_level":1}}