{"host":"xnrw1j8ho83czkv7","time":1610317224,"event":{"mods":["AchievementEnabler","BaseMod","Colored Map","Colored Powertips","Minty Spire (QoL Compilation)","Quick Restart","StSLib"],"gold_per_floor":[368,385,404,329,404,430,447,465,465,465,481,481,512,512,512,611,611,621,433,447,465,465,465],"floor_reached":22,"playtime":1318,"items_purged":["Strike_R","Strike_R"],"score":208,"play_id":"547a311a-134d-4568-a910-5c4674bfb5b1","local_time":"20210110222024","is_ascension_mode":true,"campfire_choices":[{"data":"Body Slam","floor":15,"key":"SMITH"}],"circlet_count":0,"master_deck":["Strike_R","Strike_R","Defend_R","Defend_R","Defend_R","Defend_R","Bash","Whirlwind","Body Slam+1","Fire Breathing","Impervious","Power Through","Impatience"],"relics":["Burning Blood","Thread and Needle","Bag of Marbles","Lantern","Mark of Pain"],"acts_visited":["Exordium","TheCity"],"potions_floor_usage":[6,6,7,11,13,16,16,20],"damage_taken":[{"damage":3,"enemies":"Small Slimes","floor":1,"turns":3},{"damage":8,"enemies":"Jaw Worm","floor":2,"turns":5},{"damage":5,"enemies":"2 Louse","floor":3,"turns":2},{"damage":12,"enemies":"3 Sentries","floor":6,"turns":7},{"damage":18,"enemies":"Large Slime","floor":7,"turns":8},{"damage":0,"enemies":"Lots of Slimes","floor":8,"turns":1},{"damage":0,"enemies":"2 Fungi Beasts","floor":11,"turns":2},{"damage":27,"enemies":"Lagavulin","floor":13,"turns":6},{"damage":55,"enemies":"The Guardian","floor":16,"turns":15},{"damage":26,"enemies":"Spheric Guardian","floor":18,"turns":6},{"damage":16,"enemies":"2 Thieves","floor":20,"turns":3},{"damage":33,"enemies":"Chosen and Byrds","floor":21,"turns":7},{"damage":30,"enemies":"Cultist and Chosen","floor":22,"turns":5}],"seed_played":"7577113698515128375","potions_obtained":[{"floor":1,"key":"Fire Potion"},{"floor":3,"key":"Explosive Potion"},{"floor":7,"key":"EntropicBrew"},{"floor":11,"key":"BlessingOfTheForge"},{"floor":13,"key":"BloodPotion"},{"floor":20,"key":"Fruit Juice"}],"is_trial":false,"path_per_floor":["M","M","M","$","?","E","M","M","T","?","M","?","E","?","R","B",null,"M","$","M","M","M"],"character_chosen":"IRONCLAD","items_purchased":["Impatience"],"campfire_rested":0,"item_purchase_floors":[19],"current_hp_per_floor":[72,70,71,71,60,54,42,48,48,41,47,47,26,72,72,23,72,52,52,47,20,0,0],"gold":465,"neow_bonus":"TWO_FIFTY_GOLD","is_daily":false,"chose_seed":false,"campfire_upgraded":1,"win_rate":0.0,"timestamp":1610317224,"path_taken":["M","M","M","$","?","E","M","M","T","?","M","?","E","?","R","BOSS","M","$","M","M","?"],"items_purchased_type":["Card"],"build_version":"2020-12-22","purchased_purges":2,"victory":false,"max_hp_per_floor":[72,72,72,72,72,72,72,72,72,72,72,72,72,72,72,72,72,72,72,77,77,77,77],"card_choices":[{"not_picked":["Shockwave","Sword Boomerang"],"picked":"Whirlwind","floor":1},{"not_picked":["Warcry","Twin Strike","Burning Pact"],"picked":"SKIP","floor":2},{"not_picked":["Sword Boomerang","Headbutt","Rupture"],"picked":"SKIP","floor":3},{"not_picked":["Warcry","Uppercut"],"picked":"Body Slam","floor":6},{"not_picked":["Pummel","Cleave","Dropkick"],"picked":"SKIP","floor":7},{"not_picked":["Warcry","Perfected Strike","Clothesline"],"picked":"SKIP","floor":8},{"not_picked":["Clothesline","Hemokinesis","Headbutt"],"picked":"SKIP","floor":11},{"not_picked":["Clothesline","Ghostly Armor"],"picked":"Fire Breathing","floor":13},{"not_picked":["Offering","Corruption"],"picked":"Impervious","floor":16},{"not_picked":["Intimidate","Flex"],"picked":"Power Through","floor":18},{"not_picked":["Power Through","Cleave","Flex"],"picked":"SKIP","floor":20},{"not_picked":["Brutality","Body Slam","Iron Wave"],"picked":"SKIP","floor":21}],"player_experience":24972,"relics_obtained":[{"floor":6,"key":"Thread and Needle"},{"floor":9,"key":"Bag of Marbles"},{"floor":13,"key":"Lantern"}],"event_choices":[{"damage_healed":0,"gold_gain":75,"player_choice":"Gather Gold","damage_taken":11,"max_hp_gain":0,"max_hp_loss":0,"event_name":"World of Goop","floor":5,"gold_loss":0},{"cards_removed":["Strike_R"],"damage_healed":0,"gold_gain":0,"player_choice":"Card Removal","damage_taken":7,"max_hp_gain":0,"max_hp_loss":0,"event_name":"Golden Wing","floor":10,"gold_loss":0},{"damage_healed":0,"gold_gain":0,"player_choice":"Ignored","damage_taken":0,"max_hp_gain":0,"max_hp_loss":0,"event_name":"Liars Game","floor":12,"gold_loss":0},{"damage_healed":46,"gold_gain":0,"player_choice":"Full Heal","damage_taken":0,"max_hp_gain":0,"max_hp_loss":0,"event_name":"Wheel of Change","floor":14,"gold_loss":0}],"is_beta":false,"boss_relics":[{"not_picked":["Black Blood","Snecko Eye"],"picked":"Mark of Pain"}],"items_purged_floors":[4,19],"is_endless":false,"potions_floor_spawned":[1,3,7,11,13,20],"killed_by":"Cultist and Chosen","ascension_level":1}}