{"host":"6749gst1gzuv21qf","time":1610249726,"event":{"mods":["Aspiration","BaseMod","Better Altar","Better Match","Better Note","Better Sensory Stone","Better Skull","Better Third Choice","BetterRewards","Colored Map","Colored Powertips","Downfall","Highlight Path","Minty Spire (QoL Compilation)","Permanent Neow","Replay The Spire","Shop Mod","Spicy Shops","StSLib","The Cursed"],"gold_per_floor":[0,46,146,146,162,180,180,180,56,88,73,73,103,118,136,234,234,234,234,245,245,445,470,522,115,115,115,25,25,37,66,84,84,84,84],"floor_reached":33,"playtime":2621,"items_purged":["hexamod:Haunted"],"score":314,"play_id":"02646626-08cc-4e83-be14-e39fa4346d39","local_time":"20210109223526","is_ascension_mode":false,"campfire_choices":[{"floor":1,"key":"RECALL"},{"data":"Guardian:SphericShield","floor":8,"key":"SMITH"},{"data":"Guardian:CurlUp","floor":12,"key":"SMITH"},{"data":"Guardian:Orbwalk","floor":18,"key":"SMITH"}],"circlet_count":0,"master_deck":["Guardian:Defend_Guardian","Guardian:Defend_Guardian","Guardian:Defend_Guardian","Guardian:CurlUp+1","Guardian:TwinSlam","Guardian:SphericShield+1","Guardian:ChargeCore","Guardian:TemporalShield","Guardian:AncientConstruct+1","Guardian:FloatingOrbs+1","Guardian:TemporalStrike+1","Guardian:TemporalStrike+1","Guardian:ChargeCore","Guardian:TimeCapacitor+1","Guardian:WalkerClaw","Guardian:ConstructionForm+1","Guardian:Orbwalk+1","Guardian:FierceBash+1","Guardian:Orbwalk","Guardian:Gem_Yellow","Guardian:FastForward+1","Guardian:Gem_Crimson","Guardian:Gem_Red","Guardian:RevengeProtocol+1","Bite","Bite","Bite","Bite","Bite","Guardian:Reroute+1","Guardian:DonusPower","Guardian:ShieldCharger","Guardian:Planning"],"relics":["Guardian:ModeShifter","Golden Egg","Eternal Feather","Sundial","Replay:Multitool","Guardian:StasisSlotReductionRelic","aspiration:Stabinomicon","Omamori","Kunai","aspiration:ArtOfWarUpgrade","Mummified Hand"],"acts_visited":["Exordium","TheCity"],"potions_floor_usage":[10,16,23,32,33],"damage_taken":[{"damage":2,"enemies":"Jaw Worm","floor":5,"turns":4},{"damage":0,"enemies":"Small Slimes","floor":6,"turns":3},{"damage":0,"enemies":"downfall:FleeingMerchant","floor":9,"turns":4},{"damage":26,"enemies":"Lagavulin","floor":10,"turns":8},{"damage":9,"enemies":"downfall:FleeingMerchant","floor":11,"turns":4},{"damage":23,"enemies":"Gremlin Nob","floor":13,"turns":6},{"damage":0,"enemies":"2 Louse","floor":14,"turns":3},{"damage":12,"enemies":"Blue Slaver","floor":15,"turns":3},{"damage":17,"enemies":"downfall:Silent","floor":16,"turns":13},{"damage":9,"enemies":"Chosen","floor":20,"turns":5},{"damage":14,"enemies":"Book of Stabbing","floor":23,"turns":4},{"damage":13,"enemies":"downfall:FleeingMerchant","floor":25,"turns":4},{"damage":9,"enemies":"downfall:FleeingMerchant","floor":28,"turns":4},{"damage":14,"enemies":"Snake Plant","floor":30,"turns":3},{"damage":35,"enemies":"Slavers","floor":31,"turns":5},{"damage":8,"enemies":"Centurion and Healer","floor":32,"turns":4},{"damage":22,"enemies":"downfall:Watcher","floor":33,"turns":4}],"seed_played":"833942913541522668","potions_obtained":[{"floor":2,"key":"Guardian:BlockOnCardUsePotion"},{"floor":5,"key":"Dexterity Potion"},{"floor":16,"key":"hexamod:EctoCoolerPotion"},{"floor":31,"key":"Fire Potion"},{"floor":32,"key":"Explosive Potion"}],"is_trial":false,"path_per_floor":["R_BF","?","?","?","M","M","T","R","$","E","$","R","E","M","M","B",null,"R_BF","?","M","?","?","E","T","$","?","R","$","R","M","E","M","B"],"character_chosen":"GUARDIAN","items_purchased":["Guardian:FloatingOrbs","Guardian:TemporalStrike","Kunai","Art of War"],"campfire_rested":0,"item_purchase_floors":[9,9,25,25],"current_hp_per_floor":[80,80,80,80,78,78,78,80,80,54,45,54,31,31,19,2,80,80,80,71,71,71,57,57,44,44,56,51,56,44,15,7,0,0,0],"gold":84,"neow_bonus":"THREE_RARE_CARDS","is_daily":false,"chose_seed":false,"campfire_upgraded":3,"win_rate":0.0,"timestamp":1610249726,"path_taken":["R_BF","?","?","?","M","M","T","R","$","E","?","R","E","M","M","BOSS","R_BF","?","M","?","?","E","T","$","?","R","?","R","?","E","M","BOSS"],"items_purchased_type":["Card","Card","Relic","Relic"],"build_version":"2020-12-22","purchased_purges":1,"victory":false,"max_hp_per_floor":[80,80,80,80,80,80,80,80,80,80,80,80,80,80,80,80,80,80,80,80,80,80,80,80,80,56,56,56,56,56,56,56,56,56,56],"card_choices":[{"not_picked":["Guardian:BaubleBeam","Guardian:StasisStrike"],"picked":"Guardian:SphericShield","floor":0},{"not_picked":["Guardian:Reroute","Guardian:RefractedBeam"],"picked":"Guardian:Gem_Yellow","floor":2},{"not_picked":["Guardian:Gem_Cyan","Guardian:Recover"],"picked":"Guardian:ChargeCore","floor":5},{"not_picked":["Guardian:Gem_Red","Guardian:TemporalStrike"],"picked":"Guardian:TemporalShield","floor":6},{"not_picked":["Guardian:ChargeUp","Guardian:RollAttack"],"picked":"Guardian:AncientConstruct","floor":9},{"not_picked":["Guardian:TemporalShield","Guardian:Gem_Lightblue"],"picked":"Guardian:ChargeCore","floor":10},{"not_picked":["Guardian:DecasProtection","Guardian:VentSteam"],"picked":"Guardian:TimeCapacitor","floor":11},{"not_picked":["Guardian:Gem_Cyan","Guardian:PrismaticBarrier"],"picked":"Guardian:WalkerClaw","floor":13},{"not_picked":["Guardian:Incinerate","Guardian:FloatingOrbs"],"picked":"Guardian:ConstructionForm","floor":14},{"not_picked":["Guardian:ChargeUp","Guardian:Gem_Cyan"],"picked":"Guardian:Orbwalk","floor":15},{"not_picked":["Guardian:AncientConstruct","Guardian:ConstructionForm"],"picked":"Guardian:FierceBash","floor":16},{"not_picked":["Guardian:PrismaticBarrier","Guardian:Gem_Lightblue"],"picked":"Guardian:Gem_Yellow","floor":20},{"not_picked":["Guardian:Gem_Green","Guardian:WalkerClaw"],"picked":"Guardian:Gem_Red","floor":23},{"not_picked":["Guardian:PrimingBeam","Guardian:ChargeUp"],"picked":"Guardian:RevengeProtocol","floor":25},{"not_picked":["Guardian:PolyBeam","Guardian:PrismaticBeam"],"picked":"Guardian:Reroute","floor":28},{"not_picked":["Guardian:FloatingOrbs","Guardian:Incinerate+1"],"picked":"Guardian:DonusPower","floor":30},{"not_picked":["Guardian:VentSteam+1","Guardian:Gem_Green"],"picked":"Guardian:ShieldCharger","floor":31},{"not_picked":["Guardian:Suspension","Guardian:ShieldCharger"],"picked":"Guardian:Planning","floor":32}],"player_experience":617714,"relics_obtained":[{"floor":2,"key":"Golden Egg"},{"floor":7,"key":"Eternal Feather"},{"floor":10,"key":"Sundial"},{"floor":13,"key":"Replay:Multitool"},{"floor":23,"key":"aspiration:Stabinomicon"},{"floor":24,"key":"Omamori"},{"floor":31,"key":"Mummified Hand"}],"event_choices":[{"cards_removed":["Guardian:SphericShield"],"damage_healed":0,"gold_gain":0,"player_choice":"Take \u0026 Give","damage_taken":0,"max_hp_gain":0,"max_hp_loss":0,"event_name":"betterNote:BetterNote","floor":19,"gold_loss":0,"cards_obtained":["Guardian:Orbwalk"]},{"damage_healed":0,"gold_gain":0,"cards_transformed":["Guardian:Defend_Guardian","Guardian:Strike_Guardian"],"player_choice":"Became Test Subject","damage_taken":0,"max_hp_gain":0,"max_hp_loss":0,"event_name":"Drug Dealer","floor":21,"gold_loss":0,"cards_obtained":["Guardian:FastForward","Guardian:Gem_Crimson"]},{"damage_healed":0,"gold_gain":0,"player_choice":"Became a vampire","damage_taken":0,"max_hp_gain":0,"max_hp_loss":24,"event_name":"Vampires","floor":26,"gold_loss":0,"cards_obtained":["Bite","Bite","Bite","Bite","Bite"]}],"is_beta":false,"boss_relics":[{"not_picked":["Ring of Chaos","Cursed Key"],"picked":"Guardian:StasisSlotReductionRelic"}],"items_purged_floors":[28],"is_endless":false,"potions_floor_spawned":[5,16,31,32],"killed_by":"downfall:Watcher","ascension_level":0}}