{"host":"3m7kwbdmvdgbilll","time":1610306147,"event":{"mods":["2.2 Compatiblity","AchievementEnabler","Aspiration","BaseMod","Beaked The Cultist","Better Match","Better Sensory Stone","Better Skull","Better Third Choice","BetterRewards","CCEM","Colored Map","Colored Powertips","Conspire","Custom Start","Dark Map","Downfall","Energized Spire","GifTheSpireLib","Halation","Hermit","Highlight Path","Hubris","Infinite Spire","Jedi Mod","Marisa????????","Mimic Mod","Minty Spire (QoL Compilation)","Permanent Neow","Quick Restart","Rare Cards Sparkle","Replay The Spire","Shade Mod","Shop Mod","Small Relic Pack","Spicy Shops","StSLib","Stuff the Spire","The Alterego","The Construct","The Hierophant","The Servant 0.9.4","Unceasing Turn Reminder","Wandering Minibosses"],"gold_per_floor":[99,116,134,145,145,163,186,186,186,217,234,266,266,283,297,297,297],"floor_reached":16,"playtime":1333,"items_purged":[],"score":164,"play_id":"32a43a1a-81a3-4dc2-aedb-2cfda12394ff","local_time":"20210110141547","is_ascension_mode":false,"campfire_choices":[{"floor":1,"key":"RECALL"},{"floor":13,"key":"REST"}],"circlet_count":0,"master_deck":["Strike_R","Strike_R","Strike_R","Defend_R","Defend_R","Defend_R","Bash","Shockwave","Flex","conspire:ExplosiveBarrier","Twin Strike","ReplayTheSpireMod:Muscle Training","Bloodletting","relicPack:TruthCard","Bludgeon","Echo Form","FlawlessForm","Flex","ReplayTheSpireMod:Muscle Training","Cleave","Rampage"],"relics":["Burning Blood","CCEMRelics:Barrel","relicPack:EdsArm","aspiration:HummingbirdHeart","Boot"],"acts_visited":["Exordium"],"potions_floor_usage":[12,15,16,16,16,16,16,16],"damage_taken":[{"damage":5,"enemies":"2 Louse","floor":2,"turns":4},{"damage":12,"enemies":"Jaw Worm","floor":3,"turns":6},{"damage":0,"enemies":"Small Slimes","floor":4,"turns":3},{"damage":13,"enemies":"3 Louse","floor":6,"turns":5},{"damage":18,"enemies":"Lagavulin","floor":10,"turns":4},{"damage":20,"enemies":"Large Slime","floor":11,"turns":5},{"damage":15,"enemies":"Replay:BlueRogue","floor":12,"turns":7},{"damage":16,"enemies":"Exordium Wildlife","floor":14,"turns":6},{"damage":19,"enemies":"Exordium Thugs","floor":15,"turns":4}],"seed_played":"-5542628567046976511","potions_obtained":[{"floor":4,"key":"Energy Potion"},{"floor":6,"key":"PowerPotion"},{"floor":10,"key":"Strength Potion"},{"floor":14,"key":"ElixirPotion"},{"floor":15,"key":"EntropicBrew"}],"is_trial":false,"path_per_floor":["R","M","M","M","?","M","T","?","?","E","M","E","R","M","M","B"],"character_chosen":"IRONCLAD","items_purchased":[],"campfire_rested":1,"item_purchase_floors":[],"current_hp_per_floor":[80,80,74,80,80,73,73,73,73,61,47,38,60,50,37,0,0],"gold":297,"neow_bonus":"THREE_CARDS","is_daily":false,"chose_seed":false,"campfire_upgraded":0,"win_rate":0.0,"timestamp":1610306147,"path_taken":["R","M","M","M","?","M","T","?","?","E","M","E","R","M","M","BOSS"],"items_purchased_type":[],"build_version":"2020-12-22","purchased_purges":0,"victory":false,"max_hp_per_floor":[80,80,80,80,80,80,80,80,75,75,75,75,75,75,75,75,75],"card_choices":[{"not_picked":["Iron Wave","Body Slam"],"picked":"Shockwave","floor":0},{"not_picked":["Run Through","True Grit"],"picked":"ReplayReversal","floor":2},{"not_picked":["Replay:Undeath\u0027s Touch","Clash"],"picked":"Flex","floor":3},{"not_picked":["StuffTheSpire:Incineration","Spot Weakness"],"picked":"conspire:ExplosiveBarrier","floor":4},{"not_picked":["jedi:MakeshiftSword","StuffTheSpire:Slingshot","StuffTheSpire:RockThrow"],"picked":"SKIP","floor":6},{"not_picked":["Clothesline","Bloodletting"],"picked":"Flex","floor":10},{"not_picked":["Replay:Undeath\u0027s Touch","StuffTheSpire:Slingshot","hubris:StunningStrike"],"picked":"SKIP","floor":11},{"not_picked":["Twin Strike","Body Slam"],"picked":"ReplayTheSpireMod:Muscle Training","floor":12},{"not_picked":["Hemokinesis","Abandon"],"picked":"Cleave","floor":14},{"not_picked":["Whirlwind","Hemokinesis"],"picked":"Rampage","floor":15}],"player_experience":43781,"relics_obtained":[{"floor":5,"key":"CCEMRelics:Barrel"},{"floor":10,"key":"aspiration:HummingbirdHeart"},{"floor":12,"key":"Boot"}],"event_choices":[],"is_beta":false,"boss_relics":[],"items_purged_floors":[],"is_endless":false,"potions_floor_spawned":[4,6,10,14,15],"killed_by":"The Guardian","ascension_level":0}}