{"host":"ig7tc0uedzltt2sr","time":1610239503,"event":{"mods":["BaseMod","Better Twitch Integration","Block Reminder","Colored Map","Colored Powertips","Communication Mod","Current Relic Mod","GifTheSpireLib","HexUI Lib","Minty Spire (QoL Compilation)","Quick Restart","Random Character Button","Rare Cards Sparkle","Relic Sorter","Relic Stats","Slay the Relics Exporter","StSLib","SuperFastMode","Synergy Search","Twitch Decklist","Twitch Utils","everything is the same but u backflip on backflip","slay the spire mod where everything is the same but ironclad has a cowboy hat"],"gold_per_floor":[118,118,134,151,167,167,167],"floor_reached":6,"playtime":38,"items_purged":[],"score":38,"play_id":"aefe35ee-7519-4294-8c78-39a4b0674992","local_time":"20210109164503","is_ascension_mode":false,"campfire_choices":[],"circlet_count":0,"master_deck":["Strike_R","Strike_R","Strike_R","Strike_R","Strike_R","Defend_R","Defend_R","Defend_R","Defend_R","Bash","Entrench"],"relics":["Burning Blood","GremlinMask"],"acts_visited":["Exordium"],"potions_floor_usage":[],"damage_taken":[{"damage":10,"enemies":"Cultist","floor":1,"turns":4},{"damage":22,"enemies":"2 Louse","floor":3,"turns":4},{"damage":22,"enemies":"Small Slimes","floor":4,"turns":4},{"damage":33,"enemies":"Red Slaver","floor":5,"turns":4},{"damage":27,"enemies":"Gremlin Nob","floor":6,"turns":3}],"seed_played":"9166107783741232620","potions_obtained":[{"floor":3,"key":"SpeedPotion"},{"floor":4,"key":"EntropicBrew"}],"is_trial":false,"path_per_floor":["M","?","M","M","M","E"],"character_chosen":"IRONCLAD","items_purchased":[],"campfire_rested":0,"item_purchase_floors":[],"current_hp_per_floor":[84,84,68,52,25,0,0],"gold":167,"neow_bonus":"TEN_PERCENT_HP_BONUS","is_daily":false,"chose_seed":false,"campfire_upgraded":0,"win_rate":0.0,"timestamp":1610239503,"path_taken":["M","?","M","M","M","E"],"items_purchased_type":[],"build_version":"2020-12-22","purchased_purges":0,"victory":false,"max_hp_per_floor":[88,88,88,88,88,88,88],"relic_stats":{"counters":[5,19],"obtain_stats":[{"GremlinMask":2,"Burning Blood":0},{"GremlinMask":1,"Burning Blood":0},{"GremlinMask":4,"Burning Blood":0}],"Burning Blood":24},"card_choices":[{"not_picked":["Thunderclap","Combust","Heavy Blade"],"picked":"SKIP","floor":1},{"not_picked":["Warcry","Thunderclap"],"picked":"Entrench","floor":3},{"not_picked":["Evolve","Clothesline","Wild Strike"],"picked":"SKIP","floor":4},{"not_picked":["Wild Strike","True Grit","Headbutt"],"picked":"SKIP","floor":5}],"player_experience":1477535,"relics_obtained":[],"event_choices":[{"damage_healed":0,"gold_gain":0,"player_choice":"Trade","damage_taken":0,"relics_obtained":["GremlinMask"],"max_hp_gain":0,"max_hp_loss":0,"event_name":"FaceTrader","floor":2,"gold_loss":0}],"is_beta":false,"boss_relics":[],"items_purged_floors":[],"is_endless":false,"potions_floor_spawned":[3,4],"killed_by":"Gremlin Nob","ascension_level":0}}