{"host":"qksop9n5mnq4zoi8","time":1610292221,"event":{"mods":["Act Like it!","BaseMod","BetterRewards","Downfall","GifTheSpireLib","Highlight Path","Hubris","Minty Spire (QoL Compilation)","Replay The Spire","Shop Mod","StSLib","The Gatherer","The Hierophant"],"gold_per_floor":[99,114,168,187,187,202,251,267,287,321,321,206,219,219,239,239,239,239],"floor_reached":16,"playtime":3164,"items_purged":[],"score":104,"play_id":"e1f4c67f-6fab-4388-b846-11d27badd12d","local_time":"20210110132341","is_ascension_mode":false,"campfire_choices":[{"data":"Guardian:CurlUp","floor":1,"key":"SMITH"}],"circlet_count":0,"master_deck":["Guardian:Strike_Guardian","Guardian:Strike_Guardian","Guardian:Strike_Guardian","Guardian:Strike_Guardian","Guardian:Defend_Guardian","Guardian:Defend_Guardian+1","Guardian:Defend_Guardian","Guardian:Defend_Guardian","Guardian:CurlUp+1","Guardian:TwinSlam","Pot Of Greed","Guardian:Emergency","Guardian:Incinerate","Pot Of Greed","Guardian:Recover","Guardian:Clone","Guardian:Recover","Guardian:ChargeCore","Guardian:Gem_Orange","Guardian:Gem_Cyan","Guardian:ShieldCharger","Guardian:TemporalShield","Guardian:Planning","Guardian:ChargeCore","Guardian:ChargeCore","Pot Of Greed"],"relics":["Guardian:ModeShifter","Grinning Jar","Replay:Rubber Ducky","Guardian:PickAxe","Oddly Smooth Stone","Orichalcum"],"acts_visited":["Exordium"],"potions_floor_usage":[5,13,16,16],"damage_taken":[{"damage":2,"enemies":"Cultist","floor":2,"turns":5},{"damage":1,"enemies":"Jaw Worm","floor":4,"turns":5},{"damage":10,"enemies":"Jaw Worm","floor":5,"turns":5},{"damage":4,"enemies":"Small Slimes","floor":6,"turns":4},{"damage":0,"enemies":"2 Fungi Beasts","floor":8,"turns":4},{"damage":1,"enemies":"Blue Slaver","floor":9,"turns":4},{"damage":57,"enemies":"Gremlin Nob","floor":10,"turns":7},{"damage":0,"enemies":"downfall:FleeingMerchant","floor":12,"turns":4},{"damage":0,"enemies":"Lots of Slimes","floor":13,"turns":6},{"damage":0,"enemies":"Large Slime","floor":15,"turns":7},{"damage":12,"enemies":"downfall:Watcher","floor":16,"turns":4}],"seed_played":"-6282385788010976363","potions_obtained":[{"floor":2,"key":"ColorlessPotion"},{"floor":6,"key":"Ancient Potion"},{"floor":9,"key":"Elixir"},{"floor":10,"key":"Guardian:DefensiveModePotion"},{"floor":13,"key":"CultistPotion"}],"is_trial":false,"path_per_floor":["R","M","T","M","?","M","T","M","M","E","R","$","M","?","M","B"],"character_chosen":"GUARDIAN","items_purchased":["Guardian:TemporalShield","Guardian:Planning"],"campfire_rested":0,"item_purchase_floors":[12,12],"current_hp_per_floor":[80,78,78,77,67,63,63,63,62,5,5,5,5,5,5,0,0,0],"gold":239,"neow_bonus":"RANDOM_COMMON_RELIC","is_daily":false,"chose_seed":false,"campfire_upgraded":1,"win_rate":0.0,"timestamp":1610292221,"path_taken":["R","M","?","?","?","M","T","M","M","E","R","$","M","?","M","BOSS"],"items_purchased_type":["Card","Card"],"build_version":"2020-12-22","purchased_purges":0,"victory":false,"max_hp_per_floor":[80,80,80,80,80,80,80,80,80,80,80,80,80,80,80,80,80,80],"card_choices":[{"not_picked":["Guardian:GuardianWhirl","Guardian:Gem_Cyan"],"picked":"Guardian:Emergency","floor":2},{"not_picked":["Guardian:RollAttack","Guardian:TemporalShield"],"picked":"Guardian:Incinerate","floor":4},{"not_picked":["Guardian:PrimingBeam","Guardian:Gem_Cyan"],"picked":"Guardian:Recover","floor":6},{"not_picked":["Guardian:PiercingHide","Guardian:Repulse"],"picked":"Guardian:Clone","floor":8},{"not_picked":["Guardian:Clone","Guardian:PrismaticBeam"],"picked":"Guardian:Recover","floor":9},{"not_picked":["Guardian:Gem_Orange","Guardian:CrystalBeam"],"picked":"Guardian:ChargeCore","floor":10},{"not_picked":["Guardian:StasisStrike","Guardian:Gem_Purple"],"picked":"Guardian:ShieldCharger","floor":12},{"not_picked":["Guardian:PiercingHide","Guardian:PrismaticBarrier"],"picked":"Guardian:ChargeCore","floor":13},{"not_picked":["Guardian:GuardianWhirl","Guardian:PiercingHide"],"picked":"Guardian:ChargeCore","floor":15}],"player_experience":236587,"relics_obtained":[{"floor":3,"key":"Replay:Rubber Ducky"},{"floor":7,"key":"Oddly Smooth Stone"},{"floor":10,"key":"Orichalcum"}],"event_choices":[],"is_beta":false,"boss_relics":[],"items_purged_floors":[],"is_endless":false,"potions_floor_spawned":[2,6,9,10,13],"killed_by":"downfall:Watcher","ascension_level":0}}