{"host":"08t08ld674si40tv","time":1610252113,"event":{"mods":["AchievementEnabler","BaseMod","Colored Map","Minty Spire (QoL Compilation)","StSLib","SuperFastMode"],"gold_per_floor":[15,15,25,35,35,35,50,50,50,50,60,60,135,150,150,246,246,236,236,255,266,266,266,294,112,163,163,173,173,207,225,225,323,323,342,358,155,155,94,128,178,178,178,178,23,23,34,46,46,46,46],"floor_reached":50,"playtime":1525,"items_purged":["Strike_G","Defend_G","Strike_G"],"score":525,"play_id":"a00fc816-fbcc-407a-ba8f-ddc703209f50","local_time":"20210110131513","is_ascension_mode":false,"campfire_choices":[{"data":"Noxious Fumes","floor":6,"key":"SMITH"},{"data":"Skewer","floor":8,"key":"SMITH"},{"data":"Poisoned Stab","floor":10,"key":"SMITH"},{"data":"Prepared","floor":15,"key":"SMITH"},{"data":"Neutralize","floor":23,"key":"SMITH"},{"data":"Well Laid Plans","floor":27,"key":"SMITH"},{"data":"After Image","floor":29,"key":"SMITH"},{"floor":32,"key":"REST"},{"data":"Burst","floor":42,"key":"SMITH"},{"data":"Footwork","floor":44,"key":"SMITH"},{"floor":49,"key":"RECALL"}],"circlet_count":0,"master_deck":["Defend_G","Defend_G","Defend_G","Survivor","Neutralize+1","Noxious Fumes+1","Underhanded Strike","Poisoned Stab+1","Calculated Gamble","PiercingWail","Prepared+1","After Image+1","Bouncing Flask+1","Well Laid Plans+1","Reflex","Burst+1","Crippling Poison","Footwork+1","Tactician"],"relics":["Ring of the Snake","Blue Candle","Bottled Lightning","Sozu","The Courier","Orichalcum","Medical Kit","Bag of Preparation","Bird Faced Urn","Runic Dome","ClockworkSouvenir","HornCleat","Peace Pipe"],"acts_visited":["Exordium","TheCity","TheBeyond"],"potions_floor_usage":[24,24],"damage_taken":[{"damage":7,"enemies":"Jaw Worm","floor":1,"turns":4},{"damage":1,"enemies":"Cultist","floor":3,"turns":4},{"damage":5,"enemies":"Small Slimes","floor":4,"turns":4},{"damage":1,"enemies":"2 Fungi Beasts","floor":7,"turns":4},{"damage":0,"enemies":"Large Slime","floor":11,"turns":4},{"damage":1,"enemies":"Red Slaver","floor":14,"turns":2},{"damage":17,"enemies":"The Guardian","floor":16,"turns":9},{"damage":2,"enemies":"2 Thieves","floor":18,"turns":4},{"damage":8,"enemies":"Spheric Guardian","floor":20,"turns":4},{"damage":8,"enemies":"Snake Plant","floor":21,"turns":4},{"damage":4,"enemies":"Book of Stabbing","floor":24,"turns":4},{"damage":16,"enemies":"Sentry and Sphere","floor":28,"turns":5},{"damage":12,"enemies":"Gremlin Leader","floor":30,"turns":5},{"damage":6,"enemies":"Cultist and Chosen","floor":31,"turns":5},{"damage":17,"enemies":"Automaton","floor":33,"turns":8},{"damage":10,"enemies":"3 Darklings","floor":35,"turns":6},{"damage":0,"enemies":"3 Shapes","floor":36,"turns":4},{"damage":9,"enemies":"Giant Head","floor":40,"turns":8},{"damage":0,"enemies":"Mind Bloom Boss Battle","floor":41,"turns":5},{"damage":9,"enemies":"Jaw Worm Horde","floor":47,"turns":4},{"damage":0,"enemies":"Sphere and 2 Shapes","floor":48,"turns":5},{"damage":73,"enemies":"Time Eater","floor":50,"turns":13}],"seed_played":"4411593233376563709","potions_obtained":[{"floor":1,"key":"FearPotion"},{"floor":11,"key":"LiquidBronze"},{"floor":14,"key":"Block Potion"}],"is_trial":false,"path_per_floor":["M","?","M","M","T","R","M","R","T","R","M","?","?","M","R","B",null,"M","?","M","M","?","R","E","$","T","R","M","R","E","M","R","B",null,"M","M","$","?","$","E","?","R","T","R","$","?","M","M","R","B"],"character_chosen":"THE_SILENT","items_purchased":["Medical Kit","ClockworkSouvenir","Footwork","Tactician"],"campfire_rested":1,"item_purchase_floors":[25,37,39,45],"current_hp_per_floor":[63,63,62,57,57,57,56,56,56,56,56,49,38,37,37,20,70,68,68,60,52,52,52,48,48,48,48,32,32,20,20,41,30,70,60,66,66,66,66,61,69,69,69,69,69,66,61,66,66,0,0],"gold":46,"neow_bonus":"TRANSFORM_TWO_CARDS","is_daily":false,"chose_seed":false,"campfire_upgraded":9,"win_rate":0.0,"timestamp":1610252113,"path_taken":["M","?","M","M","?","R","M","R","T","R","?","?","?","M","R","BOSS","M","?","?","M","?","R","E","$","T","R","M","R","E","M","R","BOSS","M","M","$","?","$","E","?","R","T","R","$","?","M","M","R","BOSS"],"items_purchased_type":["Relic","Relic","Card","Card"],"build_version":"2020-12-22","purchased_purges":3,"victory":false,"max_hp_per_floor":[70,70,70,70,70,70,70,70,70,70,70,70,70,70,70,70,70,70,70,70,70,70,70,70,70,70,70,70,70,70,70,70,70,70,70,70,70,70,70,70,70,70,70,70,70,66,66,66,66,66,66],"card_choices":[{"not_picked":["Dagger Spray","Dodge and Roll"],"picked":"Skewer","floor":1},{"not_picked":["Prepared","Poisoned Stab"],"picked":"Calculated Gamble","floor":3},{"not_picked":["Flying Knee","Heel Hook","Deflect"],"picked":"SKIP","floor":4},{"not_picked":["Blade Dance","Dagger Throw"],"picked":"PiercingWail","floor":7},{"not_picked":["Outmaneuver","Skewer","Flying Knee"],"picked":"SKIP","floor":11},{"not_picked":["Bane","Deadly Poison"],"picked":"Prepared","floor":14},{"not_picked":["Storm of Steel","Bullet Time"],"picked":"After Image","floor":16},{"not_picked":["Deflect+1","Outmaneuver","Accuracy"],"picked":"SKIP","floor":18},{"not_picked":["Outmaneuver+1","Cloak And Dagger","Skewer"],"picked":"SKIP","floor":20},{"not_picked":["Dodge and Roll+1","Cloak And Dagger"],"picked":"Bouncing Flask","floor":21},{"not_picked":["Outmaneuver","Skewer"],"picked":"Well Laid Plans","floor":24},{"not_picked":["Masterful Stab+1","Blade Dance+1"],"picked":"Reflex","floor":28},{"not_picked":["A Thousand Cuts","Blade Dance","Reflex"],"picked":"SKIP","floor":30},{"not_picked":["Riddle With Holes","Quick Slash","Poisoned Stab"],"picked":"SKIP","floor":31},{"not_picked":["Doppelganger","Adrenaline"],"picked":"Burst","floor":33},{"not_picked":["Underhanded Strike+1","Deadly Poison+1","Sucker Punch"],"picked":"SKIP","floor":35},{"not_picked":["Acrobatics+1","Reflex"],"picked":"Crippling Poison","floor":36},{"not_picked":["Bane+1","Caltrops+1","PiercingWail+1"],"picked":"SKIP","floor":40},{"not_picked":["Dodge and Roll","Grand Finale","Cloak And Dagger+1"],"picked":"SKIP","floor":47},{"not_picked":["Well Laid Plans","Calculated Gamble+1","Bouncing Flask+1"],"picked":"SKIP","floor":48}],"player_experience":218587,"relics_obtained":[{"floor":5,"key":"Blue Candle"},{"floor":9,"key":"Bottled Lightning"},{"floor":24,"key":"Orichalcum"},{"floor":26,"key":"Bag of Preparation"},{"floor":30,"key":"Bird Faced Urn"},{"floor":40,"key":"HornCleat"},{"floor":41,"key":"Peace Pipe"}],"event_choices":[{"damage_healed":0,"gold_gain":0,"cards_transformed":["Strike_G"],"player_choice":"Change","damage_taken":0,"max_hp_gain":0,"max_hp_loss":0,"event_name":"Living Wall","floor":2,"gold_loss":0,"cards_obtained":["Poisoned Stab"]},{"cards_removed":["Strike_G"],"damage_healed":0,"gold_gain":0,"player_choice":"Card Removal","damage_taken":7,"max_hp_gain":0,"max_hp_loss":0,"event_name":"Golden Wing","floor":12,"gold_loss":0},{"damage_healed":0,"gold_gain":75,"player_choice":"Gather Gold","damage_taken":11,"max_hp_gain":0,"max_hp_loss":0,"event_name":"World of Goop","floor":13,"gold_loss":0},{"damage_healed":0,"gold_gain":0,"player_choice":"Gave Potion","damage_taken":0,"relics_obtained":["The Courier"],"max_hp_gain":0,"max_hp_loss":0,"event_name":"WeMeetAgain","floor":19,"gold_loss":0},{"damage_healed":0,"gold_gain":0,"player_choice":"Upgraded","damage_taken":0,"max_hp_gain":0,"max_hp_loss":0,"event_name":"Upgrade Shrine","floor":22,"gold_loss":0,"cards_upgraded":["Bouncing Flask"]},{"cards_removed":["Skewer"],"damage_healed":0,"gold_gain":0,"player_choice":"Removed Attack","damage_taken":0,"max_hp_gain":0,"max_hp_loss":0,"event_name":"Falling","floor":38,"gold_loss":0},{"damage_healed":0,"gold_gain":0,"player_choice":"Fight","damage_taken":0,"max_hp_gain":0,"max_hp_loss":0,"event_name":"MindBloom","floor":41,"gold_loss":0},{"damage_healed":0,"gold_gain":0,"player_choice":"Max HP","damage_taken":0,"max_hp_gain":0,"max_hp_loss":4,"event_name":"Winding Halls","floor":46,"gold_loss":0}],"is_beta":false,"boss_relics":[{"not_picked":["Ring of the Serpent","Philosopher\u0027s Stone"],"picked":"Sozu"},{"not_picked":["Velvet Choker","Runic Pyramid"],"picked":"Runic Dome"}],"items_purged_floors":[25,37,45],"is_endless":false,"potions_floor_spawned":[1,11,14,18,24,30,31,40,47,48],"killed_by":"Time Eater","ascension_level":0}}