{"host":"3lu18h28pc0a6dwf","time":1610305670,"event":{"mods":["2.2 Compatiblity","Act Like it!","BaseMod","Colored Map","Downfall","Jorbs\u0027s Wanderer Trilogy","Melee Mod","Minty Spire (QoL Compilation)","Rare Cards Sparkle","Replay The Spire","StSLib","The Cursed","Treasure Hunter"],"gold_per_floor":[99,99,99,99,99,158,158,158,158,158],"floor_reached":8,"playtime":384,"items_purged":[],"score":40,"play_id":"16cd5b2d-b349-4153-a14e-f36011b023e0","local_time":"20210110140750","is_ascension_mode":false,"campfire_choices":[{"data":"hexamod:Sear","floor":1,"key":"SMITH"}],"circlet_count":0,"master_deck":["hexamod:Strike","hexamod:Strike","hexamod:Strike","hexamod:Strike","hexamod:Defend","hexamod:Defend","hexamod:Defend","hexamod:Defend","hexamod:Sear+1","hexamod:Float","hexamod:GhostOfSpirePresent","hexamod:ThirdSeal","hexamod:EmpoweredFlame","hexamod:PhantomFireball"],"relics":["hexamod:SpiritBrand","downfall:HeartsMalice","Garlic"],"acts_visited":["Exordium"],"potions_floor_usage":[],"damage_taken":[{"damage":0,"enemies":"Small Slimes","floor":2,"turns":1},{"damage":0,"enemies":"Cultist","floor":4,"turns":1},{"damage":0,"enemies":"2 Louse","floor":5,"turns":1},{"damage":38,"enemies":"Lagavulin Event","floor":6,"turns":6},{"damage":36,"enemies":"Lagavulin","floor":8,"turns":7}],"seed_played":"4011341606782312953","potions_obtained":[],"is_trial":false,"path_per_floor":["R","M","?","M","M","?","T","E"],"character_chosen":"THE_SPIRIT","items_purchased":[],"campfire_rested":0,"item_purchase_floors":[],"current_hp_per_floor":[70,70,70,70,70,32,32,0,0,0],"gold":158,"neow_bonus":"THREE_ENEMY_KILL","is_daily":false,"chose_seed":false,"campfire_upgraded":1,"win_rate":0.0,"timestamp":1610305670,"path_taken":["R","M","?","M","?","?","T","E"],"items_purchased_type":[],"build_version":"2020-12-22","purchased_purges":0,"victory":false,"max_hp_per_floor":[70,70,70,70,70,70,70,70,70,70],"card_choices":[{"not_picked":["hexamod:FastForward","hexamod:ThermalTransfer"],"picked":"hexamod:GhostOfSpirePresent","floor":2},{"not_picked":["hexamod:ShieldOfDarkness","hexamod:SkipABeat"],"picked":"hexamod:ThirdSeal","floor":4},{"not_picked":["hexamod:HauntingEcho","hexamod:Haunt"],"picked":"hexamod:EmpoweredFlame","floor":5},{"not_picked":["hexamod:BurningTouch","hexamod:PhantomCloak"],"picked":"hexamod:PhantomFireball","floor":6},{"not_picked":["TH:BikiniMail","TH:TreasureMap"],"picked":"SKIP","floor":7}],"player_experience":232805,"relics_obtained":[{"floor":6,"key":"Garlic"}],"event_choices":[{"damage_healed":0,"gold_gain":0,"player_choice":"Ignored","damage_taken":0,"max_hp_gain":0,"max_hp_loss":0,"event_name":"NoteForYourself","floor":3,"gold_loss":0}],"is_beta":false,"boss_relics":[],"items_purged_floors":[],"is_endless":false,"potions_floor_spawned":[],"killed_by":"Lagavulin","ascension_level":0}}