{"host":"gzk4gkgy3zij1c51","time":1610260058,"event":{"mods":["BaseMod","Colored Map","Highlight Path","Marked Mod","Minty Spire (QoL Compilation)","Relic Stats","StSLib","everything is the same but u backflip on backflip"],"gold_per_floor":[115,115,75,90,106,106,106,106],"floor_reached":7,"playtime":351,"items_purged":[],"score":49,"play_id":"1f769af9-c2e5-4082-9bd6-696e4f0dd96a","local_time":"20210110062738","is_ascension_mode":true,"campfire_choices":[{"data":"MarkedMod:SlowDance","floor":6.0,"key":"SMITH"}],"circlet_count":0,"master_deck":["Strike_P","Strike_P","Strike_P","Strike_P","Defend_P","Defend_P","Defend_P","Defend_P","Eruption","Vigilance","MarkedMod:SlowDance+1","TalkToTheHand","MarkedMod:PinPointDefense","BowlingBash"],"relics":["PureWater","Tiny Chest"],"acts_visited":["Exordium"],"potions_floor_usage":[7,7,7],"damage_taken":[{"damage":13.0,"enemies":"2 Louse","floor":1.0,"turns":5.0},{"damage":8.0,"enemies":"Small Slimes","floor":4.0,"turns":4.0},{"damage":2.0,"enemies":"Cultist","floor":5.0,"turns":5.0},{"damage":23,"enemies":"Lagavulin","floor":7,"turns":5}],"seed_played":"7464896396602998260","potions_obtained":[{"floor":1.0,"key":"Strength Potion"},{"floor":3.0,"key":"SkillPotion"},{"floor":3.0,"key":"Swift Potion"},{"floor":5.0,"key":"FearPotion"}],"is_trial":false,"path_per_floor":["M","?","?","M","M","R","E"],"character_chosen":"WATCHER","items_purchased":[],"campfire_rested":0,"item_purchase_floors":[],"current_hp_per_floor":[38,31,31,23,21,21,0,0],"gold":106,"neow_bonus":"THREE_RARE_CARDS","is_daily":false,"chose_seed":false,"campfire_upgraded":1,"win_rate":0.0,"timestamp":1610260058,"path_taken":["M","?","?","M","M","R","E"],"items_purchased_type":[],"build_version":"2020-12-22","purchased_purges":0,"victory":false,"max_hp_per_floor":[72,72,72,72,72,72,72,72],"relic_stats":{"counters":[4,19],"Tiny Chest":0,"obtain_stats":[{"Tiny Chest":2,"PureWater":0},{"Tiny Chest":1,"PureWater":0},{"Tiny Chest":5,"PureWater":0}]},"card_choices":[{"not_picked":["Alpha","ConjureBlade"],"picked":"MarkedMod:SlowDance","floor":0.0},{"not_picked":["BowlingBash","CutThroughFate"],"picked":"TalkToTheHand","floor":1.0},{"not_picked":["BowlingBash","ReachHeaven"],"picked":"MarkedMod:PinPointDefense","floor":4.0},{"not_picked":["MarkedMod:SlowDance","Indignation"],"picked":"BowlingBash","floor":5.0}],"player_experience":568470,"relics_obtained":[],"event_choices":[{"damage_healed":0.0,"max_hp_gain":0.0,"max_hp_loss":0.0,"gold_gain":0.0,"event_name":"Scrap Ooze","player_choice":"Success","floor":2.0,"gold_loss":0.0,"damage_taken":7.0,"relics_obtained":["Tiny Chest"]},{"damage_healed":0.0,"max_hp_gain":0.0,"max_hp_loss":0.0,"gold_gain":0.0,"event_name":"The Woman in Blue","player_choice":"Bought 3 Potions","floor":3.0,"gold_loss":0.0,"damage_taken":0.0}],"is_beta":false,"boss_relics":[],"items_purged_floors":[],"is_endless":false,"potions_floor_spawned":[1,5],"killed_by":"Lagavulin","ascension_level":4}}