{"host":"8ew8rkkqvnu5a0j4","time":1610262510,"event":{"mods":["AchievementEnabler","Arknights The Spire","BaseMod","Colored Powertips","Decade(王小明)","Downfall","Friendly Minions","GungeonMod","Hermit","HololiveMod","Hubris","KinomotoSakuraMod(木之本樱)","Koishi","LagranYue(拉格朗・月)","Luminous","Marisa（F雨　魔理沙）","Minty Spire (QoL Compilation)","Nova Terra(诺娃・泰拉)","Quick Restart","READ ME - Guardian Mod","Rare Cards Sparkle","Reimu（博丽灵梦）","Remilia（蕾米莉亚）","Replay The Spire","Shop Mod","StSLib","Td1madao Mod","The Alterego","The Animator","The Bug Knight","The Cursed","The Hierophant","The Marked","The Mystic","The Poker Player","The Servant 0.9.4","WarShipGirlsR/战舰少女R mod","Youmu（魂魄妖梦）","Yuri Mod","【遗物卡牌】REMEMod"],"gold_per_floor":[99,114,126,126,142,142,215,234,254,286,286,319,333,368,380,380,380],"floor_reached":16,"playtime":1186,"items_purged":[],"score":171,"play_id":"247e582f-c20d-4139-8c80-71f7ccfa41d1","local_time":"20210110150830","is_ascension_mode":true,"campfire_choices":[{"data":"TreasureHunter","floor":1,"key":"SMITH"}],"circlet_count":0,"master_deck":["Strike_C","Strike_C+1","Strike_C","Defend_C","Defend_C","Defend_C","Defend_C+1","Knight Kick","Chip","TreasureHunter+1","Fire Up","Floating Swing Kick","Winding Magic","Coercion","Break Into","Black Spear","Black Contract","Load Balancing+1"],"relics":["Apod","REME_ComplimentaryCards","LagranYue:RandomDrawCardRelic","Simple Rune","Sundial","DemoMod:PinkGuonStone","DemoMod:ClearGuonStone","hubris:BottledRain","Frozen Egg 2"],"acts_visited":["Exordium"],"potions_floor_usage":[10,12,14],"damage_taken":[{"damage":4,"enemies":"Jaw Worm","floor":2,"turns":5},{"damage":0,"enemies":"2 Louse","floor":3,"turns":2},{"damage":0,"enemies":"Cultist","floor":5,"turns":3},{"damage":9,"enemies":"Exordium Wildlife","floor":8,"turns":6},{"damage":7,"enemies":"Gremlin Gang","floor":9,"turns":7},{"damage":38,"enemies":"3 Sentries","floor":10,"turns":11},{"damage":10,"enemies":"Lagavulin","floor":12,"turns":8},{"damage":8,"enemies":"Lots of Slimes","floor":13,"turns":4},{"damage":0,"enemies":"Gremlin Nob","floor":14,"turns":2},{"damage":0,"enemies":"Blue Slaver","floor":15,"turns":3},{"damage":4,"enemies":"downfall:Silent","floor":16,"turns":2}],"seed_played":"-7128483467279735102","potions_obtained":[{"floor":9,"key":"Block Potion"},{"floor":10,"key":"Regen Potion"},{"floor":13,"key":"AttackPotion"},{"floor":14,"key":"Elixir"}],"is_trial":false,"path_per_floor":["R","M","M","?","M","?","T","M","M","E","?","E","M","E","M","B"],"character_chosen":"TD1MADAO_CLASS","items_purchased":[],"campfire_rested":0,"item_purchase_floors":[],"current_hp_per_floor":[77,73,73,73,73,55,55,46,39,8,8,13,5,5,5,1,1],"gold":380,"neow_bonus":"TEN_PERCENT_HP_BONUS","is_daily":false,"chose_seed":false,"campfire_upgraded":1,"win_rate":0.0,"timestamp":1610262510,"path_taken":["R","M","M","?","M","?","T","M","M","E","?","E","M","E","M","BOSS"],"items_purchased_type":[],"build_version":"2020-12-22","purchased_purges":0,"victory":false,"max_hp_per_floor":[77,77,77,77,77,77,77,77,77,84,84,84,84,84,84,84,84],"card_choices":[{"not_picked":["Fire Blade","Sudden Beat"],"picked":"Fire Up","floor":2},{"not_picked":["Resistance","Light Attack"],"picked":"Floating Swing Kick","floor":3},{"not_picked":["Bugfix","Revenge","Fixing"],"picked":"SKIP","floor":5},{"not_picked":["Energy Supply","Thunder Jump"],"picked":"Winding Magic","floor":8},{"not_picked":["Black Hand","Cursed Blade"],"picked":"Coercion","floor":9},{"not_picked":["Floating Even","Chip Synthesis","Lunge"],"picked":"SKIP","floor":10},{"not_picked":["Three Hit","Fire Blade"],"picked":"Break Into","floor":12},{"not_picked":["Provocative","E MP"],"picked":"Black Spear","floor":13},{"not_picked":["Judgment","Black Execution"],"picked":"Black Contract","floor":14},{"not_picked":["Winding Magic","Black Execution"],"picked":"Load Balancing+1","floor":15}],"player_experience":675544,"relics_obtained":[{"floor":7,"key":"Sundial"},{"floor":10,"key":"DemoMod:PinkGuonStone"},{"floor":10,"key":"DemoMod:ClearGuonStone"},{"floor":12,"key":"hubris:BottledRain"},{"floor":14,"key":"Frozen Egg 2"}],"event_choices":[{"damage_healed":0,"gold_gain":0,"player_choice":"Success","damage_taken":18,"relics_obtained":["Simple Rune"],"max_hp_gain":0,"max_hp_loss":0,"event_name":"Scrap Ooze","floor":6,"gold_loss":0},{"cards_removed":["Strike_C"],"damage_healed":0,"gold_gain":0,"player_choice":"Purged","damage_taken":0,"max_hp_gain":0,"max_hp_loss":0,"event_name":"Purifier","floor":11,"gold_loss":0}],"is_beta":false,"boss_relics":[],"items_purged_floors":[],"is_endless":false,"potions_floor_spawned":[9,10,13,14],"killed_by":"downfall:Silent","ascension_level":3}}