{"host":"h4390p13uu6iw1q5","time":1610244781,"event":{"mods":["BaseMod","Colored Map","Minty Spire (QoL Compilation)"],"gold_per_floor":[114,39,54,69,84,84,99,114,139,139,154,154,169,199,199,199,199],"floor_reached":16,"playtime":901,"items_purged":["Accuracy"],"score":131,"play_id":"1ee5ec11-6ca8-4ebc-a6e9-13da346ed25a","local_time":"20210109211301","daily_mods":["Specialized","Diverse","Night Terrors"],"is_ascension_mode":false,"campfire_choices":[{"data":"Footwork","floor":6,"key":"SMITH"},{"data":"Eruption","floor":10,"key":"SMITH"},{"data":"Buffer","floor":15,"key":"SMITH"}],"circlet_count":0,"master_deck":["Strike_P","Strike_P","Strike_P","Strike_P","Defend_P","Defend_P","Defend_P","Defend_P","Eruption+1","Vigilance","Accuracy","Accuracy","Accuracy","Accuracy","Finisher","Footwork+1","Conserve Battery","Intimidate+1","Buffer+1","FlyingSleeves"],"relics":["PureWater","Strawberry","Mummified Hand"],"acts_visited":["Exordium"],"potions_floor_usage":[5,11,14,16,16],"damage_taken":[{"damage":0,"enemies":"2 Louse","floor":1,"turns":2},{"damage":0,"enemies":"Cultist","floor":3,"turns":2},{"damage":0,"enemies":"Small Slimes","floor":4,"turns":3},{"damage":0,"enemies":"2 Fungi Beasts","floor":5,"turns":2},{"damage":2,"enemies":"3 Louse","floor":7,"turns":6},{"damage":2,"enemies":"Blue Slaver","floor":8,"turns":8},{"damage":11,"enemies":"Exordium Thugs","floor":11,"turns":6},{"damage":23,"enemies":"Gremlin Gang","floor":13,"turns":10},{"damage":8,"enemies":"Lagavulin","floor":14,"turns":12},{"damage":34,"enemies":"Slime Boss","floor":16,"turns":8}],"seed_played":"-956745095108410897","potions_obtained":[{"floor":1,"key":"Fire Potion"},{"floor":5,"key":"SkillPotion"},{"floor":11,"key":"Dexterity Potion"},{"floor":13,"key":"Explosive Potion"},{"floor":14,"key":"Weak Potion"}],"is_trial":false,"path_per_floor":["M","$","M","M","M","R","M","M","T","R","M","?","M","E","R","B"],"character_chosen":"WATCHER","items_purchased":[],"campfire_rested":0,"item_purchase_floors":[],"current_hp_per_floor":[72,72,72,72,72,72,70,68,75,75,64,64,41,33,33,0,0],"gold":199,"neow_bonus":"","is_daily":true,"chose_seed":false,"campfire_upgraded":3,"win_rate":0.0,"timestamp":1610244781,"path_taken":["M","$","M","M","M","R","M","M","T","R","M","?","M","E","R","BOSS"],"items_purchased_type":[],"build_version":"2020-12-22","purchased_purges":1,"victory":false,"max_hp_per_floor":[72,72,72,72,72,72,72,72,79,79,79,79,79,79,79,79,79],"card_choices":[{"not_picked":["Flechettes","Clothesline"],"picked":"Finisher","floor":1},{"not_picked":["Bane","Perfected Strike"],"picked":"Footwork","floor":3},{"not_picked":["Halt","Wild Strike"],"picked":"Conserve Battery","floor":4},{"not_picked":["SashWhip","EmptyBody"],"picked":"Intimidate","floor":5},{"not_picked":["ReachHeaven","Underhanded Strike","Noxious Fumes"],"picked":"SKIP","floor":7},{"not_picked":["Prostrate","FollowUp","Riddle With Holes"],"picked":"SKIP","floor":8},{"not_picked":["Worship","Doom and Gloom","Reckless Charge"],"picked":"SKIP","floor":11},{"not_picked":["Meditate","Consecrate"],"picked":"Buffer","floor":13},{"not_picked":["Setup","PathToVictory"],"picked":"FlyingSleeves","floor":14}],"player_experience":2421918,"relics_obtained":[{"floor":9,"key":"Strawberry"},{"floor":14,"key":"Mummified Hand"}],"event_choices":[{"damage_healed":0,"gold_gain":0,"player_choice":"Upgraded","damage_taken":0,"max_hp_gain":0,"max_hp_loss":0,"event_name":"Upgrade Shrine","floor":12,"gold_loss":0,"cards_upgraded":["Intimidate"]}],"is_beta":false,"boss_relics":[],"items_purged_floors":[2],"is_endless":false,"potions_floor_spawned":[1,5,11,13,14],"killed_by":"Slime Boss","ascension_level":0}}