{"host":"347gs67hkvdznjaq","time":1610318874,"event":{"mods":["BaseMod","BetterRewards","Colored Map","Colored Powertips","Highlight Path","Minty Spire (QoL Compilation)","StSLib"],"gold_per_floor":[113,124,140,140,160,192,192,227,253,270,345,345,345,345],"floor_reached":13,"playtime":899,"items_purged":["Strike_R"],"score":109,"play_id":"e97e66b3-489f-4f23-83fc-bdc3cf5cd0c1","local_time":"20210110174754","is_ascension_mode":true,"campfire_choices":[{"data":"Armaments","floor":7,"key":"SMITH"},{"floor":12,"key":"REST"}],"circlet_count":0,"master_deck":["Strike_R","Strike_R","Strike_R","Strike_R","Defend_R","Defend_R","Defend_R","Defend_R","Bash+1","Seeing Red","Enlightenment+1","Madness","Shrug It Off","Bloodletting","Armaments+1","Searing Blow","Anger","Limit Break"],"relics":["Burning Blood","Pen Nib","Charon\u0027s Ashes","Potion Belt","Anchor"],"acts_visited":["Exordium"],"potions_floor_usage":[6],"damage_taken":[{"damage":6,"enemies":"Cultist","floor":1,"turns":4},{"damage":5,"enemies":"Small Slimes","floor":2,"turns":3},{"damage":10,"enemies":"Jaw Worm","floor":3,"turns":5},{"damage":0,"enemies":"Large Slime","floor":5,"turns":6},{"damage":21,"enemies":"Gremlin Nob","floor":6,"turns":5},{"damage":30,"enemies":"Lagavulin","floor":8,"turns":7},{"damage":0,"enemies":"3 Louse","floor":10,"turns":2},{"damage":69,"enemies":"Gremlin Nob","floor":13,"turns":5}],"seed_played":"-1670427744686098747","potions_obtained":[{"floor":1,"key":"FearPotion"},{"floor":2,"key":"SkillPotion"},{"floor":6,"key":"LiquidBronze"},{"floor":8,"key":"DuplicationPotion"}],"is_trial":false,"path_per_floor":["M","M","M","?","M","E","R","E","T","M","?","R","E"],"character_chosen":"IRONCLAD","items_purchased":["Pen Nib","Seeing Red","Enlightenment"],"campfire_rested":1,"item_purchase_floors":[0,0,0],"current_hp_per_floor":[80,80,76,60,66,51,51,27,27,33,22,46,0,0],"gold":345,"neow_bonus":"","is_daily":false,"chose_seed":false,"campfire_upgraded":1,"win_rate":0.0,"timestamp":1610318874,"path_taken":["M","?","M","?","M","E","R","E","T","M","?","R","E"],"items_purchased_type":["Relic","Card","Card"],"build_version":"2020-12-22","purchased_purges":1,"victory":false,"max_hp_per_floor":[80,80,80,80,80,80,80,80,80,80,80,80,80,80],"card_choices":[{"not_picked":["True Grit","Warcry","Evolve"],"picked":"SKIP","floor":1},{"not_picked":["Clothesline","Hemokinesis"],"picked":"Shrug It Off","floor":2},{"not_picked":["True Grit","Sentinel"],"picked":"Bloodletting","floor":3},{"not_picked":["Shrug It Off","Heavy Blade"],"picked":"Armaments","floor":5},{"not_picked":["Body Slam","Wild Strike"],"picked":"Searing Blow","floor":6},{"not_picked":["Iron Wave","Havoc"],"picked":"Anger","floor":8},{"not_picked":["Headbutt","Thunderclap"],"picked":"Limit Break","floor":10}],"player_experience":358260,"relics_obtained":[{"floor":6,"key":"Potion Belt"},{"floor":8,"key":"Anchor"}],"event_choices":[{"damage_healed":0,"gold_gain":0,"player_choice":"Entered Light","damage_taken":16,"max_hp_gain":0,"max_hp_loss":0,"event_name":"Shining Light","floor":4,"gold_loss":0,"cards_upgraded":["Bash","Enlightenment"]},{"damage_healed":0,"gold_gain":75,"player_choice":"Gather Gold","damage_taken":11,"max_hp_gain":0,"max_hp_loss":0,"event_name":"World of Goop","floor":11,"gold_loss":0}],"is_beta":false,"boss_relics":[],"items_purged_floors":[0],"is_endless":false,"potions_floor_spawned":[1,2,6,8],"killed_by":"Gremlin Nob","ascension_level":3}}