{"host":"vk3oecxhswhylj4a","time":1610290827,"event":{"mods":["Act Like it!","Aspiration","BaseMod","Colored Powertips","Downfall","Gensokyo","Hallownest","KinomotoSakuraMod(木之本樱)","Marisa（F雨　魔理沙）","Minty Spire (QoL Compilation)","Quick Restart","Relic Stats","Replay The Spire","RumiaBox-露米娅的神秘盒子","Spicy Shops","StSLib","TestMod","The Bug Knight","UnlockEverythingMod","Waifu the Spire","Youmu（魂魄妖梦）","[IsaacMod]以撒尖塔","vexMod","【遗物卡牌】REMEMod"],"gold_per_floor":[99,112,126,226,386,396,396,396,427,437,437,470,470,504,518,645,645,645,661,761,761,789,805,805,568,602,377,395,395,409,436,452,578,578,578,589,603,153,153,173,173,203,203,223,223,257,275,275,288,409,409,442,228,228,354],"floor_reached":56,"playtime":2710,"items_purged":["ClowCardTheSword","Regret","Guardian:Gem_Blue","Guardian:Gem_Lightblue","Guardian:ExploitGems","ClowCardTheSword"],"score":3124,"play_id":"ce35a2a3-eb89-4258-8783-76efd9ec081b","local_time":"20210110230027","daily_mods":["Vintage","Heirloom","Time Dilation","downfall:Jewelcrafting","downfall:Lament","DeadlyEvents","Binary","Elite Swarm","Uncertain Future","Binary"],"is_ascension_mode":true,"campfire_choices":[{"floor":1.0,"key":"RECALL"},{"data":"DoctorFetus","floor":11.0,"key":"SMITH"},{"data":"ClowCardTheMove","floor":18.0,"key":"SMITH"},{"data":"Guardian:ExploitGems","floor":35,"key":"SMITH"},{"data":"ClowCardTheFight","floor":43,"key":"SMITH"},{"data":"ClowCardTheDash","floor":45,"key":"SMITH"},{"data":"ClowCardTheShield","floor":54,"key":"SMITH"}],"circlet_count":0,"master_deck":["SakuraCardTheTwin+","SakuraCardTheMove+","SakuraCardTheEarthy+","AscendersBane","ClowCardTheSword","ClowCardTheShield","ClowCardTheShield+1","ClowCardTheShield+1","ClowCardTheShield+1","SpellCardSeal+1","SpellCardRelease","Guardian:ExploitGems+1","DoctorFetus+1","ClowCardTheDash+1","ClowCardTheFight+1"],"relics":["KSMOD_SealedBook","KSMOD_SealedWand","Busted Crown","testmod-AscensionHeart","MoneyPower","KSMOD_Cerberus","GuppysHead","vexMod:HeadHunter","Thread and Needle","Shuriken","vexMod:MemoryStick","Anchor","testmod-HeartOfStrike","GodSword6","testmod-Temperance","ReplayFunnel","Nunchaku","testmod-Justice","Bag of Marbles","downfall:HeartBlessingRed","downfall:HeartBlessingGreen","downfall:HeartBlessingBlue","Letter Opener","Void","ReplayTheSpireMod:Shallot","testmod-Maize","AddBug","GuppysTail","GuppysHairball","Unceasing Top","KSMOD_MoonBell","Replay:PocketPolymizer","HollowMod:LifeEnderRelic","Replay:WaspNest","testmod-BouquetWithThorns","Bottled Tornado","Blood Vial","SalivaCoin","KSMOD_Cerberus","Replay:Accelerometer","Gambling Chip","SatanicBible"],"acts_visited":["Exordium","TheCity","TheBeyond","TheEnding"],"potions_floor_usage":[49,52,53],"damage_taken":[{"damage":0.0,"enemies":"Small Slimes","floor":2.0,"turns":2.0},{"damage":0.0,"enemies":"Cultist","floor":3.0,"turns":1.0},{"damage":0.0,"enemies":"downfall:FleeingMerchant","floor":5.0,"turns":1.0},{"damage":0.0,"enemies":"Jaw Worm","floor":6.0,"turns":2.0},{"damage":9.0,"enemies":"Lagavulin","floor":9.0,"turns":5.0},{"damage":8.0,"enemies":"2 Fungi Beasts","floor":10.0,"turns":3.0},{"damage":2.0,"enemies":"3 Sentries","floor":12.0,"turns":3.0},{"damage":0.0,"enemies":"Gremlin Nob","floor":14.0,"turns":2.0},{"damage":2.0,"enemies":"Gremlin Gang","floor":15.0,"turns":3.0},{"damage":2.0,"enemies":"downfall:Silent","floor":16.0,"turns":3.0},{"damage":0.0,"enemies":"3 Byrds","floor":19.0,"turns":2.0},{"damage":11.0,"enemies":"Slavers","floor":22.0,"turns":2.0},{"damage":0.0,"enemies":"Chosen","floor":23.0,"turns":2.0},{"damage":0.0,"enemies":"Gremlin Leader","floor":26.0,"turns":3.0},{"damage":0.0,"enemies":"Centurion and Healer","floor":28.0,"turns":4.0},{"damage":0.0,"enemies":"Snake Plant","floor":30.0,"turns":1.0},{"damage":0.0,"enemies":"Slavers","floor":31.0,"turns":1.0},{"damage":0.0,"enemies":"Snecko","floor":32.0,"turns":2.0},{"damage":0.0,"enemies":"downfall:Defect","floor":33.0,"turns":4.0},{"damage":0,"enemies":"3 Darklings","floor":36,"turns":2},{"damage":0,"enemies":"3 Shapes","floor":37,"turns":2},{"damage":0,"enemies":"Sphere and 2 Shapes","floor":40,"turns":2},{"damage":0,"enemies":"Nemesis","floor":42,"turns":1},{"damage":0,"enemies":"Writhing Mass","floor":44,"turns":1},{"damage":0,"enemies":"HollowMod:StalkingDevout","floor":46,"turns":2},{"damage":0,"enemies":"Jaw Worm Horde","floor":47,"turns":2},{"damage":0,"enemies":"3 Darklings","floor":49,"turns":3},{"damage":0,"enemies":"downfall:Ironclad","floor":50,"turns":4},{"damage":0,"enemies":"downfall:CharBossMerchant","floor":52,"turns":4},{"damage":0,"enemies":"downfall:NeowBoss","floor":55,"turns":9}],"seed_played":"3482064774095146182","potions_obtained":[{"floor":2.0,"key":"Cursed Concoction"},{"floor":3.0,"key":"LiquidBronze"},{"floor":6.0,"key":"AttackPotion"},{"floor":12.0,"key":"Elixir"},{"floor":22.0,"key":"Weak Potion"},{"floor":42,"key":"Energy Potion"},{"floor":49,"key":"Weak Potion"}],"is_trial":true,"path_per_floor":["R","M","M","?","$","M","T","?","E","M","R","E","R","E","M","B",null,"R","M","?","?","E","M","T","$","E","R","M","R","M","E","M","B",null,"R","M","M","$","?","M","T","E","R","M","R","E","M","?","M","B",null,"E","$","R","B",null],"character_chosen":"KINOMOTOSAKURA","items_purchased":["ClowCardTheEarthy","ClowCardTheMove","Strawberry","ClowCardTheFight","GuppysTail","GuppysHairball","KSMOD_MoonBell","testmod-SpacePotion"],"campfire_rested":0,"item_purchase_floors":[5,17,25,34,34,34,38,53],"current_hp_per_floor":[59,60,61,61,62,63,63,63,56,49,49,49,49,54,53,57,64,64,65,65,65,56,57,57,64,66,76,77,77,78,80,81,87,60,60,60,60,60,60,60,60,61,61,61,61,62,62,62,62,67,67,68,68,68,73],"gold":354,"neow_bonus":"","is_daily":false,"chose_seed":false,"campfire_upgraded":6,"win_rate":0.0,"timestamp":1610290827,"path_taken":["R","M","M","?","$","M","T","?","?","M","R","E","R","E","M","BOSS","R","M","?","?","?","M","T","$","E","R","M","R","M","E","M","BOSS","R","M","M","$","?","M","T","E","R","?","R","E","M","?","M","BOSS","E","$","R","BOSS"],"items_purchased_type":["Card","Card","Relic","Card","Relic","Relic","Relic","Potion"],"build_version":"2020-12-22","purchased_purges":6,"victory":true,"max_hp_per_floor":[65,65,65,65,65,65,65,65,66,66,66,67,67,68,68,73,66,66,66,66,66,67,67,67,74,75,85,85,85,85,86,86,91,60,60,60,60,60,60,60,60,61,61,61,61,62,62,62,62,67,67,68,68,68,73],"relic_stats":{"Blood Vial":0,"Nunchaku":[12],"Busted Crown":56,"counters":[30,78],"Shuriken":[30],"Gambling Chip":[2],"Letter Opener":[144],"obtain_stats":[{"testmod-HeartOfStrike":14,"Replay:Accelerometer":49,"vexMod:MemoryStick":10,"downfall:HeartBlessingGreen":27,"testmod-LifeArmor":31,"Bottled Tornado":44,"SatanicBible":55,"Guardian:PickAxe":0,"Blood Vial":46,"TheBean":23,"Strawberry":25,"Void":31,"KeepersGift":0,"testmod-Maize":33,"testmod-TestBox":0,"KSMOD_SealedBook":0,"AddBug":34,"MoneyPower":0,"Letter Opener":28,"ReplayTheSpireMod:Shallot":32,"Shuriken":9,"GodSword6":15,"HushsDoor":0,"Unceasing Top":36,"ReplayFunnel":19,"GuppysTail":34,"Replay:PocketPolymizer":39,"testmod-Temperance":17,"testmod-BouquetWithThorns":42,"testmod-AscensionHeart":0,"Nunchaku":22,"downfall:HeartBlessingBlue":27,"Gambling Chip":52,"KSMOD_SealedWand":0,"KSMOD_Cerberus":0,"HollowMod:LifeEnderRelic":40,"NeowsBlessing":0,"downfall:HeartBlessingRed":27,"Thread and Needle":6,"Replay:WaspNest":41,"testmod-Justice":24,"KSMOD_MoonBell":38,"Anchor":12,"Busted Crown":0,"vexMod:HeadHunter":3,"Bag of Marbles":26,"SalivaCoin":47,"GuppysHead":2,"GuppysHairball":34,"REME_ComplimentaryCards":0},{"testmod-HeartOfStrike":8,"Replay:Accelerometer":27,"vexMod:MemoryStick":6,"downfall:HeartBlessingGreen":14,"testmod-LifeArmor":17,"Bottled Tornado":24,"SatanicBible":30,"Guardian:PickAxe":0,"Blood Vial":25,"TheBean":13,"Strawberry":13,"Void":17,"KeepersGift":0,"testmod-Maize":19,"testmod-TestBox":0,"KSMOD_SealedBook":0,"AddBug":19,"MoneyPower":0,"Letter Opener":15,"ReplayTheSpireMod:Shallot":18,"Shuriken":5,"GodSword6":9,"HushsDoor":0,"Unceasing Top":20,"ReplayFunnel":11,"GuppysTail":19,"Replay:PocketPolymizer":21,"testmod-Temperance":10,"testmod-BouquetWithThorns":23,"testmod-AscensionHeart":0,"Nunchaku":12,"downfall:HeartBlessingBlue":14,"Gambling Chip":29,"KSMOD_SealedWand":0,"KSMOD_Cerberus":0,"HollowMod:LifeEnderRelic":22,"NeowsBlessing":0,"downfall:HeartBlessingRed":14,"Thread and Needle":4,"Replay:WaspNest":22,"testmod-Justice":13,"KSMOD_MoonBell":21,"Anchor":7,"Busted Crown":0,"vexMod:HeadHunter":2,"Bag of Marbles":14,"SalivaCoin":26,"GuppysHead":1,"GuppysHairball":19,"REME_ComplimentaryCards":0},{"testmod-HeartOfStrike":19,"Replay:Accelerometer":61,"vexMod:MemoryStick":14,"downfall:HeartBlessingGreen":34,"testmod-LifeArmor":40,"Bottled Tornado":54,"SatanicBible":78,"Guardian:PickAxe":0,"Blood Vial":56,"TheBean":31,"Strawberry":31,"Void":40,"KeepersGift":0,"testmod-Maize":46,"testmod-TestBox":0,"KSMOD_SealedBook":0,"AddBug":46,"MoneyPower":0,"Letter Opener":38,"ReplayTheSpireMod:Shallot":42,"Shuriken":11,"GodSword6":22,"HushsDoor":0,"Unceasing Top":48,"ReplayFunnel":27,"GuppysTail":46,"Replay:PocketPolymizer":50,"testmod-Temperance":25,"testmod-BouquetWithThorns":53,"testmod-AscensionHeart":0,"Nunchaku":29,"downfall:HeartBlessingBlue":34,"Gambling Chip":69,"KSMOD_SealedWand":0,"KSMOD_Cerberus":0,"HollowMod:LifeEnderRelic":52,"NeowsBlessing":0,"downfall:HeartBlessingRed":34,"Thread and Needle":6,"Replay:WaspNest":52,"testmod-Justice":31,"KSMOD_MoonBell":50,"Anchor":17,"Busted Crown":0,"vexMod:HeadHunter":3,"Bag of Marbles":34,"SalivaCoin":58,"GuppysHead":2,"GuppysHairball":46,"REME_ComplimentaryCards":0}],"Unceasing Top":[0]},"card_choices":[{"not_picked":[],"picked":"DoctorFetus","floor":0.0},{"not_picked":["ClowCardTheDark"],"picked":"SKIP","floor":9.0},{"not_picked":["ClowCardTheThunder"],"picked":"SKIP","floor":12.0},{"not_picked":[],"picked":"ClowCardTheDash","floor":14.0},{"not_picked":[],"picked":"ClowCardTheCreate","floor":22.0},{"not_picked":["ClowCardTheTime"],"picked":"SKIP","floor":26.0},{"not_picked":[],"picked":"ClowCardTheCreate","floor":31.0},{"not_picked":["ClowCardTheThrough"],"picked":"SKIP","floor":42},{"not_picked":[],"picked":"ClowCardTheTwin","floor":46},{"not_picked":[],"picked":"ClowCardTheCreate","floor":52}],"player_experience":122583,"relics_obtained":[{"floor":2.0,"key":"GuppysHead"},{"floor":3.0,"key":"vexMod:HeadHunter"},{"floor":6.0,"key":"Thread and Needle"},{"floor":9.0,"key":"Shuriken"},{"floor":10.0,"key":"vexMod:MemoryStick"},{"floor":12.0,"key":"Anchor"},{"floor":14.0,"key":"testmod-HeartOfStrike"},{"floor":15.0,"key":"GodSword6"},{"floor":19.0,"key":"ReplayFunnel"},{"floor":22.0,"key":"Nunchaku"},{"floor":23.0,"key":"TheBean"},{"floor":24.0,"key":"testmod-Justice"},{"floor":26.0,"key":"Bag of Marbles"},{"floor":28.0,"key":"Letter Opener"},{"floor":31.0,"key":"Void"},{"floor":31.0,"key":"testmod-LifeArmor"},{"floor":32.0,"key":"ReplayTheSpireMod:Shallot"},{"floor":33.0,"key":"testmod-Maize"},{"floor":36,"key":"Unceasing Top"},{"floor":40,"key":"HollowMod:LifeEnderRelic"},{"floor":41,"key":"Replay:WaspNest"},{"floor":42,"key":"testmod-BouquetWithThorns"},{"floor":44,"key":"Bottled Tornado"},{"floor":46,"key":"Blood Vial"},{"floor":47,"key":"SalivaCoin"},{"floor":49,"key":"KSMOD_Cerberus"},{"floor":49,"key":"Replay:Accelerometer"},{"floor":52,"key":"Gambling Chip"},{"floor":55,"key":"SatanicBible"}],"event_choices":[{"damage_healed":0,"gold_gain":0,"player_choice":"Swap Relic","damage_taken":0,"relics_obtained":["Replay:PocketPolymizer"],"max_hp_gain":0,"max_hp_loss":0,"event_name":"给自己的盒子","floor":39,"relics_lost":["HushsDoor"],"gold_loss":0}],"is_beta":false,"boss_relics":[{"not_picked":["testmod-StringDisintegrator","testmod-NegativeEmotionEnhancer"],"picked":"testmod-Temperance"},{"not_picked":[]},{"not_picked":["REME_DuelDisc","aspiration:RunicSpoon"],"picked":"AddBug"},{"not_picked":[]}],"items_purged_floors":[5,17,25,34,38,53],"is_endless":true,"potions_floor_spawned":[2,3,6,12,22,26,31,40,42,47,49,50],"ascension_level":20}}