{"host":"j0tja808rg8hkg8v","time":1610244300,"event":{"mods":["Aspiration","BaseMod","Colored Powertips","Downfall","Energized Spire","Hermit","Infinite Spire","Ironclad Rager","Magitek Elite","Minty Spire (QoL Compilation)","Relic Stats","Replay The Spire","StSLib","The Bladedancer","The Cursed","The Disciple","The Runesmith"],"gold_per_floor":[114,39,49,59,73,73,100,100,100,118,133,152,182,36,36,36,36],"floor_reached":16,"playtime":1399,"items_purged":["blademaster:Defend"],"score":139,"play_id":"e9b5c03f-7cdd-4769-bf58-773b94a9ed94","local_time":"20210110020500","is_ascension_mode":false,"campfire_choices":[{"data":"blademaster:RagingBlow","floor":6.0,"key":"SMITH"},{"data":"blademaster:HighVoltage","floor":8.0,"key":"SMITH"},{"floor":15.0,"key":"REST"}],"circlet_count":0,"master_deck":["blademaster:Strike","blademaster:Strike","blademaster:Strike","blademaster:Defend","blademaster:Defend","blademaster:Defend","blademaster:RagingBlow+1","blademaster:HighVoltage+1","blademaster:FuryOfTheElements","blademaster:EnchantedCuirass","blademaster:OneTrickPony","blademaster:CullingStrike","blademaster:LightningDraw","blademaster:LeechingStrike","blademaster:ThunderSlash"],"relics":["blademaster:DancersAmulet","FossilizedHelix","infinitespire:Lychee Nut","Quantum Egg","Dream Catcher"],"acts_visited":["Exordium"],"potions_floor_usage":[16],"damage_taken":[{"damage":1.0,"enemies":"Cultist","floor":1.0,"turns":5.0},{"damage":0.0,"enemies":"Small Slimes","floor":3.0,"turns":3.0},{"damage":7.0,"enemies":"Jaw Worm","floor":4.0,"turns":5.0},{"damage":15.0,"enemies":"Gremlin Gang","floor":5.0,"turns":5.0},{"damage":11.0,"enemies":"Lagavulin","floor":7.0,"turns":8.0},{"damage":0.0,"enemies":"Large Slime","floor":10.0,"turns":4.0},{"damage":24.0,"enemies":"Red Slaver","floor":11.0,"turns":6.0},{"damage":2.0,"enemies":"Blue Slaver","floor":12.0,"turns":4.0},{"damage":33.0,"enemies":"3 Sentries","floor":13.0,"turns":15.0},{"damage":29,"enemies":"The Guardian","floor":16,"turns":6}],"seed_played":"-4533355390508406395","potions_obtained":[{"floor":4.0,"key":"infinitespire:BlackPotion"},{"floor":5.0,"key":"DuplicationPotion"},{"floor":10.0,"key":"Energy Potion"},{"floor":11.0,"key":"DuplicationPotion"},{"floor":13.0,"key":"Dexterity Potion"}],"is_trial":false,"path_per_floor":["M","$","M","M","M","R","E","R","T","M","M","M","E","$","R","B"],"character_chosen":"THE_BLADEMASTER","items_purchased":["Dream Catcher"],"campfire_rested":1,"item_purchase_floors":[14],"current_hp_per_floor":[74,74,74,67,52,52,41,41,41,47,29,33,6,6,22,0,0],"gold":36,"neow_bonus":"TRANSFORM_CARD","is_daily":false,"chose_seed":false,"campfire_upgraded":2,"win_rate":0.0,"timestamp":1610244300,"path_taken":["M","?","M","M","?","R","E","R","T","M","M","M","E","$","R","BOSS"],"items_purchased_type":["Relic"],"build_version":"2020-12-22","purchased_purges":1,"victory":false,"max_hp_per_floor":[75,75,75,75,75,75,75,75,56,56,56,56,56,56,56,56,56],"relic_stats":{"Dream Catcher":1,"counters":[10,61],"obtain_stats":[{"Dream Catcher":14,"infinitespire:Lychee Nut":9,"blademaster:StrongPerk":13,"Quantum Egg":13,"blademaster:FinisherDrawCardPerk":7,"blademaster:DancersAmulet":0,"FossilizedHelix":7},{"Dream Catcher":9,"infinitespire:Lychee Nut":5,"blademaster:StrongPerk":9,"Quantum Egg":9,"blademaster:FinisherDrawCardPerk":5,"blademaster:DancersAmulet":0,"FossilizedHelix":5},{"Dream Catcher":55,"infinitespire:Lychee Nut":26,"blademaster:StrongPerk":55,"Quantum Egg":55,"blademaster:FinisherDrawCardPerk":26,"blademaster:DancersAmulet":0,"FossilizedHelix":26}]},"card_choices":[{"not_picked":["blademaster:ParryingStrike","blademaster:SlyStabs","blademaster:Rupture"],"picked":"SKIP","floor":1.0},{"not_picked":["blademaster:IcyWind","blademaster:Momentum","blademaster:Thrust"],"picked":"SKIP","floor":3.0},{"not_picked":["blademaster:SharpBlades","blademaster:ThunderSlash","blademaster:DragonStrike"],"picked":"SKIP","floor":4.0},{"not_picked":["blademaster:LightningCrash","blademaster:LeechingStrike","blademaster:Discharge"],"picked":"SKIP","floor":5.0},{"not_picked":["blademaster:Thrust","blademaster:Cut"],"picked":"blademaster:EnchantedCuirass","floor":7.0},{"not_picked":["blademaster:Vortex","blademaster:ChargingUp"],"picked":"blademaster:OneTrickPony","floor":10.0},{"not_picked":["blademaster:DaggerAndCloak","blademaster:TraverseCut"],"picked":"blademaster:CullingStrike","floor":11.0},{"not_picked":["blademaster:DeadlyDance","blademaster:AspectOfLightning"],"picked":"blademaster:LightningDraw","floor":12.0},{"not_picked":["blademaster:ChargingUp","blademaster:BrainBloom"],"picked":"blademaster:LeechingStrike","floor":13.0},{"not_picked":["blademaster:ChargingUp","blademaster:Frenzy"],"picked":"blademaster:ThunderSlash","floor":15.0}],"player_experience":47142,"relics_obtained":[{"floor":7.0,"key":"FossilizedHelix"},{"floor":7.0,"key":"blademaster:FinisherDrawCardPerk"},{"floor":9.0,"key":"infinitespire:Lychee Nut"},{"floor":13.0,"key":"Quantum Egg"},{"floor":13.0,"key":"blademaster:StrongPerk"}],"event_choices":[],"is_beta":false,"boss_relics":[],"items_purged_floors":[2],"is_endless":false,"potions_floor_spawned":[4,5,10,11,13],"killed_by":"The Guardian","ascension_level":0}}