{"host":"d7zp668j051zjoys","time":1610249736,"event":{"mods":["Abigail Mod","Arknights The Spire","BaseMod","DeckTracker","Hermit","Koishi","Lobotomy","Marisa£¨Ùöéë¡¡Øª×âÞÞ£©","Minty Spire (QoL Compilation)","Prisma Mod","READ ME - Guardian Mod","StSLib","The Bug Knight","The Cursed","The Hierophant","The Jungle","The Runesmith","Waifu the Spire","WarShipGirlsR/??á´Ò³R mod"],"gold_per_floor":[109,127,227,244,258,284,299,299,371,383,57,57,70,95,95,214,214,248,277,24,24,57,101,101,126,126,159,159,159],"floor_reached":28,"playtime":2601,"items_purged":["ats:Strike V","ats:Defend"],"score":254,"play_id":"af1fe1ee-c896-46ac-8b11-234bede1d0ca","local_time":"20210110123536","is_ascension_mode":false,"campfire_choices":[{"floor":8,"key":"REST"},{"data":"ats:Sunburst","floor":12,"key":"SMITH"},{"floor":15,"key":"REST"},{"data":"ats:Burning Ground","floor":24,"key":"SMITH"}],"circlet_count":0,"master_deck":["ats:Strike C","ats:Strike G","ats:Strike S","ats:Armor Crushing Shot","ats:Defend","ats:Defend","ats:Emotion Absorption","ats:Sunburst+1","ats:Revitalization","ats:Ignite","ats:Assault Order","ats:Collapsing Strike","ats:Collapsing Strike","ats:Charging Defense","ats:Shadow Assault","ats:Burning Ground+1","ats:Leaping Hammer+1","ats:Volcano"],"relics":["ats:Sanity","ats:Originium","Happy Flower","Pear","ats:Lavender","ats:Gyao","ats:Omniscience","Boot","Vajra","Dream Catcher"],"acts_visited":["Exordium","TheCity"],"potions_floor_usage":[6,13,14,16,16,22,23,28],"damage_taken":[{"damage":5,"enemies":"Jaw Worm","floor":1,"turns":5},{"damage":7,"enemies":"Cultist","floor":2,"turns":5},{"damage":6,"enemies":"2 Louse","floor":4,"turns":2},{"damage":17,"enemies":"Exordium Thugs","floor":5,"turns":5},{"damage":28,"enemies":"HollowMod:MossKnight","floor":6,"turns":10},{"damage":7,"enemies":"3 Louse","floor":7,"turns":3},{"damage":9,"enemies":"Blue Slaver","floor":10,"turns":3},{"damage":18,"enemies":"Exordium Thugs","floor":13,"turns":3},{"damage":17,"enemies":"3 Sentries","floor":14,"turns":7},{"damage":49,"enemies":"Hexaghost","floor":16,"turns":12},{"damage":27,"enemies":"3 Byrds","floor":18,"turns":4},{"damage":4,"enemies":"Shell Parasite","floor":19,"turns":7},{"damage":0,"enemies":"Centurion and Healer","floor":22,"turns":7},{"damage":47,"enemies":"Slavers","floor":23,"turns":5},{"damage":14,"enemies":"3 Cultists","floor":25,"turns":4},{"damage":0,"enemies":"Cultist and Chosen","floor":27,"turns":3},{"damage":49,"enemies":"Gremlin Leader","floor":28,"turns":6}],"seed_played":"4357631359671667052","potions_obtained":[{"floor":0,"key":"ats:Emergency Sanity Potion"},{"floor":0,"key":"DuplicationPotion"},{"floor":0,"key":"LiquidBronze"},{"floor":6,"key":"EssenceOfSteel"},{"floor":13,"key":"Weak Potion"},{"floor":14,"key":"ColorlessPotion"},{"floor":18,"key":"ColorlessPotion"},{"floor":27,"key":"BlessingOfTheForge"}],"is_trial":false,"path_per_floor":["M","M","?","M","M","E","M","R","T","M","$","R","M","E","R","B",null,"M","M","$","?","M","E","R","M","T","M","E"],"character_chosen":"DOCTOR_CLASS","items_purchased":["ats:Lavender","Boot"],"campfire_rested":2,"item_purchase_floors":[11,20],"current_hp_per_floor":[67,60,60,54,39,20,15,36,46,40,40,40,25,17,41,9,82,57,65,65,65,76,37,37,30,30,34,0,0],"gold":159,"neow_bonus":"THREE_SMALL_POTIONS","is_daily":false,"chose_seed":false,"campfire_upgraded":2,"win_rate":0.0,"timestamp":1610249736,"path_taken":["M","M","?","M","M","E","M","R","T","M","$","R","?","E","R","BOSS","M","M","$","?","M","E","R","M","T","M","E"],"items_purchased_type":["Relic","Relic"],"build_version":"2020-12-22","purchased_purges":2,"victory":false,"max_hp_per_floor":[72,72,72,72,72,72,72,72,82,82,82,82,82,82,82,82,82,82,82,82,82,82,82,82,82,82,82,82,82],"card_choices":[{"not_picked":["ats:Shell Defense","ats:Cat Scratch"],"picked":"ats:Sunburst","floor":1},{"not_picked":["ats:Powerful Strike","ats:Leaping Hammer"],"picked":"ats:Revitalization","floor":2},{"not_picked":["ats:Durian","ats:Revitalization"],"picked":"ats:Ignite","floor":4},{"not_picked":["ats:Curse Doll","ats:Charging Defense"],"picked":"ats:Assault Order","floor":5},{"not_picked":["ats:Assault Order","ats:Cat Scratch","ats:Demon Strength"],"picked":"SKIP","floor":6},{"not_picked":["ats:Thorns","ats:Echo Reverb"],"picked":"ats:Collapsing Strike","floor":7},{"not_picked":["ats:Assault Order","ats:Explosion Area Strengthen"],"picked":"ats:Collapsing Strike","floor":10},{"not_picked":["ats:Apocalypse","ats:Explosion Area Strengthen"],"picked":"ats:Charging Defense","floor":13},{"not_picked":["ats:Poison Spread","ats:Childhood Dance","ats:Cat Scratch"],"picked":"SKIP","floor":14},{"not_picked":["ats:Roar Of Ursus","ats:Fractured Body"],"picked":"ats:Shadow Assault","floor":16},{"not_picked":["ats:Cat Scratch","ats:Flexible Camouflage","ats:Explosion Area Strengthen"],"picked":"SKIP","floor":18},{"not_picked":["ats:Support Order","ats:Thermite Blade"],"picked":"ats:Burning Ground","floor":19},{"not_picked":["ats:Powerful Strike","ats:Thorns+1","ats:Explosion Area Strengthen+1"],"picked":"SKIP","floor":22},{"not_picked":["ats:Apocalypse+1","ats:Powerful Strike"],"picked":"ats:Leaping Hammer+1","floor":23},{"not_picked":["ats:Counter Healing Mode","ats:Apocalypse"],"picked":"ats:Volcano","floor":25},{"not_picked":["ats:Poison Spread","ats:Counter Healing Mode","ats:Hammer On"],"picked":"SKIP","floor":27}],"player_experience":302210,"relics_obtained":[{"floor":6,"key":"ats:Originium"},{"floor":6,"key":"Happy Flower"},{"floor":9,"key":"Pear"},{"floor":14,"key":"ats:Originium"},{"floor":14,"key":"ats:Gyao"},{"floor":23,"key":"ats:Originium"},{"floor":23,"key":"Vajra"},{"floor":26,"key":"Dream Catcher"}],"event_choices":[{"damage_healed":0,"gold_gain":100,"player_choice":"Pray","damage_taken":0,"max_hp_gain":0,"max_hp_loss":0,"event_name":"Golden Shrine","floor":3,"gold_loss":0},{"cards_removed":["ats:Defend"],"damage_healed":0,"gold_gain":0,"player_choice":"Elegance","damage_taken":0,"max_hp_gain":0,"max_hp_loss":0,"event_name":"Back to Basics","floor":21,"gold_loss":0}],"is_beta":false,"boss_relics":[{"not_picked":["SlaversCollar","Cursed Key"],"picked":"ats:Omniscience"}],"items_purged_floors":[11,20],"is_endless":false,"potions_floor_spawned":[4,6,13,14,18,27],"killed_by":"Gremlin Leader","ascension_level":0}}