{"host":"7krnriczr1b2ou5r","time":1610279196,"event":{"mods":["BaseMod","Keyboard Shortcuts","Marisa£¨Ùöéë¡¡Øª×âÞÞ£©","Minty Spire (QoL Compilation)","Relic Stats","StSLib"],"gold_per_floor":[118,118,118,23,38,38,67,67,67,77,29,64,79,94,94,196,196,208,388,399,498,498,498,158,158,181,196,225,239,270,169,169,269,269,284,161,161,39,39,69,69,97,122,122,132,132,182,215,215,215,215,215,10,38,38],"floor_reached":56,"playtime":2125,"items_purged":["Defend_MRS","Strike_MRS","Strike_MRS","Defend_MRS","MasterSpark"],"score":2053,"play_id":"731f8df6-4811-486b-9932-3778d5250e59","local_time":"20210110204636","is_ascension_mode":true,"campfire_choices":[{"data":"MysteriousBeam","floor":6,"key":"SMITH"},{"data":"BlazingStar","floor":8,"key":"SMITH"},{"data":"UltimateShortwave","floor":15,"key":"SMITH"},{"data":"JA","floor":23,"key":"SMITH"},{"floor":32,"key":"DIG"},{"floor":44,"key":"DIG"},{"data":"SatelliteIllusion","floor":46,"key":"SMITH"},{"floor":49,"key":"DIG"},{"floor":52,"key":"DIG"}],"circlet_count":0,"master_deck":["AscendersBane","Defend_MRS","UpSweep","MysteriousBeam+1","BlazingStar+1","WitchLeyline","UltimateShortwave+1","Acceleration","SuperNova+1","JA+1","WitchLeyline+1","BigCrunch","Parasite","Parasite","OpenUniverse","DragonMeteor+1","IllusionStar","SatelliteIllusion+1","PropBag+1","DarkMatter","Deep Breath","GasGiant","EnergyFlow","IllusionStar"],"relics":["MiniHakkero","NeowsBlessing","Membership Card","Anchor","HornCleat","Juzu Bracelet","ExperimentalFamiliar","HandmadeGrimoire","Girya","ShroomBag","Shovel","Question Card","BreadOfAWashokuLover","Sozu","Vajra","Incense Burner","Orichalcum","Happy Flower","Blood Vial","MagicBroom","The Courier","Strawberry","White Beast Statue","AmplifyWand","Bottled Tornado","Oddly Smooth Stone"],"acts_visited":["Exordium","TheCity","TheBeyond","TheEnding"],"potions_floor_usage":[12,30,30,45,50],"damage_taken":[{"damage":0,"enemies":"Jaw Worm","floor":1,"turns":1},{"damage":0,"enemies":"Cultist","floor":5,"turns":1},{"damage":0,"enemies":"Gremlin Nob","floor":7,"turns":1},{"damage":0,"enemies":"Small Slimes","floor":10,"turns":2},{"damage":6,"enemies":"Lagavulin","floor":12,"turns":4},{"damage":0,"enemies":"3 Louse","floor":13,"turns":2},{"damage":0,"enemies":"Blue Slaver","floor":14,"turns":3},{"damage":25,"enemies":"Hexaghost","floor":16,"turns":5},{"damage":2,"enemies":"Chosen","floor":18,"turns":2},{"damage":0,"enemies":"Shell Parasite","floor":20,"turns":2},{"damage":0,"enemies":"Cultist and Chosen","floor":27,"turns":1},{"damage":5,"enemies":"Slavers","floor":28,"turns":2},{"damage":0,"enemies":"3 Cultists","floor":29,"turns":1},{"damage":0,"enemies":"Book of Stabbing","floor":30,"turns":2},{"damage":26,"enemies":"Collector","floor":33,"turns":7},{"damage":4,"enemies":"3 Darklings","floor":35,"turns":2},{"damage":20,"enemies":"Reptomancer","floor":40,"turns":3},{"damage":0,"enemies":"Nemesis","floor":42,"turns":3},{"damage":2,"enemies":"3 Shapes","floor":45,"turns":4},{"damage":0,"enemies":"Mind Bloom Boss Battle","floor":47,"turns":3},{"damage":0,"enemies":"Reptomancer","floor":48,"turns":3},{"damage":60,"enemies":"Time Eater","floor":50,"turns":5},{"damage":0,"enemies":"Shield and Spear","floor":54,"turns":3},{"damage":47,"enemies":"The Heart","floor":55,"turns":5}],"seed_played":"3273677457904154053","potions_obtained":[{"floor":7,"key":"PowerPotion"},{"floor":10,"key":"BlessingOfTheForge"},{"floor":13,"key":"EssenceOfSteel"},{"floor":16,"key":"SkillPotion"},{"floor":27,"key":"LiquidMemories"},{"floor":33,"key":"FearPotion"}],"is_trial":false,"path_per_floor":["M","?","?","$","M","R","E","R","T","M","$","E","M","M","R","B",null,"M","?","M","?","?","R","$","?","T","M","E","M","E","$","R","B",null,"M","$","?","$","?","E","?","E","T","R","M","R","?","E","R","B",null,"R","$","E","B",null],"character_chosen":"MARISA","items_purchased":["Membership Card","UltimateShortwave","Acceleration","HandmadeGrimoire","Girya","IllusionStar","DarkMatter","Vajra","Deep Breath","AmplifyWand","Bottled Tornado"],"campfire_rested":0,"item_purchase_floors":[4,11,11,24,24,31,36,38,38,53,53],"current_hp_per_floor":[68,68,68,68,68,68,68,68,68,68,68,62,62,62,62,37,66,64,45,45,45,31,31,31,31,31,31,30,30,34,34,34,19,65,66,66,66,66,66,66,66,68,68,68,72,72,76,82,89,35,81,81,81,85,42],"gold":38,"neow_bonus":"THREE_ENEMY_KILL","is_daily":false,"chose_seed":false,"campfire_upgraded":5,"win_rate":0.0,"timestamp":1610279196,"path_taken":["M","?","?","$","?","R","E","R","T","M","?","E","M","M","R","BOSS","M","?","M","?","?","R","$","?","T","M","E","M","E","$","R","BOSS","M","$","?","$","?","E","?","E","T","R","M","R","?","E","R","BOSS","R","$","E","BOSS"],"items_purchased_type":["Relic","Card","Card","Relic","Relic","Card","Card","Relic","Card","Relic","Relic"],"build_version":"2020-12-22","purchased_purges":5,"victory":true,"max_hp_per_floor":[75,75,75,75,75,75,75,75,75,75,75,75,75,75,75,75,75,75,75,75,75,80,80,80,80,80,80,80,80,80,80,80,80,80,80,80,76,76,76,89,89,89,89,89,89,89,89,89,96,96,96,96,96,96,96],"relic_stats":{"Sozu":4,"Blood Vial":12,"Shovel":4,"Happy Flower":[7],"counters":[24,67],"Juzu Bracelet":2,"Orichalcum":[0],"Question Card":8,"obtain_stats":[{"AmplifyWand":53,"Gremlin Horn":45,"Vajra":38,"Juzu Bracelet":12,"Incense Burner":40,"Bottled Tornado":53,"Sozu":34,"Blood Vial":44,"HornCleat":9,"Shovel":28,"Sundial":48,"Strawberry":49,"HandmadeGrimoire":24,"Kunai":42,"Girya":24,"MagicBroom":47,"NeowsBlessing":0,"Happy Flower":43,"Oddly Smooth Stone":54,"BreadOfAWashokuLover":32,"The Courier":48,"Orichalcum":42,"Question Card":30,"White Beast Statue":52,"Mercury Hourglass":50,"ShroomBag":26,"Anchor":7,"ExperimentalFamiliar":17,"Shuriken":40,"MiniHakkero":0,"Membership Card":4,"Meat on the Bone":45},{"AmplifyWand":22,"Gremlin Horn":19,"Vajra":16,"Juzu Bracelet":5,"Incense Burner":17,"Bottled Tornado":22,"Sozu":15,"Blood Vial":18,"HornCleat":3,"Shovel":12,"Sundial":21,"Strawberry":21,"HandmadeGrimoire":10,"Kunai":18,"Girya":10,"MagicBroom":20,"NeowsBlessing":0,"Happy Flower":18,"Oddly Smooth Stone":23,"BreadOfAWashokuLover":14,"The Courier":21,"Orichalcum":18,"Question Card":14,"White Beast Statue":22,"Mercury Hourglass":22,"ShroomBag":10,"Anchor":3,"ExperimentalFamiliar":8,"Shuriken":17,"MiniHakkero":0,"Membership Card":1,"Meat on the Bone":19},{"AmplifyWand":59,"Gremlin Horn":45,"Vajra":38,"Juzu Bracelet":9,"Incense Burner":41,"Bottled Tornado":59,"Sozu":36,"Blood Vial":44,"HornCleat":3,"Shovel":26,"Sundial":52,"Strawberry":54,"HandmadeGrimoire":23,"Kunai":42,"Girya":23,"MagicBroom":51,"NeowsBlessing":0,"Happy Flower":44,"Oddly Smooth Stone":62,"BreadOfAWashokuLover":29,"The Courier":54,"Orichalcum":44,"Question Card":29,"White Beast Statue":59,"Mercury Hourglass":55,"ShroomBag":23,"Anchor":3,"ExperimentalFamiliar":19,"Shuriken":39,"MiniHakkero":0,"Membership Card":1,"Meat on the Bone":47}]},"card_choices":[{"not_picked":["DC","IllusionStar"],"picked":"Singularity","floor":1},{"not_picked":["EnergyRecoil","Occultation","SporeBomb"],"picked":"SKIP","floor":5},{"not_picked":["PulseMagic","SporeBomb"],"picked":"BlazingStar","floor":7},{"not_picked":["ShootingEcho","IllusionStar"],"picked":"WitchLeyline","floor":10},{"not_picked":["EnergyFlow","DeepEcoloBomb","6A"],"picked":"SKIP","floor":12},{"not_picked":["IllusionStar","DoubleSpark","Acceleration"],"picked":"SKIP","floor":13},{"not_picked":["GravityBeat","GalacticHalo","DC"],"picked":"SKIP","floor":14},{"not_picked":["ManaRampage","SuperNova"],"picked":"JA","floor":16},{"not_picked":["SporeBomb","WitchOfGreed","GalacticHalo"],"picked":"SKIP","floor":18},{"not_picked":["MeteoricShower","IllusionStar"],"picked":"WitchLeyline+1","floor":20},{"not_picked":["PowerUp","GravityBeat","ManaConvection"],"picked":"SKIP","floor":27},{"not_picked":["BlazeAway","CollectingQuirk","LuminesStrike+1"],"picked":"SKIP","floor":28},{"not_picked":["Acceleration","Robbery"],"picked":"OpenUniverse","floor":29},{"not_picked":["ManaRampage","SporeBomb"],"picked":"DragonMeteor+1","floor":30},{"not_picked":["MillisecondPulsars","CollectingQuirk","AbsoluteMagnitude"],"picked":"SatelliteIllusion","floor":33},{"not_picked":["EventHorizon","MagicAbsorber+1","ShootingEcho"],"picked":"PropBag+1","floor":35},{"not_picked":["MachineGunSpark","MilkyWay+1","Acceleration"],"picked":"GasGiant","floor":40},{"not_picked":["DoubleSpark","EnergyRecoil","AsteroidBelt","SporeBomb"],"picked":"SKIP","floor":42},{"not_picked":["MysteriousBeam","IllusionStar","ManaRampage","UnstableBomb"],"picked":"SKIP","floor":45},{"not_picked":["MysteriousBeam","ManaRampage","UnstableBomb"],"picked":"IllusionStar","floor":45},{"not_picked":["SporeBomb","NonDirectionalLaser","PropBag+1","DC+1"],"picked":"SKIP","floor":48},{"not_picked":["ChargeUpSpray+1","IllusionStar+1","MillisecondPulsars","ShootTheMoon"],"picked":"SKIP","floor":54}],"player_experience":1108833,"relics_obtained":[{"floor":7,"key":"Anchor"},{"floor":9,"key":"HornCleat"},{"floor":12,"key":"Juzu Bracelet"},{"floor":26,"key":"ShroomBag"},{"floor":28,"key":"Shovel"},{"floor":30,"key":"Question Card"},{"floor":32,"key":"BreadOfAWashokuLover"},{"floor":40,"key":"Incense Burner"},{"floor":42,"key":"Orichalcum"},{"floor":43,"key":"Happy Flower"},{"floor":44,"key":"Blood Vial"},{"floor":47,"key":"MagicBroom"},{"floor":48,"key":"The Courier"},{"floor":49,"key":"Strawberry"},{"floor":52,"key":"White Beast Statue"},{"floor":54,"key":"Oddly Smooth Stone"}],"event_choices":[{"damage_healed":0,"gold_gain":0,"cards_transformed":["Strike_MRS"],"player_choice":"Change","damage_taken":0,"max_hp_gain":0,"max_hp_loss":0,"event_name":"Living Wall","floor":2,"gold_loss":0,"cards_obtained":["MysteriousBeam"]},{"cards_removed":["Strike_MRS"],"damage_healed":0,"gold_gain":0,"player_choice":"Purged","damage_taken":0,"max_hp_gain":0,"max_hp_loss":0,"event_name":"Purifier","floor":3,"gold_loss":0},{"damage_healed":0,"gold_gain":180,"player_choice":"GOLD GOLD ","damage_taken":19,"max_hp_gain":0,"max_hp_loss":0,"event_name":"Knowing Skull","floor":19,"potions_obtained":[],"gold_loss":0,"cards_obtained":[]},{"damage_healed":0,"gold_gain":99,"player_choice":"Stole From Cult","damage_taken":0,"max_hp_gain":0,"max_hp_loss":0,"event_name":"Nest","floor":21,"gold_loss":0},{"damage_healed":0,"gold_gain":0,"player_choice":"Shed Blood","damage_taken":19,"max_hp_gain":5,"max_hp_loss":0,"event_name":"Forgotten Altar","floor":22,"gold_loss":0},{"damage_healed":0,"gold_gain":0,"cards_transformed":["Singularity","Defend_MRS"],"player_choice":"Became Test Subject","damage_taken":0,"max_hp_gain":0,"max_hp_loss":0,"event_name":"Drug Dealer","floor":25,"gold_loss":0,"cards_obtained":["BigCrunch","NonDirectionalLaser"]},{"damage_healed":0,"gold_gain":0,"player_choice":"Max HP","damage_taken":0,"max_hp_gain":0,"max_hp_loss":4,"event_name":"Winding Halls","floor":37,"gold_loss":0},{"damage_healed":0,"gold_gain":0,"player_choice":"Ignored","damage_taken":0,"max_hp_gain":0,"max_hp_loss":0,"event_name":"OrinTheCat","floor":39,"gold_loss":0},{"damage_healed":0,"gold_gain":0,"cards_transformed":["NonDirectionalLaser"],"player_choice":"Transformed","damage_taken":0,"max_hp_gain":0,"max_hp_loss":0,"event_name":"Transmorgrifier","floor":41,"gold_loss":0,"cards_obtained":["EnergyFlow"]},{"damage_healed":0,"gold_gain":0,"player_choice":"Fight","damage_taken":0,"max_hp_gain":0,"max_hp_loss":0,"event_name":"MindBloom","floor":47,"gold_loss":0}],"is_beta":false,"boss_relics":[{"not_picked":["Velvet Choker","SacredBark"],"picked":"ExperimentalFamiliar"},{"not_picked":["Pandora\u0027s Box","Empty Cage"],"picked":"Sozu"}],"items_purged_floors":[4,11,24,31,36],"is_endless":false,"potions_floor_spawned":[7,10,13,16,18,27,33,45,47,48,54],"ascension_level":10}}