{"host":"bg8va46pgqgvtzim","time":1610282858,"event":{"mods":["BaseMod","Minty Spire (QoL Compilation)","Quick Restart","StSLib","SuperFastMode","¡¾ÒÅÎï¿¨ÅÆ¡¿REMEMod"],"gold_per_floor":[112,129,142,142,154,154,183,183,183,202,127,127,155,171,171,273,273,286,286,286,116,41,41,68,68,92,120,120,140,140,140,140,242,242,259,87,87,106,125,160,175,203,203,237,251,251,251,268,268,268,268,268,69,95,95],"floor_reached":56,"playtime":1008,"items_purged":["Strike_G","Glass Knife","Defend_G","Defend_G"],"score":1490,"play_id":"4a4c335e-ba1f-441d-ae25-831adeaa689c","local_time":"20210110204738","is_ascension_mode":true,"campfire_choices":[{"data":"Juggernaut","floor":6.0,"key":"SMITH"},{"data":"Prepared","floor":8.0,"key":"SMITH"},{"data":"Calculated Gamble","floor":12.0,"key":"SMITH"},{"data":"Eviscerate","floor":15.0,"key":"SMITH"},{"data":"Reflex","floor":23.0,"key":"SMITH"},{"data":"Footwork","floor":25.0,"key":"SMITH"},{"data":"After Image","floor":28.0,"key":"SMITH"},{"data":"Tactician","floor":30.0,"key":"SMITH"},{"data":"Neutralize","floor":32.0,"key":"SMITH"},{"data":"Acrobatics","floor":46.0,"key":"SMITH"},{"floor":49.0,"key":"RECALL"},{"data":"Blade Dance","floor":52.0,"key":"SMITH"}],"circlet_count":0,"master_deck":["Defend_G","Survivor+1","Neutralize+1","Backstab","Prepared+1","Juggernaut+1","Footwork+1","Blade Dance+1","Eviscerate+1","Calculated Gamble+1","After Image+1","Reflex+1","Tactician+1","Adrenaline","Acrobatics+1","Reflex+1"],"relics":["Ring of the Snake","REME_ComplimentaryCards","REME_HourglassOfDeath","Mercury Hourglass","Bottled Tornado","Philosopher\u0027s Stone","Vajra","Pen Nib","Lantern","Coffee Dripper","Letter Opener","Blue Candle","War Paint","Toy Ornithopter"],"acts_visited":["Exordium","TheCity","TheBeyond","TheEnding"],"potions_floor_usage":[55,55,55],"damage_taken":[{"damage":0.0,"enemies":"2 Louse","floor":1.0,"turns":2.0},{"damage":1.0,"enemies":"Small Slimes","floor":2.0,"turns":3.0},{"damage":0.0,"enemies":"Jaw Worm","floor":3.0,"turns":4.0},{"damage":0.0,"enemies":"Looter","floor":5.0,"turns":4.0},{"damage":19.0,"enemies":"Gremlin Nob","floor":7.0,"turns":4.0},{"damage":0.0,"enemies":"Large Slime","floor":10.0,"turns":3.0},{"damage":2.0,"enemies":"3 Sentries","floor":13.0,"turns":5.0},{"damage":1.0,"enemies":"Exordium Wildlife","floor":14.0,"turns":4.0},{"damage":35.0,"enemies":"Slime Boss","floor":16.0,"turns":7.0},{"damage":0.0,"enemies":"Chosen","floor":18.0,"turns":2.0},{"damage":10.0,"enemies":"REME_1_Revenger","floor":24.0,"turns":3.0},{"damage":0.0,"enemies":"Book of Stabbing","floor":27.0,"turns":3.0},{"damage":0.0,"enemies":"Spheric Guardian","floor":29.0,"turns":1.0},{"damage":0.0,"enemies":"Collector","floor":33.0,"turns":3.0},{"damage":0.0,"enemies":"Orb Walker","floor":35.0,"turns":1.0},{"damage":0.0,"enemies":"3 Darklings","floor":38.0,"turns":2.0},{"damage":0.0,"enemies":"Maw","floor":39.0,"turns":2.0},{"damage":0.0,"enemies":"Giant Head","floor":40.0,"turns":4.0},{"damage":3.0,"enemies":"4 Shapes","floor":41.0,"turns":3.0},{"damage":0.0,"enemies":"Reptomancer","floor":42.0,"turns":1.0},{"damage":0.0,"enemies":"Giant Head","floor":44.0,"turns":2.0},{"damage":0.0,"enemies":"Transient","floor":45.0,"turns":1.0},{"damage":0.0,"enemies":"Jaw Worm Horde","floor":48.0,"turns":1.0},{"damage":23.0,"enemies":"Time Eater","floor":50.0,"turns":5.0},{"damage":5.0,"enemies":"Shield and Spear","floor":54.0,"turns":2.0},{"damage":44,"enemies":"The Heart","floor":55,"turns":4}],"seed_played":"-2525064264266452399","potions_obtained":[{"floor":2.0,"key":"FearPotion"},{"floor":3.0,"key":"Ancient Potion"},{"floor":10.0,"key":"Swift Potion"},{"floor":13.0,"key":"Poison Potion"},{"floor":14.0,"key":"Fruit Juice"},{"floor":18.0,"key":"GamblersBrew"},{"floor":27.0,"key":"PowerPotion"},{"floor":48.0,"key":"SkillPotion"}],"is_trial":false,"path_per_floor":["M","M","M","?","M","R","E","R","T","M","$","R","E","M","R","B",null,"M","?","?","$","?","R","E","R","T","E","R","M","R","?","R","B",null,"M","$","?","M","M","E","M","E","T","E","M","R","?","M","R","B",null,"R","$","E","B",null],"character_chosen":"THE_SILENT","items_purchased":["Reflex","Acrobatics","Strength Potion"],"campfire_rested":0,"item_purchase_floors":[21,36,53],"current_hp_per_floor":[63,62,62,67,67,67,48,48,48,48,48,48,46,45,45,10,68,73,60,60,60,60,60,50,50,50,50,50,50,50,50,50,50,78,78,78,78,78,78,78,75,75,75,75,75,75,75,75,75,52,78,78,78,73,36],"gold":95,"neow_bonus":"TRANSFORM_TWO_CARDS","is_daily":false,"chose_seed":false,"campfire_upgraded":11,"win_rate":0.0,"timestamp":1610282858,"path_taken":["M","M","M","?","M","R","E","R","T","M","$","R","E","M","R","BOSS","M","?","?","$","?","R","E","R","T","E","R","M","R","?","R","BOSS","M","$","?","M","M","E","M","E","T","E","M","R","?","M","R","BOSS","R","$","E","BOSS"],"items_purchased_type":["Card","Card","Potion"],"build_version":"2020-12-22","purchased_purges":4,"victory":true,"max_hp_per_floor":[63,63,63,68,68,68,68,68,68,68,68,68,68,68,68,68,68,73,78,78,78,78,78,78,78,78,78,78,78,78,78,78,78,78,78,78,78,78,78,78,78,78,78,78,78,78,78,78,78,78,78,78,78,78,78],"card_choices":[{"not_picked":["Dodge and Roll","Backflip"],"picked":"Footwork","floor":1.0},{"not_picked":["PiercingWail","Quick Slash","Flying Knee"],"picked":"SKIP","floor":2.0},{"not_picked":["Poisoned Stab","Flying Knee"],"picked":"Blade Dance","floor":3.0},{"not_picked":["Flying Knee","Catalyst","REME_LeechingPoison"],"picked":"SKIP","floor":5.0},{"not_picked":["Riddle With Holes","Noxious Fumes"],"picked":"Eviscerate","floor":7.0},{"not_picked":["Distraction","Backstab"],"picked":"Calculated Gamble","floor":10.0},{"not_picked":["Dagger Throw","Eviscerate","Masterful Stab"],"picked":"SKIP","floor":13.0},{"not_picked":["Cloak And Dagger","Dagger Throw","Flying Knee"],"picked":"SKIP","floor":14.0},{"not_picked":["Tools of the Trade","A Thousand Cuts"],"picked":"After Image","floor":16.0},{"not_picked":["Bane+1","Slice+1","Endless Agony+1"],"picked":"SKIP","floor":18.0},{"not_picked":["Setup","Deadly Poison","Underhanded Strike"],"picked":"SKIP","floor":24.0},{"not_picked":["Heel Hook+1","Quick Slash","Sucker Punch"],"picked":"SKIP","floor":27.0},{"not_picked":["Bane","Dodge and Roll"],"picked":"Tactician","floor":29.0},{"not_picked":["REME_LeechingPoison","REME_GrazeFinale"],"picked":"Adrenaline","floor":33.0},{"not_picked":["Backflip","Dodge and Roll+1","Catalyst+1"],"picked":"SKIP","floor":35.0},{"not_picked":["Dagger Spray","Quick Slash","Bane"],"picked":"SKIP","floor":38.0},{"not_picked":["Dagger Spray","Dodge and Roll+1","Sucker Punch+1"],"picked":"SKIP","floor":39.0},{"not_picked":["Burst","Slice+1","Outmaneuver+1"],"picked":"SKIP","floor":40.0},{"not_picked":["Escape Plan+1","Tactician","Blade Dance"],"picked":"SKIP","floor":41.0},{"not_picked":["Terror","Setup","REME_ShadowStrike"],"picked":"SKIP","floor":42.0},{"not_picked":["Predator+1","Dagger Spray+1","Doppelganger"],"picked":"SKIP","floor":44.0},{"not_picked":["Dodge and Roll+1","Outmaneuver+1","Distraction"],"picked":"SKIP","floor":45.0},{"not_picked":["Slice+1","Accuracy+1","Setup"],"picked":"SKIP","floor":48.0},{"not_picked":["Choke+1","Storm of Steel"],"picked":"Reflex+1","floor":54.0}],"player_experience":2263015,"relics_obtained":[{"floor":7.0,"key":"REME_HourglassOfDeath"},{"floor":9.0,"key":"Mercury Hourglass"},{"floor":13.0,"key":"Bottled Tornado"},{"floor":24.0,"key":"Vajra"},{"floor":26.0,"key":"Pen Nib"},{"floor":27.0,"key":"Lantern"},{"floor":40.0,"key":"Letter Opener"},{"floor":42.0,"key":"Blue Candle"},{"floor":44.0,"key":"War Paint"},{"floor":54.0,"key":"Toy Ornithopter"}],"event_choices":[{"damage_healed":0.0,"max_hp_gain":5.0,"max_hp_loss":0.0,"gold_gain":0.0,"event_name":"Big Fish","player_choice":"Donut","floor":4.0,"gold_loss":0.0,"damage_taken":0.0},{"damage_healed":0.0,"max_hp_gain":5.0,"max_hp_loss":0.0,"gold_gain":0.0,"event_name":"Forgotten Altar","player_choice":"Shed Blood","floor":19.0,"gold_loss":0.0,"damage_taken":18.0},{"damage_healed":0.0,"max_hp_gain":0.0,"max_hp_loss":0.0,"gold_gain":0.0,"cards_transformed":["Strike_G","Strike_G"],"event_name":"Drug Dealer","player_choice":"Became Test Subject","floor":20.0,"gold_loss":0.0,"damage_taken":0.0,"cards_obtained":["Glass Knife","Sucker Punch"]},{"cards_removed":["Sucker Punch"],"damage_healed":0.0,"max_hp_gain":0.0,"max_hp_loss":0.0,"gold_gain":0.0,"event_name":"Beggar","player_choice":"Gave Gold","floor":22.0,"gold_loss":75.0,"damage_taken":0.0},{"cards_removed":["Defend_G"],"damage_healed":0.0,"max_hp_gain":0.0,"max_hp_loss":0.0,"gold_gain":0.0,"event_name":"Back to Basics","player_choice":"Elegance","floor":31.0,"gold_loss":0.0,"damage_taken":0.0},{"damage_healed":0.0,"max_hp_gain":0.0,"max_hp_loss":0.0,"gold_gain":0.0,"event_name":"Tomb of Lord Red Mask","player_choice":"Ignored","floor":37.0,"gold_loss":0.0,"damage_taken":0.0},{"cards_removed":["Defend_G"],"damage_healed":0.0,"max_hp_gain":0.0,"max_hp_loss":0.0,"gold_gain":0.0,"event_name":"Falling","player_choice":"Removed Skill","floor":47.0,"gold_loss":0.0,"damage_taken":0.0}],"is_beta":false,"boss_relics":[{"not_picked":["SlaversCollar","REME_DuelDisc"],"picked":"Philosopher\u0027s Stone"},{"not_picked":["Runic Dome","REME_DemonsWealth"],"picked":"Coffee Dripper"}],"items_purged_floors":[11,21,36,53],"is_endless":false,"potions_floor_spawned":[2,3,10,13,14,18,24,27,39,40,42,48,54],"ascension_level":1}}