{"host":"sv0b252yhyqedn0i","time":1610285691,"event":{"mods":["BaseMod","Colored Map","DeckTracker","MarisaÅiñ∂âJÅ@ñÇóùçπÅj","Minty Spire (QoL Compilation)","StSLib"],"gold_per_floor":[116,66,79,154,73,106,106,106,106],"floor_reached":8,"playtime":281,"items_purged":[],"score":68,"play_id":"41491519-cf67-44cf-8bf3-828a549972b8","local_time":"20210110223451","is_ascension_mode":true,"campfire_choices":[{"floor":7,"key":"REST"}],"circlet_count":0,"master_deck":["Strike_MRS","Strike_MRS","Strike_MRS","Strike_MRS","Defend_MRS","Defend_MRS","Defend_MRS","MasterSpark","UpSweep","Acceleration","DarkSpark","MeteoricShower","ManaRampage"],"relics":["MiniHakkero","Calipers","Centennial Puzzle"],"acts_visited":["Exordium"],"potions_floor_usage":[],"damage_taken":[{"damage":0,"enemies":"Small Slimes","floor":1,"turns":3},{"damage":3,"enemies":"Jaw Worm","floor":3,"turns":4},{"damage":25,"enemies":"3 Sentries","floor":6,"turns":4},{"damage":0,"enemies":"Lagavulin","floor":8,"turns":4}],"seed_played":"3500623703961563845","potions_obtained":[{"floor":1,"key":"FearPotion"},{"floor":3,"key":"Ancient Potion"}],"is_trial":false,"path_per_floor":["M","?","M","?","$","E","R","E"],"character_chosen":"MARISA","items_purchased":["MeteoricShower"],"campfire_rested":1,"item_purchase_floors":[5],"current_hp_per_floor":[54,54,51,40,40,15,37,37,37],"gold":106,"neow_bonus":"ONE_RARE_RELIC","is_daily":false,"chose_seed":false,"campfire_upgraded":0,"win_rate":0.0,"timestamp":1610285691,"path_taken":["M","?","M","?","$","E","R","E"],"items_purchased_type":["Card"],"build_version":"2020-12-22","purchased_purges":0,"victory":false,"max_hp_per_floor":[75,75,75,75,75,75,75,75,75],"card_choices":[{"not_picked":["OrrerysSun","IllusionStar"],"picked":"Acceleration","floor":1},{"not_picked":["ShootTheMoon","GalacticHalo"],"picked":"DarkSpark","floor":3},{"not_picked":["GravityBeat","DeepEcoloBomb"],"picked":"ManaRampage","floor":6}],"player_experience":490013,"relics_obtained":[{"floor":6,"key":"Centennial Puzzle"}],"event_choices":[{"cards_removed":["Defend_MRS"],"damage_healed":0,"gold_gain":0,"player_choice":"Card Removal","damage_taken":0,"max_hp_gain":0,"max_hp_loss":0,"event_name":"The Cleric","floor":2,"gold_loss":50},{"damage_healed":0,"gold_gain":75,"player_choice":"Gather Gold","damage_taken":11,"max_hp_gain":0,"max_hp_loss":0,"event_name":"World of Goop","floor":4,"gold_loss":0}],"is_beta":false,"boss_relics":[],"items_purged_floors":[],"is_endless":false,"potions_floor_spawned":[1,3],"killed_by":"Lagavulin","ascension_level":5}}