{"host":"zig6x0mxqzam82fb","time":1610247833,"event":{"mods":["BaseMod","Block Reminder","Colored Map","Colored Powertips","Marisa????????","Minty Spire (QoL Compilation)","Relic Stats","StSLib","The Cursed","The Marked","Waifu the Spire"],"gold_per_floor":[114,131,146,146,146,146,172,189,213,213,213,213,225,244,244,342,342,354,115,115,40,40,70,86,86,109,109,124,143,158,158,158,259,259,275,275,275,291,97,97,97,112,112,124,158,158,158,6,6,6],"floor_reached":51,"playtime":3816,"items_purged":["Strike_G"],"score":866,"play_id":"7cf1bb63-f998-4235-ad4f-94b0aba93ea1","local_time":"20210109220353","is_ascension_mode":true,"campfire_choices":[{"floor":6,"key":"REST"},{"floor":10,"key":"REST"},{"data":"Blade Dance","floor":12,"key":"SMITH"},{"data":"Bouncing Flask","floor":15,"key":"SMITH"},{"floor":25,"key":"REST"},{"data":"Storm of Steel","floor":27,"key":"SMITH"},{"floor":32,"key":"REST"},{"floor":40,"key":"REST"},{"floor":47,"key":"REST"},{"floor":49,"key":"REST"}],"circlet_count":0,"master_deck":["Defend_G","Defend_G","Defend_G","Defend_G","Defend_G","Survivor","Neutralize","Panacea","Deflect","Bouncing Flask+1","Dagger Throw","Blade Dance+1","Cloak And Dagger","Dagger Throw+1","PiercingWail","Storm of Steel+1","Dagger Spray+1","Wraith Form v2","Burst","Dagger Throw+1","Blade Dance+1","Cloak And Dagger","Predator+1","PiercingWail","Infinite Blades","Writhe","Phantasmal Killer","Tactician+1","Dark Shackles","Envenom","Panache","Finisher+1","Concentrate","Deflect+1","After Image"],"relics":["Ring of the Snake","Molten Egg 2","Pear","Nunchaku","Art of War","Runic Pyramid","Enchiridion","Pen Nib","Regal Pillow","Omamori","SlaversCollar","Paper Crane","Pantograph","Vajra"],"acts_visited":["Exordium","TheCity","TheBeyond"],"potions_floor_usage":[7,16,16,33,33,35,38,42,46,50,50],"damage_taken":[{"damage":4.0,"enemies":"Small Slimes","floor":1.0,"turns":4.0},{"damage":5.0,"enemies":"Jaw Worm","floor":2.0,"turns":5.0},{"damage":2,"enemies":"Cultist","floor":3,"turns":4},{"damage":36,"enemies":"3 Sentries","floor":7,"turns":11},{"damage":2,"enemies":"2 Fungi Beasts","floor":8,"turns":3},{"damage":1,"enemies":"Blue Slaver","floor":13,"turns":4},{"damage":0,"enemies":"Large Slime","floor":14,"turns":5},{"damage":37,"enemies":"Slime Boss","floor":16,"turns":14},{"damage":0,"enemies":"Chosen","floor":18,"turns":4},{"damage":11,"enemies":"Book of Stabbing","floor":23,"turns":7},{"damage":0,"enemies":"3 Byrds","floor":24,"turns":2},{"damage":5,"enemies":"Centurion and Healer","floor":28,"turns":4},{"damage":0,"enemies":"Shelled Parasite and Fungi","floor":29,"turns":5},{"damage":7,"enemies":"Chosen and Byrds","floor":30,"turns":3},{"damage":31,"enemies":"Collector","floor":33,"turns":9},{"damage":21,"enemies":"3 Darklings","floor":35,"turns":4},{"damage":24,"enemies":"3 Shapes","floor":38,"turns":7},{"damage":13,"enemies":"Spire Growth","floor":42,"turns":6},{"damage":14,"enemies":"Writhing Mass","floor":44,"turns":4},{"damage":34,"enemies":"Reptomancer","floor":45,"turns":6},{"damage":0,"enemies":"4 Shapes","floor":46,"turns":1},{"damage":68,"enemies":"Awakened One","floor":50,"turns":10}],"seed_played":"744671135856821189","potions_obtained":[{"floor":3,"key":"Fire Potion"},{"floor":7,"key":"SpeedPotion"},{"floor":13,"key":"Energy Potion"},{"floor":16,"key":"Energy Potion"},{"floor":24,"key":"PowerPotion"},{"floor":30,"key":"SkillPotion"},{"floor":33,"key":"Weak Potion"},{"floor":35,"key":"Poison Potion"},{"floor":42,"key":"Weak Potion"},{"floor":45,"key":"SmokeBomb"}],"is_trial":false,"path_per_floor":["M","M","M","?","T","R","E","M","T","R","?","R","M","M","R","B",null,"M","$","?","?","?","E","M","R","T","R","M","M","M","?","R","B",null,"M","$","?","M","$","R","T","M","T","M","E","M","R","$","R","B",null],"character_chosen":"THE_SILENT","items_purchased":["Wraith Form v2","Panache","After Image","Regen Potion"],"campfire_rested":7,"item_purchase_floors":[19,39,48,48],"current_hp_per_floor":[59,54,52,27,37,61,25,23,23,47,47,47,46,46,46,9,62,62,62,62,62,46,35,35,59,59,59,54,54,47,47,80,49,72,51,51,51,27,27,66,66,53,53,39,5,5,44,44,80,27],"gold":6,"neow_bonus":"RANDOM_COLORLESS","is_daily":false,"chose_seed":false,"campfire_upgraded":3,"win_rate":0.0,"timestamp":1610247833,"path_taken":["M","M","M","?","?","R","E","M","T","R","?","R","?","M","R","BOSS","M","$","?","?","?","E","M","R","T","R","M","?","M","?","R","BOSS","M","$","?","M","$","R","?","?","T","M","E","M","R","$","R","BOSS"],"items_purchased_type":["Card","Card","Card","Potion"],"build_version":"2020-12-22","purchased_purges":1,"victory":true,"max_hp_per_floor":[70,70,70,70,80,80,80,80,80,80,80,80,80,80,80,80,80,80,80,80,80,80,80,80,80,80,80,80,80,80,80,80,80,80,80,80,80,80,80,80,80,80,80,80,80,80,80,80,80,80],"relic_stats":{"Nunchaku":[32],"Regal Pillow":51,"counters":[22,122],"Pantograph":0,"Pen Nib":[22],"Art of War":[14],"obtain_stats":[{"Regal Pillow":26,"Pear":5,"Enchiridion":22,"Vajra":45,"Pen Nib":23,"Omamori":31,"Paper Crane":41,"SlaversCollar":34,"Nunchaku":7,"Pantograph":43,"Molten Egg 2":4,"Art of War":9,"Ring of the Snake":0,"Runic Pyramid":17},{"Regal Pillow":11,"Pear":3,"Enchiridion":9,"Vajra":20,"Pen Nib":10,"Omamori":14,"Paper Crane":17,"SlaversCollar":15,"Nunchaku":4,"Pantograph":18,"Molten Egg 2":3,"Art of War":5,"Ring of the Snake":0,"Runic Pyramid":8},{"Regal Pillow":63,"Pear":13,"Enchiridion":54,"Vajra":111,"Pen Nib":61,"Omamori":75,"Paper Crane":95,"SlaversCollar":84,"Nunchaku":24,"Pantograph":101,"Molten Egg 2":13,"Art of War":27,"Ring of the Snake":0,"Runic Pyramid":50}],"Ring of the Snake":[44]},"card_choices":[{"not_picked":["Purity","Finesse"],"picked":"Panacea","floor":0.0},{"not_picked":["Quick Slash","Flechettes"],"picked":"Deflect","floor":1.0},{"not_picked":["Outmaneuver","Dagger Throw"],"picked":"Bouncing Flask","floor":2},{"not_picked":["PiercingWail","Flechettes"],"picked":"Dagger Throw","floor":3},{"not_picked":["Prepared","Choke+1"],"picked":"Blade Dance","floor":7},{"not_picked":["Masterful Stab+1","Skewer+1"],"picked":"Cloak And Dagger","floor":8},{"not_picked":["Calculated Gamble","Catalyst"],"picked":"Dagger Throw+1","floor":13},{"not_picked":["Catalyst","Dagger Throw+1"],"picked":"PiercingWail","floor":14},{"not_picked":["A Thousand Cuts","After Image"],"picked":"Storm of Steel","floor":16},{"not_picked":["Slice+1","Acrobatics"],"picked":"Dagger Spray+1","floor":18},{"not_picked":["PiercingWail","Slice+1"],"picked":"Blade Dance+1","floor":23},{"not_picked":["Prepared","Slice+1"],"picked":"Cloak And Dagger","floor":24},{"not_picked":["Dagger Spray+1","Slice+1"],"picked":"Predator+1","floor":28},{"not_picked":["Backflip","Bane+1"],"picked":"PiercingWail","floor":29},{"not_picked":["Tools of the Trade","Flying Knee+1"],"picked":"Infinite Blades","floor":30},{"not_picked":["Glass Knife+1","Storm of Steel"],"picked":"Phantasmal Killer","floor":33},{"not_picked":["Cloak And Dagger","Predator+1"],"picked":"Tactician+1","floor":35},{"not_picked":["Forethought","PanicButton"],"picked":"Dark Shackles","floor":37},{"not_picked":["Dagger Throw+1","Bane+1"],"picked":"Envenom","floor":38},{"not_picked":["Blade Dance+1","Dodge and Roll"],"picked":"Finisher+1","floor":42},{"not_picked":["Quick Slash+1","Blade Dance"],"picked":"Concentrate","floor":44},{"not_picked":["Flechettes+1","Underhanded Strike+1"],"picked":"Deflect+1","floor":45}],"player_experience":468576,"relics_obtained":[{"floor":5,"key":"Pear"},{"floor":7,"key":"Nunchaku"},{"floor":9,"key":"Art of War"},{"floor":22,"key":"Enchiridion"},{"floor":23,"key":"Pen Nib"},{"floor":26,"key":"Regal Pillow"},{"floor":41,"key":"Paper Crane"},{"floor":43,"key":"Pantograph"},{"floor":45,"key":"Vajra"}],"event_choices":[{"damage_healed":0,"gold_gain":0,"player_choice":"Success","damage_taken":25,"relics_obtained":["Molten Egg 2"],"max_hp_gain":0,"max_hp_loss":0,"event_name":"Scrap Ooze","floor":4,"gold_loss":0},{"cards_removed":["Strike_G"],"damage_healed":0,"gold_gain":0,"player_choice":"Offered Basic","damage_taken":0,"max_hp_gain":0,"max_hp_loss":0,"event_name":"Bonfire Elementals","floor":11,"gold_loss":0},{"damage_healed":0,"gold_gain":0,"cards_transformed":["Strike_G","Strike_G"],"player_choice":"Became Test Subject","damage_taken":0,"max_hp_gain":0,"max_hp_loss":0,"event_name":"Drug Dealer","floor":20,"gold_loss":0,"cards_obtained":["Burst","Dagger Throw"]},{"cards_removed":["Strike_G"],"damage_healed":0,"gold_gain":0,"player_choice":"Gave Gold","damage_taken":0,"max_hp_gain":0,"max_hp_loss":0,"event_name":"Beggar","floor":21,"gold_loss":75},{"damage_healed":0,"gold_gain":0,"player_choice":"Obtained Book","damage_taken":16,"max_hp_gain":0,"max_hp_loss":0,"event_name":"Cursed Tome","floor":22,"gold_loss":0},{"damage_healed":0,"gold_gain":0,"player_choice":"Opened","damage_taken":0,"relics_obtained":["Omamori"],"max_hp_gain":0,"max_hp_loss":0,"event_name":"The Mausoleum","floor":31,"gold_loss":0,"cards_obtained":["Writhe"]},{"damage_healed":0,"gold_gain":0,"player_choice":"Memory 1","damage_taken":0,"max_hp_gain":0,"max_hp_loss":0,"event_name":"SensoryStone","floor":37,"gold_loss":0}],"is_beta":false,"boss_relics":[{"not_picked":["Ring of the Serpent","Philosopher\u0027s Stone"],"picked":"Runic Pyramid"},{"not_picked":["Pandora\u0027s Box","Snecko Eye"],"picked":"SlaversCollar"}],"items_purged_floors":[19],"is_endless":false,"potions_floor_spawned":[3,7,13,16,24,30,33,35,42,45,46],"ascension_level":6}}