{"host":"pzq1vc4uuxkm5fg8","time":1610318194,"event":{"mods":["BaseMod","BetterRewards","Downfall","Hermit","Minty Spire (QoL Compilation)","Shop Mod","StSLib","The Cursed","The Hierophant","The Servant 0.9.4"],"gold_per_floor":[111,111,131,156,15,15,40,54,54,129,163,186,186,200,200,319,382,400,99,115,130,130,130,164,263,263,263,23,23,23,66,66,66,66],"floor_reached":33,"playtime":3103,"items_purged":[],"score":285,"play_id":"f037b908-b2de-4a32-b0c7-52640e64ff03","local_time":"20210110173634","is_ascension_mode":false,"campfire_choices":[{"floor":6,"key":"REST"},{"floor":13,"key":"REST"},{"floor":15,"key":"REST"},{"floor":23,"key":"REST"},{"floor":27,"key":"REST"},{"floor":29,"key":"REST"},{"floor":32,"key":"REST"}],"circlet_count":0,"master_deck":["hermit:Strike_Hermit+1","hermit:Strike_Hermit+1","hermit:Strike_Hermit+1","hermit:Strike_Hermit+1","hermit:Defend_Hermit+1","hermit:Defend_Hermit+1","hermit:Defend_Hermit+1","hermit:Defend_Hermit+1","hermit:Snapshot","hermit:Covet","hermit:Purgatory","hermit:GoldenBullet","hermit:Midnight","hermit:FatalDesire","hermit:BigShot","hermit:Shortfuse","hermit:Feint","hermit:ItchyTrigger","hermit:DeadMansHand","hermit:Malice","hermit:Snipe","hermit:Reprieve","hermit:Dive","hermit:Enervate","hermit:TakeAim","hermit:Grudge","hermit:FlashPowder","hermit:Manifest+1"],"relics":["hermit:Momento","Strawberry","TheAbacus","hermit:RyeStalk","Peace Pipe","Golden Idol","Shuriken","Omamori","Tiny House","PreservedInsect","hermit:Horseshoe","Frozen Egg 2","Singing Bowl","Oddly Smooth Stone"],"acts_visited":["Exordium","TheCity"],"potions_floor_usage":[11,16,16,16,16,16,16,21,21],"damage_taken":[{"damage":31,"enemies":"Jaw Worm","floor":1,"turns":2},{"damage":0,"enemies":"2 Louse","floor":3,"turns":2},{"damage":0,"enemies":"Small Slimes","floor":4,"turns":3},{"damage":4,"enemies":"Exordium Wildlife","floor":7,"turns":6},{"damage":1,"enemies":"2 Fungi Beasts","floor":8,"turns":3},{"damage":26,"enemies":"Gremlin Nob","floor":11,"turns":4},{"damage":5,"enemies":"Blue Slaver","floor":12,"turns":4},{"damage":6,"enemies":"Exordium Wildlife","floor":14,"turns":4},{"damage":35,"enemies":"Hexaghost","floor":16,"turns":11},{"damage":32,"enemies":"2 Thieves","floor":18,"turns":5},{"damage":2,"enemies":"Spheric Guardian","floor":20,"turns":3},{"damage":16,"enemies":"Snake Plant","floor":21,"turns":2},{"damage":38,"enemies":"Gremlin Leader","floor":24,"turns":6},{"damage":58,"enemies":"Slavers","floor":31,"turns":7},{"damage":64,"enemies":"Collector","floor":33,"turns":6}],"seed_played":"-4343499937813052229","potions_obtained":[{"floor":1,"key":"EntropicBrew"},{"floor":3,"key":"CultistPotion"},{"floor":7,"key":"AttackPotion"},{"floor":14,"key":"SneckoOil"},{"floor":16,"key":"champ:CounterPotion"},{"floor":17,"key":"hermit:BlackBile"},{"floor":20,"key":"LiquidBronze"},{"floor":31,"key":"FairyPotion"}],"is_trial":false,"path_per_floor":["M","?","M","M","$","R","M","M","T","?","E","M","R","M","R","B",null,"M","$","M","M","?","R","E","?","T","R","$","R","?","E","R","B"],"character_chosen":"HERMIT","items_purchased":["Strawberry","TheAbacus","hermit:RyeStalk","hermit:Purgatory","hermit:BigShot","hermit:Shortfuse","hermit:Enervate","PreservedInsect","hermit:TakeAim","Singing Bowl"],"campfire_rested":7,"item_purchase_floors":[0,0,0,0,5,5,19,19,19,28],"current_hp_per_floor":[27,27,27,27,27,49,45,44,44,33,7,2,24,18,40,5,81,49,49,47,31,31,55,17,17,17,41,41,65,65,9,33,0,0],"gold":66,"neow_bonus":"","is_daily":false,"chose_seed":false,"campfire_upgraded":0,"win_rate":0.0,"timestamp":1610318194,"path_taken":["M","?","M","M","$","R","M","M","T","?","E","M","R","M","R","BOSS","M","$","M","M","?","R","E","?","T","R","$","R","?","E","R","BOSS"],"items_purchased_type":["Relic","Relic","Relic","Card","Card","Card","Card","Relic","Card","Relic"],"build_version":"2020-12-22","purchased_purges":0,"victory":false,"max_hp_per_floor":[82,76,76,76,76,76,76,76,76,76,76,76,76,76,76,76,81,81,81,81,81,81,81,81,81,81,81,81,81,81,83,83,83,83],"card_choices":[{"not_picked":["hermit:BodyArmor","hermit:Vantage"],"picked":"hermit:GoldenBullet","floor":1},{"not_picked":["hermit:FullyLoaded","hermit:HighCaliber"],"picked":"hermit:Midnight","floor":3},{"not_picked":["hermit:Ricochet","hermit:DeadMansHand"],"picked":"hermit:FatalDesire","floor":4},{"not_picked":["hermit:HighCaliber","hermit:Vantage"],"picked":"hermit:Feint","floor":7},{"not_picked":["hermit:Brawl","hermit:Headshot"],"picked":"hermit:ItchyTrigger","floor":8},{"not_picked":["hermit:HighCaliber","hermit:BodyArmor"],"picked":"hermit:DeadMansHand","floor":11},{"not_picked":["hermit:Glare","hermit:Misfire"],"picked":"hermit:Malice","floor":12},{"not_picked":["hermit:SprayPray","hermit:DeadMansHand"],"picked":"hermit:Snipe","floor":14},{"not_picked":["hermit:EternalForm","hermit:Roughhouse"],"picked":"hermit:Reprieve","floor":16},{"not_picked":["hermit:LowProfile","hermit:Desperado"],"picked":"hermit:Dive","floor":18},{"not_picked":["hermit:Vantage","hermit:Snipe+1"],"picked":"hermit:Grudge","floor":20},{"not_picked":["hermit:Glare","hermit:Grudge"],"picked":"hermit:FlashPowder","floor":21},{"not_picked":["hermit:CalledShot","hermit:SprayPray"],"picked":"hermit:Manifest+1","floor":24},{"not_picked":["hermit:CalledShot","hermit:Feint","hermit:DeadOrAlive"],"picked":"Singing Bowl","floor":31}],"player_experience":316409,"relics_obtained":[{"floor":9,"key":"Shuriken"},{"floor":11,"key":"Omamori"},{"floor":24,"key":"hermit:Horseshoe"},{"floor":26,"key":"Frozen Egg 2"},{"floor":31,"key":"Oddly Smooth Stone"}],"event_choices":[{"damage_healed":0,"gold_gain":0,"player_choice":"Lose Max HP","damage_taken":0,"relics_obtained":["Golden Idol"],"max_hp_gain":0,"max_hp_loss":6,"event_name":"Golden Idol","floor":2,"gold_loss":0},{"damage_healed":0,"gold_gain":75,"player_choice":"Gather Gold","damage_taken":11,"max_hp_gain":0,"max_hp_loss":0,"event_name":"World of Goop","floor":10,"gold_loss":0},{"damage_healed":0,"gold_gain":99,"player_choice":"Stole From Cult","damage_taken":0,"max_hp_gain":0,"max_hp_loss":0,"event_name":"Nest","floor":25,"gold_loss":0},{"damage_healed":0,"gold_gain":0,"player_choice":"Simplicity","damage_taken":0,"max_hp_gain":0,"max_hp_loss":0,"event_name":"Back to Basics","floor":30,"gold_loss":0,"cards_upgraded":["hermit:Strike_Hermit","hermit:Strike_Hermit","hermit:Strike_Hermit","hermit:Defend_Hermit","hermit:Defend_Hermit","hermit:Defend_Hermit","hermit:Defend_Hermit"]}],"is_beta":false,"boss_relics":[{"not_picked":["Velvet Choker","hermit:BartenderGlass"],"picked":"Tiny House"}],"items_purged_floors":[],"is_endless":false,"potions_floor_spawned":[1,3,7,14,16,20,31],"killed_by":"Collector","ascension_level":0}}