{"host":"vpaavrwbmey593fx","time":1610245170,"event":{"mods":["AchievementEnabler","BaseMod","Colored Map","Colored Powertips","DeckTracker","Minty Spire (QoL Compilation)","Relic Sorter"],"gold_per_floor":[113,188,202,221,71,71,105,105,105,105,116,150,162,175,175,175,175],"floor_reached":16,"playtime":1251,"items_purged":["Strike_R"],"score":129,"play_id":"f0bbf707-350e-4de6-9606-fb85f9c50c88","local_time":"20210109181930","is_ascension_mode":true,"campfire_choices":[{"data":"Bash","floor":6,"key":"SMITH"},{"data":"Battle Trance","floor":8,"key":"SMITH"},{"floor":10,"key":"REST"},{"floor":15,"key":"RECALL"}],"circlet_count":0,"master_deck":["Strike_R","Strike_R","Strike_R","Strike_R","Defend_R","Defend_R","Defend_R","Defend_R","Bash+1","Battle Trance+1","Twin Strike","Dropkick","Shrug It Off"],"relics":["Burning Blood","Blood Vial","Paper Frog","Mummified Hand","Meat on the Bone"],"acts_visited":["Exordium"],"potions_floor_usage":[16,16],"damage_taken":[{"damage":7,"enemies":"2 Louse","floor":1,"turns":2},{"damage":1,"enemies":"Cultist","floor":3,"turns":3},{"damage":9,"enemies":"Jaw Worm","floor":4,"turns":4},{"damage":37,"enemies":"Lagavulin","floor":7,"turns":8},{"damage":21,"enemies":"Exordium Thugs","floor":11,"turns":4},{"damage":17,"enemies":"Gremlin Nob","floor":12,"turns":4},{"damage":0,"enemies":"Large Slime","floor":13,"turns":2},{"damage":6,"enemies":"Red Slaver","floor":14,"turns":3},{"damage":64,"enemies":"Hexaghost","floor":16,"turns":11}],"seed_played":"169902885966197125","potions_obtained":[{"floor":3,"key":"Ancient Potion"},{"floor":7,"key":"FearPotion"},{"floor":13,"key":"Regen Potion"}],"is_trial":false,"path_per_floor":["M","?","M","M","$","R","E","R","T","R","M","E","M","M","R","B"],"character_chosen":"IRONCLAD","items_purchased":["Dropkick"],"campfire_rested":1,"item_purchase_floors":[5],"current_hp_per_floor":[79,71,78,77,77,77,48,48,48,72,59,50,58,60,60,0,0],"gold":175,"neow_bonus":"RANDOM_COMMON_RELIC","is_daily":false,"chose_seed":false,"campfire_upgraded":2,"win_rate":0.0,"timestamp":1610245170,"path_taken":["M","?","M","M","$","R","E","R","T","R","M","E","M","M","R","BOSS"],"items_purchased_type":["Card"],"build_version":"2020-12-22","purchased_purges":1,"victory":false,"max_hp_per_floor":[80,80,80,80,80,80,80,80,80,80,80,80,80,80,80,80,80],"card_choices":[{"not_picked":["Wild Strike","Twin Strike","Flex"],"picked":"SKIP","floor":1},{"not_picked":["Inflame","Reckless Charge"],"picked":"Battle Trance","floor":3},{"not_picked":["Blood for Blood","Battle Trance"],"picked":"Twin Strike","floor":4},{"not_picked":["Perfected Strike","Dual Wield"],"picked":"Shrug It Off","floor":7},{"not_picked":["Infernal Blade","Twin Strike","Clash"],"picked":"SKIP","floor":11},{"not_picked":["Sword Boomerang","Thunderclap","Armaments"],"picked":"SKIP","floor":12},{"not_picked":["Burning Pact","Combust","Thunderclap"],"picked":"SKIP","floor":13},{"not_picked":["Bloodletting","Burning Pact","Thunderclap"],"picked":"SKIP","floor":14}],"player_experience":148101,"relics_obtained":[{"floor":7,"key":"Paper Frog"},{"floor":9,"key":"Mummified Hand"},{"floor":12,"key":"Meat on the Bone"}],"event_choices":[{"damage_healed":0,"gold_gain":75,"player_choice":"Touch","damage_taken":8,"max_hp_gain":0,"max_hp_loss":0,"event_name":"FaceTrader","floor":2,"gold_loss":0}],"is_beta":false,"boss_relics":[],"items_purged_floors":[5],"is_endless":false,"potions_floor_spawned":[3,7,13],"killed_by":"Hexaghost","ascension_level":3}}