{"host":"kh6fvhxn285ncg0o","time":1610261717,"event":{"mods":["Act Like it!","BaseMod","Colored Map","Friendly Minions","Keyboard Shortcuts","Minty Spire (QoL Compilation)","Quick Restart","Relic Stats","StSLib","SuperFastMode"],"gold_per_floor":[110,110,123,135,60,90,109,120,202,202,202,202,202],"floor_reached":12,"playtime":214,"items_purged":["Pain"],"score":180,"play_id":"f040f06e-01be-458c-b6ab-c49ad670327c","local_time":"20210110155517","is_ascension_mode":true,"campfire_choices":[{"data":"Demon Form","floor":11,"key":"SMITH"}],"circlet_count":0,"master_deck":["AscendersBane","Strike_R","Strike_R","Strike_R","Strike_R","Strike_R","Defend_R","Defend_R","Defend_R","Defend_R","Bash","Shrug It Off","Pommel Strike","Demon Form+1","Body Slam","Fire Breathing"],"relics":["Philosopher\u0027s Stone","WarpedTongs","Bronze Scales","Mummified Hand"],"acts_visited":["Exordium"],"potions_floor_usage":[6,10,10],"damage_taken":[{"damage":13,"enemies":"Jaw Worm","floor":1,"turns":4},{"damage":3,"enemies":"Cultist","floor":3,"turns":3},{"damage":3,"enemies":"2 Louse","floor":4,"turns":3},{"damage":11,"enemies":"Lagavulin","floor":6,"turns":5},{"damage":2,"enemies":"Looter","floor":7,"turns":3},{"damage":5,"enemies":"Large Slime","floor":8,"turns":5},{"damage":11,"enemies":"Gremlin Nob","floor":10,"turns":3},{"damage":20,"enemies":"3 Sentries","floor":12,"turns":2}],"seed_played":"-736941674044751678","potions_obtained":[{"floor":1,"key":"CultistPotion"},{"floor":4,"key":"SmokeBomb"},{"floor":7,"key":"PowerPotion"}],"is_trial":false,"path_per_floor":["M","?","M","M","$","E","M","M","T","E","R","E"],"character_chosen":"IRONCLAD","items_purchased":[],"campfire_rested":0,"item_purchase_floors":[],"current_hp_per_floor":[55,55,52,49,49,38,36,31,31,20,20,0,0],"gold":202,"neow_bonus":"BOSS_RELIC","is_daily":false,"chose_seed":false,"campfire_upgraded":1,"win_rate":0.0,"timestamp":1610261717,"path_taken":["M","?","M","M","$","E","M","?","T","E","R","E"],"items_purchased_type":[],"build_version":"2020-12-22","purchased_purges":1,"victory":false,"max_hp_per_floor":[75,75,75,75,75,75,75,75,75,75,75,75,75],"relic_stats":{"counters":[8,28],"Mummified Hand":[4],"Bronze Scales":[21],"obtain_stats":[{"Mummified Hand":9,"Bronze Scales":6,"Philosopher\u0027s Stone":0,"Burning Blood":0,"WarpedTongs":2},{"Mummified Hand":6,"Bronze Scales":4,"Philosopher\u0027s Stone":0,"Burning Blood":0,"WarpedTongs":1},{"Mummified Hand":23,"Bronze Scales":15,"Philosopher\u0027s Stone":0,"Burning Blood":0,"WarpedTongs":4}],"WarpedTongs":[24]},"card_choices":[{"not_picked":["Clothesline","Wild Strike"],"picked":"Shrug It Off","floor":1},{"not_picked":["Entrench","Anger"],"picked":"Pommel Strike","floor":4},{"not_picked":["Havoc","Ghostly Armor"],"picked":"Demon Form","floor":6},{"not_picked":["Perfected Strike","True Grit"],"picked":"Body Slam","floor":7},{"not_picked":["Sword Boomerang","Cleave"],"picked":"Fire Breathing","floor":8}],"player_experience":3406873,"relics_obtained":[{"floor":6,"key":"Bronze Scales"},{"floor":9,"key":"Mummified Hand"}],"event_choices":[{"damage_healed":0,"gold_gain":0,"player_choice":"Rummage","damage_taken":0,"relics_obtained":["WarpedTongs"],"max_hp_gain":0,"max_hp_loss":0,"event_name":"Accursed Blacksmith","floor":2,"gold_loss":0,"cards_obtained":["Pain"]}],"is_beta":false,"boss_relics":[],"items_purged_floors":[5],"is_endless":false,"potions_floor_spawned":[1,4,7],"killed_by":"3 Sentries","ascension_level":20}}