{"host":"9op7xyky91xc1g6p","time":1610320424,"event":{"mods":["Act Like it!","Astrologer","Bartender","BaseMod","Beaked The Cultist","Better Altar","Better Note","Better Sensory Stone","Better Skull","Better Third Choice","Better Vampires","BshForSts","CapriCore","Energized Spire","Gensokyo","Hallownest","Hermit","Infinite Spire","Koishi","Magitek Elite","Marisa????????","Minty Spire (QoL Compilation)","Random Character Button","Remilia??????","Retaliation","Robot Space Explorer","Shade Mod","SpireExporter+","StSLib","The Animator","The Disciple","The Elementalist","The Hierophant","The Immortal","The Marked","The Mystic","The Poker Player","The Runesmith","The Spell Scribe","TheArtist","TheBandit","Trackpad","Yuyuko","??????REMEMod"],"gold_per_floor":[109,127,127,127,92,119,119,119,145,176,190,190,208,222,222,320,320,338,357,11,11,11,11,11,31,31,31,47,65,93,111,111,214,214,229,13,13,13,33,33,33],"floor_reached":40,"playtime":6383,"items_purged":[],"score":441,"play_id":"60a58a97-1afc-45be-860b-93fd23d07acd","local_time":"20210110151344","is_ascension_mode":false,"campfire_choices":[{"floor":8,"key":"REST"},{"floor":12,"key":"REST"},{"floor":15,"key":"REST"},{"data":"theScribe:MagicMissiles","floor":23,"key":"SMITH"},{"floor":32,"key":"REST"}],"circlet_count":0,"master_deck":["theScribe:StarterAttack","theScribe:StarterAttack","theScribe:LightningStrike","theScribe:LightningStrike","theScribe:StarterDefend","theScribe:StarterDefend","theScribe:StarterDefend","theScribe:IcyDefend","theScribe:IcyDefend","theScribe:StarterModifier","theScribe:Thunder","theScribe:MagicMissiles+1","REME_ShadowStrike","theScribe:FranticSearch","theScribe:CrystalShield","Burn","theScribe:LightningBolt","theScribe:BarrierOfLight","theScribe:PiercingBolts","theScribe:ScrollOfPoison","theScribe:RecurringRime","infinitespire:Collect","theScribe:LightningBolt","theScribe:Focused+1","theScribe:Frost","theScribe:Frost","theScribe:Frost+1","theScribe:GlaciesSpellstone","theScribe:FrostvenomToxin+1","theScribe:IcicleBlast","theScribe:FocusedBolt","theScribe:MirrorImage","theScribe:FocusedBolt","Master of Strategy","Secret Weapon","infinitespire:SevenWalls","theScribe:Split"],"relics":["Sneakers","REME_ComplimentaryCards","infinitespire:Cubic Diamond","Juzu Bracelet","infinitespire:Satchel","Runesmith:AutoHammer","trackpad:DisasterInABottle","beaked:SacredDeck","Runesmith:Locket","infinitespire:Lucky Rock","Mythril_Glove","energizedSpire:OgreHead","Regal Pillow","Medical Kit","Sozu"],"acts_visited":["Exordium","TheCity","TheBeyond"],"potions_floor_usage":[14,14,28,30,33,33],"damage_taken":[{"damage":3,"enemies":"Jaw Worm","floor":1,"turns":7},{"damage":0,"enemies":"Small Slimes","floor":2,"turns":3},{"damage":39,"enemies":"Gremlin Nob","floor":6,"turns":5},{"damage":33,"enemies":"3 Sentries","floor":10,"turns":8},{"damage":1,"enemies":"2 Louse","floor":11,"turns":2},{"damage":2,"enemies":"2 Fungi Beasts","floor":13,"turns":4},{"damage":2,"enemies":"Gremlin Gang","floor":14,"turns":3},{"damage":42,"enemies":"The Guardian","floor":16,"turns":11},{"damage":19,"enemies":"Shell Parasite","floor":18,"turns":4},{"damage":5,"enemies":"3 Byrds","floor":19,"turns":4},{"damage":15,"enemies":"Sentry and Sphere","floor":25,"turns":5},{"damage":18,"enemies":"Snake Plant","floor":28,"turns":4},{"damage":27,"enemies":"Cultist and Chosen","floor":29,"turns":8},{"damage":4,"enemies":"Book of Stabbing","floor":30,"turns":6},{"damage":2,"enemies":"Centurion and Healer","floor":31,"turns":4},{"damage":23,"enemies":"Champ","floor":33,"turns":17},{"damage":0,"enemies":"Orb Walker","floor":35,"turns":3},{"damage":15,"enemies":"3 Shapes","floor":39,"turns":4},{"damage":75,"enemies":"beaked:SuperParasite","floor":40,"turns":18}],"seed_played":"-8479853350232038400","potions_obtained":[{"floor":6,"key":"DDmod:CleansePotion"},{"floor":10,"key":"Explosive Potion"},{"floor":13,"key":"Weak Potion"},{"floor":25,"key":"Swift Potion"},{"floor":29,"key":"LiquidBronze"},{"floor":31,"key":"Fire Potion"}],"is_trial":false,"path_per_floor":["M","M","?","?","?","E","?","R","T","E","M","R","M","M","R","B",null,"M","M","$","?","?","R","?","M","T","$","M","M","E","M","R","B",null,"M","$","?","AVR","M","E"],"character_chosen":"THE_SCRIBE","items_purchased":["Runesmith:Locket","theScribe:Frost","theScribe:FocusedBolt","Regal Pillow"],"campfire_rested":4,"item_purchase_floors":[20,20,36,36],"current_hp_per_floor":[72,72,72,46,64,25,25,47,47,14,13,35,33,31,53,11,75,56,51,51,75,75,75,75,60,60,60,42,15,11,9,31,8,75,75,75,75,75,60,0,0],"gold":33,"neow_bonus":"THREE_CARDS","is_daily":false,"chose_seed":false,"campfire_upgraded":1,"win_rate":0.0,"timestamp":1610320424,"path_taken":["M","M","?","?","?","E","?","R","T","E","M","R","M","M","R","BOSS","M","M","$","?","?","R","?","M","T","?","M","M","E","M","R","BOSS","M","$","?","AVR","M","E"],"items_purchased_type":["Relic","Card","Card","Relic"],"build_version":"2020-12-22","purchased_purges":0,"victory":false,"max_hp_per_floor":[75,75,75,75,75,75,75,75,75,75,75,75,75,75,75,75,75,75,75,75,75,75,75,75,75,75,75,75,75,75,75,75,75,75,75,75,75,75,75,75,75],"card_choices":[{"not_picked":["theScribe:CapacitanceScroll","theScribe:ToxicSpellstone"],"picked":"theScribe:Thunder","floor":0},{"not_picked":["theScribe:BluntWeapons","theScribe:GatherComponents"],"picked":"theScribe:MagicMissiles","floor":1},{"not_picked":["theScribe:InvigoratingStrike","theScribe:EnchantedStrike"],"picked":"theScribe:FranticSearch","floor":2},{"not_picked":["theScribe:ThrownScroll","theScribe:Split"],"picked":"theScribe:CrystalShield","floor":6},{"not_picked":["theScribe:MagicMissiles","theScribe:ThrownScroll"],"picked":"theScribe:LightningBolt","floor":10},{"not_picked":["theScribe:ToxicSpellstone","theScribe:PriceOfKnowledge"],"picked":"theScribe:BarrierOfLight","floor":11},{"not_picked":["theScribe:StaticCage","theScribe:ArcaneBarrier"],"picked":"theScribe:PiercingBolts","floor":13},{"not_picked":["theScribe:RecklessResponse","theScribe:ScrollOfScrying"],"picked":"theScribe:ScrollOfPoison","floor":14},{"not_picked":["theScribe:GlacialGuard","theScribe:Echo"],"picked":"theScribe:RecurringRime","floor":16},{"not_picked":["theScribe:FlowLikeWater","theScribe:ToxicSpellstone+1"],"picked":"theScribe:LightningBolt","floor":18},{"not_picked":["theScribe:LiquidumScroll","theScribe:EnchantedStrike"],"picked":"theScribe:Focused+1","floor":19},{"not_picked":["theScribe:ArcaneBarrier+1","theScribe:Incendio"],"picked":"theScribe:Frost","floor":25},{"not_picked":["theScribe:ScindoSpellstone","theScribe:BluntWeapons"],"picked":"theScribe:Frost+1","floor":28},{"not_picked":["theScribe:Thunder","theScribe:Frost"],"picked":"theScribe:GlaciesSpellstone","floor":29},{"not_picked":["theScribe:TelumSpellstone","theScribe:LightningBolt+1"],"picked":"theScribe:FrostvenomToxin+1","floor":30},{"not_picked":["theScribe:RecklessResponse+1","theScribe:Overcharge"],"picked":"theScribe:IcicleBlast","floor":31},{"not_picked":["theScribe:GlacialGuard","theScribe:InscribeDeath"],"picked":"theScribe:FocusedBolt","floor":33},{"not_picked":["theScribe:FranticSearch","theScribe:TelumSpellstone"],"picked":"theScribe:MirrorImage","floor":35},{"not_picked":["REME_TheoryOfElimination","Trip"],"picked":"Master of Strategy","floor":37},{"not_picked":["Metamorphosis","Madness"],"picked":"Secret Weapon","floor":37},{"not_picked":["theScribe:LightningBolt+1","theScribe:WordsOfPower"],"picked":"theScribe:Split","floor":39}],"player_experience":369291,"relics_obtained":[{"floor":6,"key":"infinitespire:Satchel"},{"floor":9,"key":"Runesmith:AutoHammer"},{"floor":10,"key":"trackpad:DisasterInABottle"},{"floor":26,"key":"infinitespire:Lucky Rock"},{"floor":30,"key":"Mythril_Glove"}],"event_choices":[{"damage_healed":18,"gold_gain":0,"player_choice":"Healed","damage_taken":0,"max_hp_gain":0,"max_hp_loss":0,"event_name":"The Cleric","floor":5,"gold_loss":35},{"damage_healed":25,"gold_gain":0,"player_choice":"Embrace Burn","damage_taken":0,"max_hp_gain":0,"max_hp_loss":75,"event_name":"betterThird:BetterShining","floor":7,"gold_loss":0},{"cards_removed":["Inflame"],"damage_healed":24,"gold_gain":0,"player_choice":"Offered Uncommon","damage_taken":0,"max_hp_gain":0,"max_hp_loss":0,"event_name":"Bonfire Elementals","floor":21,"gold_loss":0},{"damage_healed":0,"gold_gain":0,"player_choice":"Ignored","damage_taken":0,"max_hp_gain":0,"max_hp_loss":0,"event_name":"betterNote:BetterNote","floor":22,"gold_loss":0,"cards_obtained":["theMarked:ThrowWeapon"]},{"damage_healed":0,"gold_gain":0,"player_choice":"Ignored","damage_taken":0,"max_hp_gain":0,"max_hp_loss":0,"event_name":"Ghosts","floor":24,"gold_loss":0},{"damage_healed":0,"gold_gain":3,"player_choice":"1","damage_taken":0,"max_hp_gain":0,"max_hp_loss":0,"event_name":"betterStone:BetterStone","floor":37,"gold_loss":0}],"is_beta":false,"boss_relics":[{"not_picked":["beaked:MawFillet","Runic Pyramid"],"picked":"beaked:SacredDeck"},{"not_picked":["Busted Crown","energizedSpire:SpiderWeb"],"picked":"energizedSpire:OgreHead"}],"items_purged_floors":[],"is_endless":false,"potions_floor_spawned":[6,10,13,25,29,31,39],"killed_by":"beaked:SuperParasite","ascension_level":0}}