{"host":"uq4ng344qg9ygyoi","time":1610295837,"event":{"mods":["BaseMod","Minty Spire (QoL Compilation)","Quick Restart","Shop Mod","StSLib","[IsaacMod]ÒÔÈö¼âËþ"],"gold_per_floor":[119,131,131,131,142,142,473,493,493,548,568,605,616,211,211,315,315,352,352,252,252,263,263,300,300,300,300,320,320],"floor_reached":28,"playtime":757,"items_purged":["Regret","Strike_R"],"score":384,"play_id":"51787851-510a-45aa-ba9a-5bdc259ea6c7","local_time":"20210111002357","is_ascension_mode":true,"campfire_choices":[{"data":"BettingIsNotGood","floor":6.0,"key":"SMITH"},{"data":"Armaments","floor":15.0,"key":"SMITH"},{"data":"RitualDagger","floor":23.0,"key":"SMITH"},{"floor":25.0,"key":"REST"},{"floor":27.0,"key":"REST"}],"circlet_count":0,"master_deck":["Strike_R","Strike_R","Strike_R","Strike_R","Defend_R+1","Defend_R","Defend_R","Defend_R","Bash","BettingIsNotGood+1","Anger+1","Battle Trance","Iron Wave","Spot Weakness","Flex","Armaments+1","Heavy Blade","RitualDagger+1"],"relics":["Burning Blood","HushsDoor","GuppysPaw","NeowsBlessing","Art of War","DoctorsRemote","PokeGo","Boot","MerchantsRug","SlaversCollar","GuppysTail","TuHaoJin"],"acts_visited":["Exordium","TheCity"],"potions_floor_usage":[],"damage_taken":[{"damage":0.0,"enemies":"Cultist","floor":1.0,"turns":1.0},{"damage":0.0,"enemies":"2 Louse","floor":2.0,"turns":1.0},{"damage":0.0,"enemies":"Jaw Worm","floor":5.0,"turns":1.0},{"damage":0.0,"enemies":"Gremlin Nob","floor":7.0,"turns":2.0},{"damage":18.0,"enemies":"Red Slaver","floor":8.0,"turns":3.0},{"damage":29.0,"enemies":"Lagavulin","floor":10.0,"turns":4.0},{"damage":5.0,"enemies":"Blue Slaver","floor":11.0,"turns":3.0},{"damage":2.0,"enemies":"Large Slime","floor":12.0,"turns":2.0},{"damage":0.0,"enemies":"Exordium Wildlife","floor":13.0,"turns":2.0},{"damage":0.0,"enemies":"Slime Boss","floor":16.0,"turns":5.0},{"damage":15.0,"enemies":"Shell Parasite","floor":18.0,"turns":5.0},{"damage":0.0,"enemies":"2 Thieves","floor":22.0,"turns":1.0},{"damage":75.0,"enemies":"Snecko","floor":24.0,"turns":7.0},{"damage":21,"enemies":"Snake Plant","floor":28,"turns":4}],"seed_played":"6999514164129988335","potions_obtained":[{"floor":1.0,"key":"EssenceOfSteel"},{"floor":7.0,"key":"EssenceOfSteel"},{"floor":11.0,"key":"AttackPotion"},{"floor":13.0,"key":"FairyPotion"},{"floor":18.0,"key":"Swift Potion"},{"floor":24.0,"key":"Block Potion"}],"is_trial":false,"path_per_floor":["M","M","?","?","M","R","E","M","T","E","M","M","M","$","R","B",null,"M","?","$","?","M","R","M","R","T","R","M"],"character_chosen":"IRONCLAD","items_purchased":["Armaments","Boot","MerchantsRug","GuppysTail"],"campfire_rested":2,"item_purchase_floors":[14,14,14,17],"current_hp_per_floor":[80,80,80,64,70,70,76,64,64,41,42,46,52,52,52,58,67,58,52,52,52,58,58,25,44,44,63,49,49],"gold":320,"neow_bonus":"THREE_ENEMY_KILL","is_daily":false,"chose_seed":false,"campfire_upgraded":3,"win_rate":0.0,"timestamp":1610295837,"path_taken":["M","?","?","?","M","R","E","M","T","E","M","M","?","$","R","BOSS","M","?","$","?","M","R","?","R","T","R","M"],"items_purchased_type":["Card","Relic","Relic","Relic"],"build_version":"2020-12-22","purchased_purges":2,"victory":false,"max_hp_per_floor":[80,80,80,80,80,80,80,80,80,80,80,80,80,80,80,80,70,70,70,70,70,70,70,64,64,64,64,64,64],"card_choices":[{"not_picked":[],"picked":"BettingIsNotGood","floor":0.0},{"not_picked":["Twin Strike","Clothesline"],"picked":"Anger","floor":1.0},{"not_picked":["Wild Strike","Ghostly Armor","Thunderclap"],"picked":"SKIP","floor":2.0},{"not_picked":["Shrug It Off","Uppercut"],"picked":"Battle Trance","floor":5.0},{"not_picked":["Dropkick","True Grit","Twin Strike"],"picked":"SKIP","floor":7.0},{"not_picked":["Searing Blow","Pommel Strike","Perfected Strike"],"picked":"SKIP","floor":8.0},{"not_picked":["Perfected Strike","Sentinel"],"picked":"Demon Form","floor":10.0},{"not_picked":["Anger","Twin Strike"],"picked":"Iron Wave","floor":11.0},{"not_picked":["Anger","Perfected Strike"],"picked":"Spot Weakness","floor":12.0},{"not_picked":["Searing Blow","Twin Strike"],"picked":"Flex","floor":13.0},{"not_picked":["Warcry","Bloodletting"],"picked":"Heavy Blade","floor":18.0},{"not_picked":["Wild Strike","Battle Trance","Clash"],"picked":"SKIP","floor":22.0},{"not_picked":["Heavy Blade","Reckless Charge","Clash"],"picked":"SKIP","floor":24.0},{"not_picked":["True Grit","Power Through+1","Headbutt+1"],"picked":"SKIP","floor":28}],"player_experience":391315,"relics_obtained":[{"floor":7.0,"key":"Old Coin"},{"floor":9.0,"key":"DoctorsRemote"},{"floor":10.0,"key":"PokeGo"},{"floor":26.0,"key":"TuHaoJin"}],"event_choices":[{"damage_healed":0.0,"max_hp_gain":0.0,"max_hp_loss":0.0,"gold_gain":0.0,"event_name":"Big Fish","player_choice":"Box","floor":3.0,"gold_loss":0.0,"damage_taken":0.0,"relics_obtained":["Art of War"],"cards_obtained":["Regret"]},{"damage_healed":0.0,"max_hp_gain":0.0,"max_hp_loss":0.0,"gold_gain":0.0,"event_name":"Shining Light","player_choice":"Entered Light","floor":4.0,"gold_loss":0.0,"damage_taken":16.0,"cards_upgraded":["Defend_R","Anger"]},{"damage_healed":0.0,"max_hp_gain":0.0,"max_hp_loss":0.0,"gold_gain":0.0,"event_name":"Nest","player_choice":"Joined the Cult","floor":19.0,"gold_loss":0.0,"damage_taken":6.0,"cards_obtained":["RitualDagger"]},{"cards_removed":["Demon Form"],"damage_healed":0.0,"max_hp_gain":0.0,"max_hp_loss":0.0,"gold_gain":0.0,"event_name":"Back to Basics","player_choice":"Elegance","floor":21.0,"gold_loss":0.0,"damage_taken":0.0}],"is_beta":false,"boss_relics":[{"not_picked":["ChampionBelt","Calling Bell"],"picked":"SlaversCollar"},{"not_picked":[]}],"items_purged_floors":[14,20],"is_endless":false,"potions_floor_spawned":[1,7,11,13,16,18,24],"killed_by":"Snake Plant","ascension_level":5}}