{"host":"og6lam4kt3nibbw0","time":1610306440,"event":{"mods":["AchievementEnabler","BaseMod","Colored Map","DeckTracker","Highlight Path","Keyboard Shortcuts","Minty Spire (QoL Compilation)","Permanent Neow","Quick Restart","StSLib","SuperFastMode"],"gold_per_floor":[110,110,110,125,125,165,180,180,180,200,200,221,239,264,264,264,264],"floor_reached":16,"playtime":343,"items_purged":[],"score":258,"play_id":"cd161273-346a-4854-8858-b8d54187723f","local_time":"20210111042040","is_ascension_mode":true,"campfire_choices":[{"data":"Expertise","floor":8.0,"key":"SMITH"},{"data":"Strike_G","floor":11.0,"key":"PURGE"},{"floor":15.0,"key":"REST"}],"circlet_count":0,"master_deck":["AscendersBane","Strike_G","Strike_G","Strike_G+1","Strike_G","Defend_G","Defend_G","Defend_G","Defend_G","Defend_G","Survivor+1","Neutralize","Backflip","Dagger Spray","Grand Finale","All Out Attack","Expertise+1","Quick Slash","Escape Plan","Prepared"],"relics":["Ring of the Snake","NeowsBlessing","Golden Idol","Frozen Egg 2","Peace Pipe"],"acts_visited":["Exordium"],"potions_floor_usage":[16,16,16,16],"damage_taken":[{"damage":0.0,"enemies":"2 Louse","floor":1.0,"turns":1.0},{"damage":0.0,"enemies":"Small Slimes","floor":4.0,"turns":2.0},{"damage":0.0,"enemies":"Lagavulin","floor":6.0,"turns":1.0},{"damage":0.0,"enemies":"Jaw Worm","floor":7.0,"turns":3.0},{"damage":8.0,"enemies":"Looter","floor":10.0,"turns":4.0},{"damage":5.0,"enemies":"Red Slaver","floor":12.0,"turns":4.0},{"damage":17.0,"enemies":"Exordium Thugs","floor":13.0,"turns":3.0},{"damage":8.0,"enemies":"Exordium Wildlife","floor":14.0,"turns":5.0},{"damage":33,"enemies":"Slime Boss","floor":16,"turns":6}],"seed_played":"-5272631918528957687","potions_obtained":[{"floor":6.0,"key":"EntropicBrew"},{"floor":7.0,"key":"LiquidBronze"},{"floor":12.0,"key":"Fire Potion"},{"floor":14.0,"key":"Ancient Potion"}],"is_trial":false,"path_per_floor":["M","?","?","M","?","E","M","R","T","M","R","M","M","M","R","B"],"character_chosen":"THE_SILENT","items_purchased":[],"campfire_rested":1,"item_purchase_floors":[],"current_hp_per_floor":[59,59,41,41,41,41,41,41,41,33,33,28,11,3,21,0,0],"gold":264,"neow_bonus":"THREE_ENEMY_KILL","is_daily":false,"chose_seed":false,"campfire_upgraded":1,"win_rate":0.0,"timestamp":1610306440,"path_taken":["M","?","?","?","?","E","M","R","T","?","R","M","M","M","R","BOSS"],"items_purchased_type":[],"build_version":"2020-12-22","purchased_purges":0,"victory":false,"max_hp_per_floor":[66,60,60,60,60,60,60,60,60,60,60,60,60,60,60,60,60],"card_choices":[{"not_picked":["Bane","Dodge and Roll"],"picked":"Backflip","floor":1.0},{"not_picked":["Bane","Sucker Punch"],"picked":"Dagger Spray","floor":4.0},{"not_picked":["Deflect","Underhanded Strike","Leg Sweep"],"picked":"SKIP","floor":6.0},{"not_picked":["Concentrate","Bane"],"picked":"Expertise","floor":7.0},{"not_picked":["Storm of Steel","Outmaneuver"],"picked":"Quick Slash","floor":10.0},{"not_picked":["Sucker Punch","Infinite Blades+1","Deflect"],"picked":"SKIP","floor":12.0},{"not_picked":["Flechettes","Bouncing Flask"],"picked":"Escape Plan","floor":13.0},{"not_picked":["Riddle With Holes","Deadly Poison"],"picked":"Prepared","floor":14.0}],"player_experience":849435,"relics_obtained":[{"floor":6.0,"key":"Frozen Egg 2"},{"floor":9.0,"key":"Peace Pipe"}],"event_choices":[{"damage_healed":0.0,"max_hp_gain":0.0,"max_hp_loss":6.0,"gold_gain":0.0,"event_name":"Golden Idol","player_choice":"Lose Max HP","floor":2.0,"gold_loss":0.0,"damage_taken":0.0,"relics_obtained":["Golden Idol"]},{"damage_healed":0.0,"max_hp_gain":0.0,"max_hp_loss":0.0,"gold_gain":0.0,"event_name":"Shining Light","player_choice":"Entered Light","floor":3.0,"gold_loss":0.0,"damage_taken":18.0,"cards_upgraded":["Survivor","Strike_G"]},{"damage_healed":0.0,"max_hp_gain":0.0,"max_hp_loss":0.0,"gold_gain":0.0,"event_name":"Match and Keep!","player_choice":"2 cards matched","floor":5.0,"gold_loss":0.0,"damage_taken":0.0,"cards_obtained":["Grand Finale","All Out Attack"]}],"is_beta":false,"boss_relics":[],"items_purged_floors":[],"is_endless":false,"potions_floor_spawned":[6,7,12,14],"killed_by":"Slime Boss","ascension_level":20}}