{"host":"h4lp0eeso8a0ssq0","time":1610289210,"event":{"mods":["2.2 Compatiblity","AchievementEnabler","BaseMod","CapriCore","Colored Map","Minty Spire (QoL Compilation)","StSLib","SuperFastMode"],"gold_per_floor":[117,192,210,210,210,210,228,248,272,307,322,322,342,19,19,124,124,143,157,57,77,0,334,334,334,358,358,27,27,58,78,78,173,173,193,193,68,0,20,52,52,52,78,110,73,98,130,157,169,181,193,205,145,177,177],"floor_reached":56,"playtime":2770,"items_purged":["Strike_G","Strike_G","Strike_G"],"score":1720,"play_id":"ec4438e7-cbfb-47b2-987f-6a67aae6fc73","local_time":"20210110233330","is_ascension_mode":true,"campfire_choices":[{"data":"Backflip","floor":6.0,"key":"SMITH"},{"data":"Predator","floor":15.0,"key":"SMITH"},{"data":"Bullet Time","floor":24.0,"key":"SMITH"},{"data":"Footwork","floor":27.0,"key":"SMITH"},{"data":"Wraith Form v2","floor":29.0,"key":"SMITH"},{"data":"Footwork","floor":32.0,"key":"SMITH"},{"floor":41.0,"key":"RECALL"},{"data":"Footwork","floor":49.0,"key":"SMITH"},{"data":"After Image","floor":52.0,"key":"SMITH"}],"circlet_count":0,"master_deck":["Strike_G","Defend_G","Defend_G","Defend_G","Defend_G+1","Defend_G","Survivor","Neutralize","Venomology+1","Tactician","Backflip+1","Predator+1","Blade Dance","Poisoned Stab","After Image+1","Backstab","Bullet Time+1","Cloak And Dagger+1","Footwork+1","Escape Plan+1","Footwork+1","Calculated Gamble+1","Wraith Form v2+1","Escape Plan","Adrenaline","Cloak And Dagger","Adrenaline","Well Laid Plans+1","Backflip","Terror+1","Flash of Steel","Panache","Escape Plan","Footwork+1","Caltrops+1","Acrobatics+1","Cloak And Dagger+1","Accuracy"],"relics":["Ring of the Snake","MealTicket","Nunchaku","Kunai","Coffee Dripper","Old Coin","Pear","Happy Flower","Eternal Feather","WristBlade","Red Mask","Snake Skull","Thread and Needle","MawBank","Tingsha"],"acts_visited":["Exordium","TheCity","TheBeyond","TheEnding"],"potions_floor_usage":[55,55],"damage_taken":[{"damage":9.0,"enemies":"Small Slimes","floor":1.0,"turns":5.0},{"damage":2.0,"enemies":"Jaw Worm","floor":3.0,"turns":5.0},{"damage":1.0,"enemies":"Cultist","floor":7.0,"turns":4.0},{"damage":10.0,"enemies":"Lots of Slimes","floor":8.0,"turns":7.0},{"damage":12.0,"enemies":"Gremlin Nob","floor":10.0,"turns":3.0},{"damage":0.0,"enemies":"Exordium Wildlife","floor":11.0,"turns":4.0},{"damage":0.0,"enemies":"Blue Slaver","floor":13.0,"turns":4.0},{"damage":12.0,"enemies":"Hexaghost","floor":16.0,"turns":10.0},{"damage":0.0,"enemies":"Chosen","floor":18.0,"turns":3.0},{"damage":0.0,"enemies":"Spheric Guardian","floor":19.0,"turns":3.0},{"damage":0.0,"enemies":"3 Cultists","floor":21.0,"turns":7.0},{"damage":53.0,"enemies":"Gremlin Leader","floor":23.0,"turns":10.0},{"damage":0.0,"enemies":"Book of Stabbing","floor":30.0,"turns":9.0},{"damage":0.0,"enemies":"Chosen and Byrds","floor":31.0,"turns":8.0},{"damage":30.0,"enemies":"Collector","floor":33.0,"turns":15.0},{"damage":0.0,"enemies":"3 Shapes","floor":35.0,"turns":5.0},{"damage":0.0,"enemies":"3 Darklings","floor":39.0,"turns":7.0},{"damage":0.0,"enemies":"Reptomancer","floor":40.0,"turns":7.0},{"damage":4.0,"enemies":"Nemesis","floor":44.0,"turns":5.0},{"damage":0.0,"enemies":"Reptomancer","floor":46.0,"turns":4.0},{"damage":0.0,"enemies":"Writhing Mass","floor":47.0,"turns":5.0},{"damage":0.0,"enemies":"4 Shapes","floor":48.0,"turns":4.0},{"damage":0.0,"enemies":"Donu and Deca","floor":50.0,"turns":9.0},{"damage":14,"enemies":"Shield and Spear","floor":54,"turns":7},{"damage":65,"enemies":"The Heart","floor":55,"turns":9}],"seed_played":"3529634284791146433","potions_obtained":[{"floor":1.0,"key":"SteroidPotion"},{"floor":10.0,"key":"PowerPotion"},{"floor":11.0,"key":"CultistPotion"},{"floor":18.0,"key":"PowerPotion"},{"floor":21.0,"key":"Block Potion"},{"floor":33.0,"key":"Swift Potion"},{"floor":40.0,"key":"Block Potion"},{"floor":48.0,"key":"SmokeBomb"}],"is_trial":false,"path_per_floor":["M","?","M","?","?","R","M","M","T","E","M","?","M","$","R","B",null,"M","M","$","M","$","E","R","?","T","R","$","R","E","M","R","B",null,"M","?","$","?","M","E","R","?","T","E","$","E","M","M","R","B",null,"R","$","E","B",null],"character_chosen":"THE_SILENT","items_purchased":["Kunai","Footwork","Wraith Form v2","Fruit Juice","Escape Plan","Footwork","Accuracy"],"campfire_rested":0,"item_purchase_floors":[14,22,28,28,28,45,53],"current_hp_per_floor":[54,43,41,41,27,27,26,31,31,19,19,19,19,34,34,22,58,58,58,70,70,70,17,17,27,27,27,47,47,47,47,62,32,72,72,72,81,81,81,81,81,71,71,67,81,81,81,81,81,81,81,81,81,67,2],"gold":177,"neow_bonus":"ONE_RANDOM_RARE_CARD","is_daily":false,"chose_seed":false,"campfire_upgraded":8,"win_rate":0.0,"timestamp":1610289210,"path_taken":["M","?","M","?","?","R","M","M","T","E","M","?","M","$","R","BOSS","M","M","?","?","$","E","R","?","T","R","?","R","E","M","R","BOSS","M","?","$","?","M","E","R","?","T","E","$","E","M","M","R","BOSS","R","$","E","BOSS"],"items_purchased_type":["Relic","Card","Card","Potion","Card","Card","Card"],"build_version":"2020-12-22","purchased_purges":3,"victory":true,"max_hp_per_floor":[70,70,70,70,70,70,70,70,70,70,70,70,70,70,70,70,70,70,70,70,70,70,70,70,80,80,80,85,85,85,85,85,85,85,85,81,81,81,81,81,81,81,81,81,81,81,81,81,81,81,81,81,81,81,81],"card_choices":[{"not_picked":["Infinite Blades","Riddle With Holes"],"picked":"Tactician","floor":1.0},{"not_picked":["Predator","PiercingWail"],"picked":"Backflip","floor":3.0},{"not_picked":["Backflip","Deflect"],"picked":"Predator","floor":7.0},{"not_picked":["Quick Slash","Deadly Poison"],"picked":"Blade Dance","floor":8.0},{"not_picked":["Underhanded Strike","Dagger Spray"],"picked":"Poisoned Stab","floor":10.0},{"not_picked":["Setup","Deadly Poison"],"picked":"After Image","floor":11.0},{"not_picked":["Escape Plan","Cloak And Dagger"],"picked":"Backstab","floor":13.0},{"not_picked":["Glass Knife","Tools of the Trade"],"picked":"Bullet Time","floor":16.0},{"not_picked":["Quick Slash+1","Slice+1"],"picked":"Cloak And Dagger+1","floor":18.0},{"not_picked":["Finisher","Masterful Stab"],"picked":"Footwork","floor":19.0},{"not_picked":["Backflip","Distraction"],"picked":"Escape Plan+1","floor":21.0},{"not_picked":["Dodge and Roll","Eviscerate"],"picked":"Calculated Gamble+1","floor":23.0},{"not_picked":["Flechettes","Dash+1"],"picked":"Adrenaline","floor":30.0},{"not_picked":["Deadly Poison+1","Slice+1"],"picked":"Cloak And Dagger","floor":31.0},{"not_picked":["Glass Knife","Malaise"],"picked":"Adrenaline","floor":33.0},{"not_picked":["PiercingWail+1","Poisoned Stab"],"picked":"Well Laid Plans+1","floor":35.0},{"not_picked":["Flying Knee+1","Endless Agony+1"],"picked":"Backflip","floor":39.0},{"not_picked":["Sucker Punch+1","Underhanded Strike"],"picked":"Terror+1","floor":40.0},{"not_picked":["Mind Blast","Blind"],"picked":"Flash of Steel","floor":42.0},{"not_picked":["Deep Breath","Mayhem"],"picked":"Panache","floor":42.0},{"not_picked":["Eviscerate+1","Well Laid Plans+1"],"picked":"Escape Plan","floor":44.0},{"not_picked":["Choke+1","Flying Knee+1"],"picked":"Caltrops+1","floor":46.0},{"not_picked":["Endless Agony","Quick Slash"],"picked":"Acrobatics+1","floor":47.0},{"not_picked":["Sucker Punch+1","Acrobatics"],"picked":"Cloak And Dagger+1","floor":48.0},{"not_picked":["Outmaneuver+1","Glass Knife","Dash+1"],"picked":"SKIP","floor":54}],"player_experience":119330,"relics_obtained":[{"floor":9.0,"key":"MealTicket"},{"floor":10.0,"key":"Nunchaku"},{"floor":23.0,"key":"Old Coin"},{"floor":26.0,"key":"Happy Flower"},{"floor":30.0,"key":"Eternal Feather"},{"floor":40.0,"key":"Snake Skull"},{"floor":44.0,"key":"Thread and Needle"},{"floor":46.0,"key":"MawBank"},{"floor":54,"key":"Tingsha"}],"event_choices":[{"damage_healed":0.0,"max_hp_gain":0.0,"max_hp_loss":0.0,"gold_gain":75.0,"event_name":"World of Goop","player_choice":"Gather Gold","floor":2.0,"gold_loss":0.0,"damage_taken":11.0},{"damage_healed":0.0,"max_hp_gain":0.0,"max_hp_loss":0.0,"gold_gain":0.0,"event_name":"Liars Game","player_choice":"Ignored","floor":4.0,"gold_loss":0.0,"damage_taken":0.0},{"damage_healed":0.0,"max_hp_gain":0.0,"max_hp_loss":0.0,"gold_gain":0.0,"event_name":"Shining Light","player_choice":"Entered Light","floor":5.0,"gold_loss":0.0,"damage_taken":14.0,"cards_upgraded":["Defend_G","Venomology"]},{"cards_removed":["Strike_G"],"damage_healed":0.0,"max_hp_gain":0.0,"max_hp_loss":0.0,"gold_gain":0.0,"event_name":"Purifier","player_choice":"Purged","floor":12.0,"gold_loss":0.0,"damage_taken":0.0},{"damage_healed":0.0,"max_hp_gain":0.0,"max_hp_loss":0.0,"gold_gain":0.0,"event_name":"The Mausoleum","player_choice":"Opened","floor":25.0,"gold_loss":0.0,"damage_taken":0.0,"relics_obtained":["Pear"]},{"damage_healed":0.0,"max_hp_gain":0.0,"max_hp_loss":4.0,"gold_gain":0.0,"event_name":"Winding Halls","player_choice":"Max HP","floor":36.0,"gold_loss":0.0,"damage_taken":0.0},{"damage_healed":0.0,"max_hp_gain":0.0,"max_hp_loss":0.0,"gold_gain":0.0,"event_name":"Tomb of Lord Red Mask","player_choice":"Paid","floor":38.0,"gold_loss":68.0,"damage_taken":0.0,"relics_obtained":["Red Mask"]},{"damage_healed":0.0,"max_hp_gain":0.0,"max_hp_loss":0.0,"gold_gain":0.0,"event_name":"SensoryStone","player_choice":"Memory 3","floor":42.0,"gold_loss":0.0,"damage_taken":10.0}],"is_beta":false,"boss_relics":[{"not_picked":["Snecko Eye","Empty Cage"],"picked":"Coffee Dripper"},{"not_picked":["Runic Pyramid","Cursed Key"],"picked":"WristBlade"}],"items_purged_floors":[14,20,37],"is_endless":false,"potions_floor_spawned":[1,7,10,11,18,21,33,40,48],"ascension_level":6}}