{"host":"a1eatafr7pisesky","time":1610291027,"event":{"mods":["AchievementEnabler","BaseMod","Colored Map","Keyboard Shortcuts","Minty Spire (QoL Compilation)","Say the Spire","StSLib","SuperFastMode","everything is the same but u backflip on backflip"],"gold_per_floor":[210,224,149,163,176,176,195,226,226,237,271,271,285,285,285],"floor_reached":14,"playtime":311,"items_purged":["Strike_G"],"score":135,"play_id":"4bed7383-e586-4907-b47f-24cca261ea12","local_time":"20210111000347","is_ascension_mode":true,"campfire_choices":[{"floor":6,"key":"REST"}],"circlet_count":0,"master_deck":["Strike_G","Strike_G","Strike_G","Defend_G","Defend_G","Defend_G","Defend_G","Defend_G","Survivor","Neutralize","Dagger Throw","Poisoned Stab","Cloak And Dagger","Blade Dance","Crippling Poison","Crippling Poison"],"relics":["Ring of the Snake","Ninja Scroll","Ornamental Fan","Snake Skull"],"acts_visited":["Exordium"],"potions_floor_usage":[],"damage_taken":[{"damage":8,"enemies":"Jaw Worm","floor":1,"turns":4},{"damage":0,"enemies":"Small Slimes","floor":2,"turns":3},{"damage":4,"enemies":"Cultist","floor":4,"turns":4},{"damage":15,"enemies":"3 Louse","floor":5,"turns":2},{"damage":10,"enemies":"Blue Slaver","floor":7,"turns":3},{"damage":31,"enemies":"Gremlin Nob","floor":8,"turns":4},{"damage":0,"enemies":"2 Fungi Beasts","floor":10,"turns":3},{"damage":8,"enemies":"3 Sentries","floor":11,"turns":7},{"damage":10,"enemies":"3 Louse","floor":13,"turns":3},{"damage":20,"enemies":"Lagavulin","floor":14,"turns":3}],"seed_played":"1839737489904470229","potions_obtained":[{"floor":2,"key":"SmokeBomb"},{"floor":8,"key":"Strength Potion"},{"floor":11,"key":"FairyPotion"},{"floor":13,"key":"BlessingOfTheForge"}],"is_trial":false,"path_per_floor":["M","M","$","M","M","R","M","E","T","M","E","?","M","E"],"character_chosen":"THE_SILENT","items_purchased":[],"campfire_rested":1,"item_purchase_floors":[],"current_hp_per_floor":[55,55,55,51,36,57,47,16,16,16,8,1,16,0,0],"gold":285,"neow_bonus":"HUNDRED_GOLD","is_daily":false,"chose_seed":false,"campfire_upgraded":0,"win_rate":0.0,"timestamp":1610291027,"path_taken":["M","M","$","M","M","R","M","E","T","M","E","?","M","E"],"items_purchased_type":[],"build_version":"2020-12-22","purchased_purges":1,"victory":false,"max_hp_per_floor":[70,70,70,70,70,70,70,70,70,70,70,70,70,70,70],"card_choices":[{"not_picked":["Slice","Sucker Punch"],"picked":"Dagger Throw","floor":1},{"not_picked":["Slice","Choke"],"picked":"Poisoned Stab","floor":2},{"not_picked":["Sucker Punch","Slice"],"picked":"Cloak And Dagger","floor":4},{"not_picked":["Dash","Distraction"],"picked":"Blade Dance","floor":5},{"not_picked":["Poisoned Stab","Flying Knee"],"picked":"Crippling Poison","floor":7},{"not_picked":["Setup","Prepared","Storm of Steel"],"picked":"SKIP","floor":8},{"not_picked":["Bane","Heel Hook"],"picked":"Crippling Poison","floor":10},{"not_picked":["A Thousand Cuts","Slice","Dagger Throw"],"picked":"SKIP","floor":11},{"not_picked":["Flechettes","Bane","Underhanded Strike"],"picked":"SKIP","floor":13}],"player_experience":303932,"relics_obtained":[{"floor":8,"key":"Ninja Scroll"},{"floor":9,"key":"Ornamental Fan"},{"floor":11,"key":"Snake Skull"}],"event_choices":[{"cards_removed":["Strike_G"],"damage_healed":0,"gold_gain":0,"player_choice":"Card Removal","damage_taken":7,"max_hp_gain":0,"max_hp_loss":0,"event_name":"Golden Wing","floor":12,"gold_loss":0}],"is_beta":false,"boss_relics":[],"items_purged_floors":[3],"is_endless":false,"potions_floor_spawned":[2,8,11,13],"killed_by":"Lagavulin","ascension_level":6}}