{"host":"2i0myh7fqij2ti1z","time":1610289420,"event":{"mods":["Aspiration","BaseMod","Better Third Choice","Colored Powertips","FoggyMod","GifTheSpireLib","Highlight Path","Minty Spire (QoL Compilation)","Permanent Neow","Quick Restart","Random Character Button","Random Character Mod","Relic Sorter","Replay The Spire","Shop Mod","Spicy Shops","StSLib","Stuff the Spire","Transform Curses","Wandering Minibosses","vexMod","óô»ðÖ¸ÄÏ"],"gold_per_floor":[116,116,8573,8573,8586,8694,7178,7280,7280,6298,6405,6510,6510,6544,5654,5730,5730,5825,6025,6125,6125,6140,6255,5002,5111,5111,5111,3536,3632,4104,4124,2939,3057,3069,3107,2172,2181,1327,1302,862,908,259,259,280,280,404,404,404,523,640,9879,9887,9907],"floor_reached":54,"playtime":2623,"items_purged":["Defend_R","Strike_R","Strike_R","Spreading Infection","Defend_R","Strike_R","Strike_R","Defend_R+1","Bash","Sword Boomerang+1","Defend_R+2","Flash of Steel+1","Impatience+1","Swift Strike+1","Sword Boomerang+1","Dramatic Entrance+1"],"score":3122,"play_id":"4a957a06-cb80-43b5-9fee-54551b390b34","local_time":"20210110223700","daily_mods":["Heirloom","Colorless Cards","DeadlyEvents"],"is_ascension_mode":true,"campfire_choices":[],"circlet_count":0,"master_deck":["AscendersBane","Crow Ritual+1","Berserk+1","Sword Boomerang+1","Replay:Bootleg Shield Generator+1","Purity+1","Offering+1","Crow Ritual+1","Panacea+1"],"relics":["StuffTheSpire:OccultApparatus","ReplayTheSpireMod:Ring of Challenge","Ring of Peace","Ring of Chaos","CaptainsWheel","StuffTheSpire:DarkSteelAnvil","StuffTheSpire:HistoryBook","MerchantsRug","StuffTheSpire:Mouthbags","Ancient Tea Set","Singing Bowl","Toolbox","Red Skull","Toxic Egg 2","Bronze Scales","Blood Vial","ReplayTheSpireMod:Ninjato","vexMod:BarristanHead","TheAbacus","Regal Pillow","Replay:Multitool","StuffTheSpire:DullRazor","Happy Flower","StuffTheSpire:BottledHeartBeat","HornCleat","Whetstone","Another Sword","WingedGreaves","Omamori","aspiration:ChemicalBlood","Mummified Hand","aspiration:Nostalgia","Cracked Core","vexMod:CardConverter","Pen Nib","ReplayFunnel","Torii","Replay:Accelerometer","Shuriken","Replay:Ringing Soul","Dream Catcher","Molten Egg 2","Bag of Marbles","aspiration:Lifesprig","vexMod:FocusSash","Incense Burner","Nunchaku","StuffTheSpire:Barrel","Replay:Mystery Machine","vexMod:InvisibilityCloak","Frozen Eye","War Paint","Art of War","Runic Pyramid","Pondfish Scales","vexMod:RetaliationKit","Snack Pack","Replay:Wax Seal","Centennial Puzzle","StuffTheSpire:Experiment12","Durian","Gremlin Food","StuffTheSpire:HeavyRock","vexMod:ScavengeHelm","ReplayTheSpireMod:Spearhead","Simple Rune","Potion Belt","Oddly Smooth Stone","StuffTheSpire:GrapeVine","CeramicFish","TungstenRod","Charon\u0027s Ashes","Letter Opener","Golden Egg","Orrery","vexMod:MemoryStick","Replay:Rubber Ducky","ReplayTheSpireMod:TigerMarble","Orichalcum","Toy Ornithopter","Peace Pipe","Bag of Preparation","vexMod:PlasmaPancake","Chemical X","ClockworkSouvenir","aspiration:FrozenJewel","StuffTheSpire:Gunfinga","Anchor","Replay:Bandana","Pet Ghost","aspiration:HiddenCompartment","aspiration:HummingbirdHeart","Lantern","Boot","PreservedInsect","Old Coin","StuffTheSpire:Rhapsscallions","Strawberry","Lizard Tail","ReplayTheSpireMod:Lightbulb","Tiny Chest","MawBank","Replay:Bottled Flurry","Membership Card","vexMod:TanglingVine","King of Hearts","Ornamental Fan","Ice Cream","HandDrill","Replay:Bottled Eggs","vexMod:PaidLearning","Blue Doll","vexMod:Cooldron","Brimstone","StuffTheSpire:EmeraldSignet","StuffTheSpire:ForceGauntlet","Bottled Flame","Replay:Baseball","Medical Kit","Cauldron","Pear","Strange Spoon","Gremlin Horn","Turnip","Meat on the Bone","StuffTheSpire:RubySignet","Bottled Tornado","Vajra","Chameleon Ring","Sundial","StuffTheSpire:Tea","StuffTheSpire:SapphireSignet","Eternal Feather","StrikeDummy","Mirror","Paper Frog","ReplayTheSpireMod:Shallot","Onion Ring","Pantograph","Quantum Egg","Iron Hammer","White Beast Statue","Kunai","Self Forming Clay","StuffTheSpire:PointBlank","StuffTheSpire:Saxophone","vexMod:Spyglass","aspiration:StickyExplosives_weak","StuffTheSpire:NeowsTribute"],"acts_visited":["Exordium","TheCity","TheBeyond"],"potions_floor_usage":[8],"damage_taken":[{"damage":7,"enemies":"Jaw Worm","floor":1,"turns":3},{"damage":0,"enemies":"2 Louse","floor":5,"turns":2},{"damage":19,"enemies":"Lagavulin","floor":6,"turns":7},{"damage":16,"enemies":"Gremlin Nob","floor":8,"turns":4},{"damage":5,"enemies":"3 Sentries","floor":11,"turns":7},{"damage":23,"enemies":"Lagavulin","floor":12,"turns":5},{"damage":0,"enemies":"3 Sentries","floor":14,"turns":1},{"damage":0,"enemies":"The Guardian","floor":16,"turns":4},{"damage":0,"enemies":"Chosen","floor":18,"turns":2},{"damage":2,"enemies":"Gremlin Leader","floor":20,"turns":2},{"damage":0,"enemies":"2 Thieves","floor":22,"turns":1},{"damage":7,"enemies":"Book of Stabbing","floor":23,"turns":2},{"damage":0,"enemies":"Slavers","floor":25,"turns":1},{"damage":0,"enemies":"Snake Plant","floor":29,"turns":1},{"damage":0,"enemies":"Gremlin Leader","floor":30,"turns":4},{"damage":0,"enemies":"Snecko","floor":31,"turns":1},{"damage":0,"enemies":"Collector","floor":33,"turns":1},{"damage":0,"enemies":"3 Darklings","floor":35,"turns":1},{"damage":0,"enemies":"Giant Head","floor":41,"turns":1},{"damage":0,"enemies":"3 Shapes","floor":44,"turns":1},{"damage":0,"enemies":"R_Hoarder","floor":46,"turns":1},{"damage":0,"enemies":"Nemesis","floor":49,"turns":1},{"damage":0,"enemies":"R_Hoarder","floor":50,"turns":1},{"damage":0,"enemies":"Time Eater","floor":52,"turns":3},{"damage":0,"enemies":"Awakened One","floor":53,"turns":2}],"seed_played":"-2327658515331523021","potions_obtained":[{"floor":1,"key":"Fire Potion"},{"floor":8,"key":"CultistPotion"},{"floor":14,"key":"SpeedPotion"},{"floor":30,"key":"Swift Potion"}],"is_trial":true,"path_per_floor":["M","?","$","?","M","E","R","E","T","$","E","E","R","E","R","B",null,"M","?","E","?","M","E","$","E","T","T","$","M","E","M","R","B",null,"M","$","?","$","?","R","E","R","T","M","T","E","PTL","PTL","E","E","R","B","B",null],"character_chosen":"IRONCLAD","items_purchased":["StuffTheSpire:DarkSteelAnvil","StuffTheSpire:HistoryBook","MerchantsRug","StuffTheSpire:Mouthbags","Ancient Tea Set","Singing Bowl","Toolbox","TheAbacus","Regal Pillow","Replay:Multitool","StuffTheSpire:DullRazor","Happy Flower","StuffTheSpire:BottledHeartBeat","aspiration:Nostalgia","vexMod:CardConverter","Pen Nib","ReplayFunnel","vexMod:InvisibilityCloak","Frozen Eye","War Paint","Art of War","TungstenRod","Charon\u0027s Ashes","Letter Opener","Golden Egg","Orrery","Chemical X","ClockworkSouvenir","aspiration:FrozenJewel","StuffTheSpire:Gunfinga","Anchor","Replay:Bandana","Purity+1","ReplayTheSpireMod:Lightbulb","Tiny Chest","MawBank","Replay:Bottled Flurry","Membership Card","King of Hearts","Ornamental Fan","Ice Cream","HandDrill","Replay:Bottled Eggs","vexMod:PaidLearning","Blue Doll","vexMod:Cooldron","Brimstone","StuffTheSpire:EmeraldSignet","StuffTheSpire:ForceGauntlet","Bottled Flame","Replay:Baseball","Medical Kit","Cauldron","Strange Spoon","Gremlin Horn","Panacea+1","Turnip","StuffTheSpire:PointBlank","StuffTheSpire:Saxophone","vexMod:Spyglass","aspiration:StickyExplosives_weak","StuffTheSpire:NeowsTribute"],"campfire_rested":0,"item_purchase_floors":[3,3,3,3,3,3,3,7,7,7,7,7,7,10,10,10,10,15,15,15,15,24,24,24,24,24,28,28,28,28,28,28,28,32,32,32,32,32,36,36,36,36,36,36,38,38,38,38,38,38,40,40,40,42,42,42,42,51,51,51,51,51],"current_hp_per_floor":[67,67,67,67,67,50,50,38,38,38,40,24,70,77,77,81,96,100,100,109,114,117,119,132,137,137,143,148,150,163,165,165,170,170,172,172,172,172,172,172,190,195,195,200,200,202,202,202,204,206,206,206,206],"gold":9907,"neow_bonus":"","is_daily":false,"chose_seed":false,"campfire_upgraded":0,"win_rate":0.0,"timestamp":1610289420,"path_taken":["M","?","$","?","?","E","R","E","T","$","E","?","R","?","R","BOSS","M","?","?","?","?","E","$","?","T","?","$","?","?","?","R","BOSS","M","$","?","$","?","R","E","R","T","?","?","E","PTL","PTL","?","E","R","BOSS","BOSS"],"items_purchased_type":["Relic","Relic","Relic","Relic","Relic","Relic","Relic","Relic","Relic","Relic","Relic","Relic","Relic","Relic","Relic","Relic","Relic","Relic","Relic","Relic","Relic","Relic","Relic","Relic","Relic","Relic","Relic","Relic","Relic","Relic","Relic","Relic","Card","Relic","Relic","Relic","Relic","Relic","Relic","Relic","Relic","Relic","Relic","Relic","Relic","Relic","Relic","Relic","Relic","Relic","Relic","Relic","Relic","Relic","Relic","Card","Relic","Relic","Relic","Relic","Relic","Relic"],"build_version":"2020-12-22","purchased_purges":16,"victory":true,"max_hp_per_floor":[75,75,75,75,75,77,77,79,79,79,84,89,94,99,99,101,101,103,103,110,115,117,122,135,137,137,143,148,150,163,165,165,170,170,172,172,181,181,181,181,193,198,198,200,200,202,202,202,204,206,206,206,206],"card_choices":[{"not_picked":["ReplayTheSpireMod:Corrosion Curse","Twin Strike"],"picked":"Sword Boomerang","floor":1},{"not_picked":["Flash of Steel","Thunderclap"],"picked":"Crow Ritual","floor":5},{"not_picked":["Clash","Run Through","Twin Strike"],"picked":"Singing Bowl","floor":6},{"not_picked":["Replay:Undeath\u0027s Touch","Specialist","Perfected Strike"],"picked":"Singing Bowl","floor":8},{"not_picked":["Entrench+1","Replay:Undeath\u0027s Touch+1"],"picked":"Impatience+1","floor":11},{"not_picked":["ReplayTheSpireMod:Strike From Hell+1","Purity+1"],"picked":"Sword Boomerang+1","floor":12},{"not_picked":["Flex+1","Thunderclap+1"],"picked":"Dramatic Entrance+1","floor":13},{"not_picked":["Perfected Strike+1","Bandage Up+1"],"picked":"Berserk","floor":14},{"not_picked":["ReplayUltimateDefense","Midas Touch+1","The Bomb+1"],"picked":"Singing Bowl","floor":16},{"not_picked":["Sword Boomerang+1","Armaments+1","Blood for Blood+1"],"picked":"Singing Bowl","floor":18},{"not_picked":["Armaments+1","Demon Form","Clash+1"],"picked":"Singing Bowl","floor":20},{"not_picked":["Trip+1","Warcry+1","Havoc+1"],"picked":"Singing Bowl","floor":22},{"not_picked":["Shrug It Off+1","Iron Wave+1"],"picked":"Sword Boomerang+1","floor":23},{"not_picked":["Life Link","Uppercut+1","Warcry+1"],"picked":"Singing Bowl","floor":24},{"not_picked":["Warcry+1","Sentinel+1"],"picked":"Swift Strike+1","floor":24},{"not_picked":["Demonic Infusion+1","Replay:Undeath\u0027s Touch+1","Twin Strike+1"],"picked":"Singing Bowl","floor":24},{"not_picked":["StuffTheSpire:Incineration+1","True Grit+1","Twin Strike+1"],"picked":"Singing Bowl","floor":24},{"not_picked":["Feel No Pain+1","Anger+1"],"picked":"Replay:Bootleg Shield Generator+1","floor":24},{"not_picked":["Panache","StuffTheSpire:Resist","Clothesline+1"],"picked":"Singing Bowl","floor":25},{"not_picked":["StuffTheSpire:Resist","Feel No Pain","StuffTheSpire:RagingBull+1"],"picked":"Singing Bowl","floor":29},{"not_picked":["Bandage Up+1","Rampage+1","Sadistic Nature"],"picked":"Singing Bowl","floor":30},{"not_picked":["Clothesline+1","Clash+1","Body Slam+1"],"picked":"Singing Bowl","floor":31},{"not_picked":["Apotheosis+1","Juggernaut"],"picked":"Offering+1","floor":33},{"not_picked":["Warcry+1","Deep Breath+1","Heavy Blade+1"],"picked":"Singing Bowl","floor":35},{"not_picked":["Replay:Sssssssssshield+1","Magnetism"],"picked":"Crow Ritual","floor":37},{"not_picked":["Jack Of All Trades+1","PanicButton+1","Replay:Bootleg Shield Generator+1"],"picked":"Singing Bowl","floor":37},{"not_picked":["HandOfGreed+1","Blind+1","Forethought+1"],"picked":"Singing Bowl","floor":37},{"not_picked":["ReplayTheSpireMod:Trickstab+1","Cleave+1","Spot Weakness+1"],"picked":"Singing Bowl","floor":41},{"not_picked":["Twin Strike+1","Swift Strike+1","StuffTheSpire:Incineration+1"],"picked":"Singing Bowl","floor":44},{"not_picked":["Iron Wave+1","Anger+1","StuffTheSpire:RockThrow+1"],"picked":"Singing Bowl","floor":46},{"not_picked":["Warcry+1","Heavy Blade+1","Violence+1"],"picked":"Singing Bowl","floor":49},{"not_picked":["Armaments+1","Sword Boomerang+1","Clothesline+1"],"picked":"Singing Bowl","floor":50}],"player_experience":232747,"relics_obtained":[{"floor":4,"key":"Ring of Peace"},{"floor":4,"key":"ReplayTheSpireMod:Ring of Challenge"},{"floor":6,"key":"Red Skull"},{"floor":6,"key":"Toxic Egg 2"},{"floor":6,"key":"Bronze Scales"},{"floor":6,"key":"Blood Vial"},{"floor":6,"key":"ReplayTheSpireMod:Ninjato"},{"floor":6,"key":"vexMod:BarristanHead"},{"floor":8,"key":"HornCleat"},{"floor":8,"key":"Whetstone"},{"floor":8,"key":"Another Sword"},{"floor":8,"key":"WingedGreaves"},{"floor":8,"key":"Omamori"},{"floor":8,"key":"aspiration:ChemicalBlood"},{"floor":9,"key":"Mummified Hand"},{"floor":11,"key":"Torii"},{"floor":11,"key":"Replay:Accelerometer"},{"floor":11,"key":"Shuriken"},{"floor":11,"key":"Replay:Ringing Soul"},{"floor":11,"key":"Dream Catcher"},{"floor":11,"key":"Molten Egg 2"},{"floor":12,"key":"Bag of Marbles"},{"floor":12,"key":"aspiration:Lifesprig"},{"floor":12,"key":"vexMod:FocusSash"},{"floor":12,"key":"Incense Burner"},{"floor":12,"key":"Nunchaku"},{"floor":12,"key":"StuffTheSpire:Barrel"},{"floor":14,"key":"Replay:Mystery Machine"},{"floor":18,"key":"Pondfish Scales"},{"floor":18,"key":"vexMod:RetaliationKit"},{"floor":18,"key":"Snack Pack"},{"floor":18,"key":"Replay:Wax Seal"},{"floor":18,"key":"Centennial Puzzle"},{"floor":20,"key":"StuffTheSpire:Experiment12"},{"floor":20,"key":"Durian"},{"floor":20,"key":"Gremlin Food"},{"floor":20,"key":"StuffTheSpire:HeavyRock"},{"floor":20,"key":"vexMod:ScavengeHelm"},{"floor":20,"key":"ReplayTheSpireMod:Spearhead"},{"floor":23,"key":"Simple Rune"},{"floor":23,"key":"Potion Belt"},{"floor":23,"key":"Oddly Smooth Stone"},{"floor":23,"key":"StuffTheSpire:GrapeVine"},{"floor":23,"key":"CeramicFish"},{"floor":25,"key":"vexMod:MemoryStick"},{"floor":25,"key":"Replay:Rubber Ducky"},{"floor":25,"key":"ReplayTheSpireMod:TigerMarble"},{"floor":25,"key":"Orichalcum"},{"floor":25,"key":"Toy Ornithopter"},{"floor":25,"key":"Peace Pipe"},{"floor":26,"key":"Bag of Preparation"},{"floor":27,"key":"vexMod:PlasmaPancake"},{"floor":29,"key":"Pet Ghost"},{"floor":29,"key":"aspiration:HiddenCompartment"},{"floor":29,"key":"aspiration:HummingbirdHeart"},{"floor":29,"key":"Lantern"},{"floor":29,"key":"Boot"},{"floor":30,"key":"PreservedInsect"},{"floor":30,"key":"Old Coin"},{"floor":30,"key":"StuffTheSpire:Rhapsscallions"},{"floor":30,"key":"Strawberry"},{"floor":30,"key":"Lizard Tail"},{"floor":41,"key":"Pear"},{"floor":43,"key":"Meat on the Bone"},{"floor":45,"key":"StuffTheSpire:RubySignet"},{"floor":46,"key":"Bottled Tornado"},{"floor":46,"key":"Vajra"},{"floor":46,"key":"Chameleon Ring"},{"floor":46,"key":"Sundial"},{"floor":46,"key":"StuffTheSpire:Tea"},{"floor":46,"key":"StuffTheSpire:SapphireSignet"},{"floor":49,"key":"Eternal Feather"},{"floor":49,"key":"StrikeDummy"},{"floor":49,"key":"Mirror"},{"floor":49,"key":"Paper Frog"},{"floor":49,"key":"ReplayTheSpireMod:Shallot"},{"floor":49,"key":"Onion Ring"},{"floor":50,"key":"Pantograph"},{"floor":50,"key":"Quantum Egg"},{"floor":50,"key":"Iron Hammer"},{"floor":50,"key":"White Beast Statue"},{"floor":50,"key":"Kunai"},{"floor":50,"key":"Self Forming Clay"}],"event_choices":[{"damage_healed":0,"gold_gain":200,"player_choice":"Gold","damage_taken":0,"max_hp_gain":0,"max_hp_loss":0,"event_name":"Wheel of Change","floor":19,"gold_loss":0},{"damage_healed":0,"gold_gain":0,"player_choice":"Read","damage_taken":0,"max_hp_gain":0,"max_hp_loss":0,"event_name":"The Library","floor":21,"gold_loss":0,"cards_obtained":["Flash of Steel"]},{"damage_healed":0,"gold_gain":0,"player_choice":"Memory 3","damage_taken":10,"max_hp_gain":0,"max_hp_loss":0,"event_name":"SensoryStone","floor":37,"gold_loss":0}],"is_beta":false,"boss_relics":[{"not_picked":["Kintsugi","ChewingGum"],"picked":"Runic Pyramid"},{"not_picked":["aspiration:SilentSkillbook","Fusion Hammer"],"picked":"vexMod:TanglingVine"}],"items_purged_floors":[3,3,7,7,10,15,28,28,32,36,36,38,40,42,42,51],"is_endless":false,"potions_floor_spawned":[1,8,12,14,16,20,30,31,33,35,46,49,50],"ascension_level":20}}