{"host":"07e1k1rk6c4zn0bu","time":1610241351,"event":{"mods":["AchievementEnabler","BaseMod","Bestiary","Colored Map","Colored Powertips","DeckTracker","Minty Spire (QoL Compilation)"],"gold_per_floor":[111,186,203,203,0,0,0,0,0,0,0,19,19,19,19,148,148,172,190,3,16,35,35,35,12,12,12,27,27,27,27],"floor_reached":30,"playtime":1012,"items_purged":[],"score":216,"play_id":"e8d29a47-1062-44be-b619-a8907127cfcc","local_time":"20210109201551","is_ascension_mode":false,"campfire_choices":[{"data":"Deadly Poison","floor":7,"key":"SMITH"},{"data":"Neutralize","floor":11,"key":"SMITH"},{"data":"Deadly Poison","floor":15,"key":"SMITH"},{"floor":23,"key":"REST"},{"data":"Burst","floor":27,"key":"SMITH"}],"circlet_count":0,"master_deck":["Strike_G+1","Strike_G+1","Strike_G+1","Strike_G+1","Strike_G+1","Defend_G+1","Defend_G+1","Defend_G+1","Defend_G+1","Defend_G+1","Survivor","Neutralize+1","Sucker Punch","Deadly Poison+1","Slice","Poisoned Stab+1","Deadly Poison+1","Burst+1","Underhanded Strike+1","Riddle With Holes","Backflip","Dodge and Roll","Poisoned Stab","Catalyst","Decay"],"relics":["Ring of the Snake","Membership Card","Shuriken","Golden Idol","Bag of Preparation","SlaversCollar","Lee\u0027s Waffle","Bronze Scales","Pantograph"],"acts_visited":["Exordium","TheCity"],"potions_floor_usage":[],"damage_taken":[{"damage":3,"enemies":"Jaw Worm","floor":1,"turns":4},{"damage":0,"enemies":"Small Slimes","floor":3,"turns":3},{"damage":0,"enemies":"2 Louse","floor":12,"turns":2},{"damage":29,"enemies":"Slime Boss","floor":16,"turns":10},{"damage":24,"enemies":"Spheric Guardian","floor":18,"turns":4},{"damage":18,"enemies":"Shell Parasite","floor":19,"turns":6},{"damage":26,"enemies":"Centurion and Healer","floor":21,"turns":5},{"damage":21,"enemies":"Snake Plant","floor":22,"turns":3},{"damage":34,"enemies":"Cultist and Chosen","floor":28,"turns":6},{"damage":12,"enemies":"Sentry and Sphere","floor":30,"turns":2}],"seed_played":"-4937959411003661892","potions_obtained":[{"floor":3,"key":"Fire Potion"},{"floor":21,"key":"SpeedPotion"}],"is_trial":false,"path_per_floor":["M","?","M","?","$","?","R","$","T","?","R","M","?","$","R","B",null,"M","M","$","M","M","R","?","$","T","R","M","?","M"],"character_chosen":"THE_SILENT","items_purchased":["Poisoned Stab","Membership Card","Backflip","Lee\u0027s Waffle","Bronze Scales","BlessingOfTheForge","Poisoned Stab"],"campfire_rested":1,"item_purchase_floors":[5,5,20,20,20,20,25],"current_hp_per_floor":[67,56,56,56,56,56,56,56,56,56,56,56,49,49,49,20,65,41,23,72,46,25,46,46,46,46,46,12,12,0,0],"gold":27,"neow_bonus":"THREE_CARDS","is_daily":false,"chose_seed":false,"campfire_upgraded":4,"win_rate":0.0,"timestamp":1610241351,"path_taken":["M","?","M","?","$","?","R","?","T","?","R","?","?","$","R","BOSS","M","M","$","M","M","R","?","$","T","R","M","?","?"],"items_purchased_type":["Card","Relic","Card","Relic","Relic","Potion","Card"],"build_version":"2020-12-22","purchased_purges":0,"victory":false,"max_hp_per_floor":[70,70,70,70,70,70,70,70,70,65,65,65,65,65,65,65,65,65,65,72,72,72,72,72,72,72,72,72,72,72,72],"card_choices":[{"not_picked":["Acrobatics","Blur"],"picked":"Sucker Punch","floor":0},{"not_picked":["Quick Slash","Blade Dance"],"picked":"Deadly Poison","floor":1},{"not_picked":["Footwork","Finisher"],"picked":"Slice","floor":3},{"not_picked":["Flying Knee","Slice"],"picked":"Deadly Poison","floor":12},{"not_picked":["Die Die Die","Adrenaline"],"picked":"Burst","floor":16},{"not_picked":["Flying Knee","Finisher+1"],"picked":"Underhanded Strike+1","floor":18},{"not_picked":["Calculated Gamble+1","PiercingWail"],"picked":"Riddle With Holes","floor":19},{"not_picked":["Terror","Flying Knee+1","Acrobatics+1"],"picked":"SKIP","floor":21},{"not_picked":["Skewer","Leg Sweep+1"],"picked":"Dodge and Roll","floor":22},{"not_picked":["Backflip","Acrobatics+1"],"picked":"Catalyst","floor":28}],"player_experience":27006,"relics_obtained":[{"floor":9,"key":"Shuriken"},{"floor":26,"key":"Pantograph"}],"event_choices":[{"damage_healed":0,"gold_gain":75,"player_choice":"Gather Gold","damage_taken":11,"max_hp_gain":0,"max_hp_loss":0,"event_name":"World of Goop","floor":2,"gold_loss":0},{"damage_healed":0,"gold_gain":0,"player_choice":"Ignored","damage_taken":0,"max_hp_gain":0,"max_hp_loss":0,"event_name":"Golden Wing","floor":4,"gold_loss":0},{"damage_healed":0,"gold_gain":0,"player_choice":"Grow","damage_taken":0,"max_hp_gain":0,"max_hp_loss":0,"event_name":"Living Wall","floor":6,"gold_loss":0,"cards_upgraded":["Poisoned Stab"]},{"damage_healed":0,"gold_gain":0,"player_choice":"Lose Max HP","damage_taken":0,"relics_obtained":["Golden Idol"],"max_hp_gain":0,"max_hp_loss":5,"event_name":"Golden Idol","floor":10,"gold_loss":0},{"damage_healed":0,"gold_gain":0,"player_choice":"Success","damage_taken":7,"relics_obtained":["Bag of Preparation"],"max_hp_gain":0,"max_hp_loss":0,"event_name":"Scrap Ooze","floor":13,"gold_loss":0},{"damage_healed":0,"gold_gain":0,"player_choice":"Simplicity","damage_taken":0,"max_hp_gain":0,"max_hp_loss":0,"event_name":"Back to Basics","floor":24,"gold_loss":0,"cards_upgraded":["Strike_G","Strike_G","Strike_G","Strike_G","Strike_G","Defend_G","Defend_G","Defend_G","Defend_G","Defend_G"]},{"damage_healed":0,"gold_gain":0,"player_choice":"Cursed","damage_taken":0,"max_hp_gain":0,"max_hp_loss":0,"event_name":"Wheel of Change","floor":29,"gold_loss":0,"cards_obtained":["Decay"]}],"is_beta":false,"boss_relics":[{"not_picked":["Cursed Key","Busted Crown"],"picked":"SlaversCollar"}],"items_purged_floors":[],"is_endless":false,"potions_floor_spawned":[3,21,28],"killed_by":"Sentry and Sphere","ascension_level":0}}