{"host":"08t08ld674si40tv","time":1610248540,"event":{"mods":["AchievementEnabler","BaseMod","Colored Map","Minty Spire (QoL Compilation)","StSLib","SuperFastMode"],"gold_per_floor":[112,122,47,97,117,143,143,176,222,222,28,39,114,124,124,199,199,216,216,216,226,276,276,300,319,344,344,344,344],"floor_reached":28,"playtime":463,"items_purged":["Strike_B"],"score":396,"play_id":"77529780-1a53-4360-98b3-7af829d5c5f8","local_time":"20210110121540","is_ascension_mode":true,"campfire_choices":[{"data":"Sunder","floor":7,"key":"SMITH"},{"floor":10,"key":"REST"},{"data":"Zap","floor":15,"key":"SMITH"},{"data":"Loop","floor":23,"key":"SMITH"},{"floor":27,"key":"REST"}],"circlet_count":0,"master_deck":["AscendersBane","Strike_B","Strike_B","Defend_B","Defend_B","Defend_B","Defend_B","Zap+1","Dualcast","Loop+1","Conserve Battery","Sunder+1","Reboot","Turbo","Self Repair","Ball Lightning","Capacitor","Core Surge","BootSequence","Core Surge","Cold Snap"],"relics":["Cracked Core","Bronze Scales","Bottled Lightning","Potion Belt","Ancient Tea Set","SacredBark","Akabeko","Orichalcum"],"acts_visited":["Exordium","TheCity"],"potions_floor_usage":[6,16,28],"damage_taken":[{"damage":4,"enemies":"Jaw Worm","floor":1,"turns":3},{"damage":5,"enemies":"2 Louse","floor":2,"turns":2},{"damage":0,"enemies":"Cultist","floor":5,"turns":3},{"damage":8,"enemies":"Lagavulin","floor":6,"turns":7},{"damage":36,"enemies":"Gremlin Nob","floor":8,"turns":4},{"damage":0,"enemies":"Exordium Thugs","floor":12,"turns":4},{"damage":3,"enemies":"Exordium Wildlife","floor":14,"turns":2},{"damage":17,"enemies":"The Guardian","floor":16,"turns":8},{"damage":2,"enemies":"3 Byrds","floor":18,"turns":3},{"damage":0,"enemies":"Spheric Guardian","floor":21,"turns":3},{"damage":40,"enemies":"Shelled Parasite and Fungi","floor":25,"turns":7},{"damage":33,"enemies":"Gremlin Leader","floor":28,"turns":4}],"seed_played":"-7864489797313276269","potions_obtained":[{"floor":1,"key":"Weak Potion"},{"floor":8,"key":"FocusPotion"},{"floor":12,"key":"Explosive Potion"},{"floor":18,"key":"Energy Potion"}],"is_trial":false,"path_per_floor":["M","M","?","?","M","E","R","E","T","R","$","M","?","M","R","B",null,"M","?","?","M","?","R","T","M","T","R","E"],"character_chosen":"DEFECT","items_purchased":["Turbo","Self Repair"],"campfire_rested":2,"item_purchase_floors":[11,11],"current_hp_per_floor":[60,55,55,55,55,47,47,11,11,32,32,39,28,25,25,15,57,62,42,42,42,42,42,42,9,9,31,0,0],"gold":344,"neow_bonus":"RANDOM_COMMON_RELIC","is_daily":false,"chose_seed":false,"campfire_upgraded":3,"win_rate":0.0,"timestamp":1610248540,"path_taken":["M","M","?","?","?","E","R","E","T","R","?","M","?","M","R","BOSS","M","?","?","?","?","R","?","M","T","R","E"],"items_purchased_type":["Card","Card"],"build_version":"2020-12-22","purchased_purges":1,"victory":false,"max_hp_per_floor":[71,71,71,71,71,71,71,71,71,71,71,71,71,71,71,71,71,71,76,76,76,76,76,76,76,76,76,76,76],"card_choices":[{"not_picked":["Chill","Stack"],"picked":"Loop","floor":1},{"not_picked":["Force Field","Turbo"],"picked":"Conserve Battery","floor":2},{"not_picked":["Beam Cell","Gash","Stack"],"picked":"SKIP","floor":5},{"not_picked":["Steam Power","FTL"],"picked":"Sunder","floor":6},{"not_picked":["Reinforced Body","Redo"],"picked":"Reboot","floor":8},{"not_picked":["Compile Driver","Self Repair"],"picked":"Ball Lightning","floor":12},{"not_picked":["Double Energy","Fusion"],"picked":"Capacitor","floor":14},{"not_picked":["All For One","Reboot"],"picked":"Core Surge","floor":16},{"not_picked":["Beam Cell+1","Streamline"],"picked":"BootSequence","floor":18},{"not_picked":["Consume","Melter","Stack"],"picked":"SKIP","floor":21},{"not_picked":["Hologram","Stack"],"picked":"Cold Snap","floor":25}],"player_experience":216114,"relics_obtained":[{"floor":6,"key":"Bottled Lightning"},{"floor":8,"key":"Potion Belt"},{"floor":9,"key":"Ancient Tea Set"},{"floor":24,"key":"Akabeko"},{"floor":26,"key":"Orichalcum"}],"event_choices":[{"cards_removed":["Strike_B"],"damage_healed":0,"gold_gain":0,"player_choice":"Card Removal","damage_taken":0,"max_hp_gain":0,"max_hp_loss":0,"event_name":"The Cleric","floor":3,"gold_loss":75},{"damage_healed":0,"gold_gain":50,"player_choice":"Pray","damage_taken":0,"max_hp_gain":0,"max_hp_loss":0,"event_name":"Golden Shrine","floor":4,"gold_loss":0},{"damage_healed":0,"gold_gain":75,"player_choice":"Gather Gold","damage_taken":11,"max_hp_gain":0,"max_hp_loss":0,"event_name":"World of Goop","floor":13,"gold_loss":0},{"damage_healed":0,"gold_gain":0,"player_choice":"Shed Blood","damage_taken":25,"max_hp_gain":5,"max_hp_loss":0,"event_name":"Forgotten Altar","floor":19,"gold_loss":0},{"damage_healed":0,"gold_gain":0,"player_choice":"Copied","damage_taken":0,"max_hp_gain":0,"max_hp_loss":0,"event_name":"Duplicator","floor":20,"gold_loss":0,"cards_obtained":["Core Surge"]},{"damage_healed":0,"gold_gain":50,"player_choice":"Stole From Cult","damage_taken":0,"max_hp_gain":0,"max_hp_loss":0,"event_name":"Nest","floor":22,"gold_loss":0}],"is_beta":false,"boss_relics":[{"not_picked":["Velvet Choker","Philosopher\u0027s Stone"],"picked":"SacredBark"}],"items_purged_floors":[11],"is_endless":false,"potions_floor_spawned":[1,8,12,18],"killed_by":"Gremlin Leader","ascension_level":15}}