{"host":"d61fcf2p3sjwe6yo","time":1610272902,"event":{"mods":["AchievementEnabler","BaseMod","Colored Map","Minty Spire (QoL Compilation)","StSLib","SuperFastMode"],"gold_per_floor":[20,39,50,66,83,83,99,114,167,179,179,179,194,209,209,306,306,324,344,269,289,308,308,340,358,437,437,48,48,118,135,135,135,135],"floor_reached":33,"playtime":1247,"items_purged":["Strike_B","Writhe"],"score":412,"play_id":"0ef374ad-a095-4695-bfc7-c7bbba91d652","local_time":"20210110130142","is_ascension_mode":true,"campfire_choices":[{"data":"Zap","floor":6.0,"key":"SMITH"},{"data":"Go for the Eyes","floor":12.0,"key":"SMITH"},{"data":"Dualcast","floor":15.0,"key":"SMITH"},{"floor":23,"key":"REST"},{"data":"Beam Cell","floor":32,"key":"SMITH"}],"circlet_count":0,"master_deck":["Strike_B","Defend_B","Defend_B","Defend_B","Defend_B","Zap+1","Dualcast+1","Steam","Defragment","Go for the Eyes+1","Beam Cell+1","Gash","Buffer","All For One","Gash+1","Ghostly","Ghostly","Ghostly","Ghostly","Ghostly"],"relics":["Cracked Core","Unceasing Top","Art of War","Empty Cage","TungstenRod","Blue Candle","PreservedInsect","ClockworkSouvenir","Strawberry","Sundial"],"acts_visited":["Exordium","TheCity"],"potions_floor_usage":[24,24],"damage_taken":[{"damage":7.0,"enemies":"Jaw Worm","floor":1.0,"turns":4.0},{"damage":1.0,"enemies":"Cultist","floor":2.0,"turns":3.0},{"damage":6.0,"enemies":"Small Slimes","floor":3.0,"turns":3.0},{"damage":1.0,"enemies":"2 Fungi Beasts","floor":4.0,"turns":3.0},{"damage":2.0,"enemies":"Blue Slaver","floor":5.0,"turns":3.0},{"damage":3.0,"enemies":"Large Slime","floor":7.0,"turns":6.0},{"damage":8.0,"enemies":"2 Fungi Beasts","floor":8.0,"turns":3.0},{"damage":4.0,"enemies":"Exordium Thugs","floor":10.0,"turns":4.0},{"damage":1.0,"enemies":"Red Slaver","floor":13.0,"turns":3.0},{"damage":13.0,"enemies":"3 Louse","floor":14.0,"turns":3.0},{"damage":23.0,"enemies":"Slime Boss","floor":16.0,"turns":11.0},{"damage":0.0,"enemies":"3 Byrds","floor":18.0,"turns":5.0},{"damage":16,"enemies":"Chosen","floor":19,"turns":6},{"damage":12,"enemies":"Sentry and Sphere","floor":21,"turns":4},{"damage":2,"enemies":"Shelled Parasite and Fungi","floor":22,"turns":3},{"damage":17,"enemies":"Slavers","floor":24,"turns":2},{"damage":29,"enemies":"Snake Plant","floor":25,"turns":5},{"damage":8,"enemies":"Chosen and Byrds","floor":31,"turns":7},{"damage":0,"enemies":"Collector","floor":33,"turns":6}],"seed_played":"9039566631251495791","potions_obtained":[{"floor":2.0,"key":"Regen Potion"},{"floor":3.0,"key":"SteroidPotion"},{"floor":4.0,"key":"LiquidBronze"},{"floor":5.0,"key":"AttackPotion"},{"floor":11.0,"key":"Regen Potion"},{"floor":16.0,"key":"GamblersBrew"},{"floor":21,"key":"PowerPotion"},{"floor":22,"key":"Energy Potion"},{"floor":25,"key":"Explosive Potion"}],"is_trial":false,"path_per_floor":["M","M","M","M","M","R","M","M","T","M","?","R","M","M","R","B",null,"M","M","$","M","M","R","E","M","T","?","$","?","T","M","R","B"],"character_chosen":"DEFECT","items_purchased":["ClockworkSouvenir","Strawberry"],"campfire_rested":1,"item_purchase_floors":[28,28],"current_hp_per_floor":[61,60,54,53,51,51,48,40,40,36,36,36,35,22,22,54,70,70,54,54,42,40,62,45,16,16,16,23,23,23,15,15,15,15],"gold":135,"neow_bonus":"ONE_RARE_RELIC","is_daily":false,"chose_seed":false,"campfire_upgraded":4,"win_rate":0.0,"timestamp":1610272902,"path_taken":["M","M","M","M","M","R","M","M","T","M","?","R","M","M","R","BOSS","M","M","$","M","?","R","E","M","T","?","$","?","?","M","R","BOSS"],"items_purchased_type":["Relic","Relic"],"build_version":"2020-12-22","purchased_purges":2,"victory":false,"max_hp_per_floor":[75,75,75,75,75,75,75,75,75,75,75,75,75,75,75,75,75,75,75,75,75,75,75,75,75,75,75,82,41,41,41,41,41,41],"card_choices":[{"not_picked":["Streamline","Leap"],"picked":"Steam","floor":1.0},{"not_picked":["Darkness","Steam"],"picked":"Defragment","floor":2.0},{"not_picked":["Genetic Algorithm","Cold Snap"],"picked":"Go for the Eyes","floor":3.0},{"not_picked":["Chill","Steam"],"picked":"Beam Cell","floor":4.0},{"not_picked":["Redo","Ball Lightning","Steam"],"picked":"SKIP","floor":5.0},{"not_picked":["FTL","Static Discharge"],"picked":"Gash","floor":7.0},{"not_picked":["Blizzard","Conserve Battery"],"picked":"Buffer","floor":8.0},{"not_picked":["Compile Driver","Beam Cell","Tempest"],"picked":"SKIP","floor":10.0},{"not_picked":["Storm","Streamline","Ball Lightning"],"picked":"SKIP","floor":13.0},{"not_picked":["Ball Lightning","Amplify","Cold Snap"],"picked":"SKIP","floor":14.0},{"not_picked":["Amplify","Creative AI"],"picked":"All For One","floor":16.0},{"not_picked":["Sweeping Beam","Redo","Cold Snap+1"],"picked":"SKIP","floor":18.0},{"not_picked":["Sweeping Beam","Conserve Battery"],"picked":"Gash+1","floor":19},{"not_picked":["Cold Snap","FTL","Creative AI"],"picked":"SKIP","floor":21},{"not_picked":["Ball Lightning+1","Sweeping Beam","Cold Snap"],"picked":"SKIP","floor":22},{"not_picked":["Sweeping Beam+1","Coolheaded","Cold Snap+1"],"picked":"SKIP","floor":24},{"not_picked":["Beam Cell","Genetic Algorithm+1","Lockon"],"picked":"SKIP","floor":25},{"not_picked":["Beam Cell+1","Hyperbeam","Cold Snap"],"picked":"SKIP","floor":31}],"player_experience":173585,"relics_obtained":[{"floor":9.0,"key":"Art of War"},{"floor":24,"key":"TungstenRod"},{"floor":26,"key":"Blue Candle"},{"floor":30,"key":"Sundial"}],"event_choices":[{"damage_healed":0.0,"max_hp_gain":0.0,"max_hp_loss":0.0,"gold_gain":0.0,"event_name":"Lab","player_choice":"Got Potions","floor":11.0,"gold_loss":0.0,"damage_taken":0.0},{"damage_healed":0,"gold_gain":0,"player_choice":"Opened","damage_taken":0,"relics_obtained":["PreservedInsect"],"max_hp_gain":0,"max_hp_loss":0,"event_name":"The Mausoleum","floor":27,"gold_loss":0,"cards_obtained":["Writhe"]},{"damage_healed":0,"gold_gain":0,"player_choice":"Became a Ghost","damage_taken":0,"max_hp_gain":0,"max_hp_loss":41,"event_name":"Ghosts","floor":29,"gold_loss":0,"cards_obtained":["Ghostly","Ghostly","Ghostly","Ghostly","Ghostly"]}],"is_beta":false,"boss_relics":[{"not_picked":["Black Star","Nuclear Battery"],"picked":"Empty Cage"}],"items_purged_floors":[20,28],"is_endless":false,"potions_floor_spawned":[2,3,4,5,13,16,21,22,25],"killed_by":"Collector","ascension_level":9}}