{"host":"eeuhgv8goqdjv4ip","time":1610282411,"event":{"mods":["2.2 Compatiblity","AchievementEnabler","BaseMod","Challenge The Spire","Colored Map","Colored Powertips","Conspire","Dark Map","Hubris","Infinite Spire","Marisa????????","Minty Spire (QoL Compilation)","Permanent Neow","Replay The Spire","SIMod","StSLib","The Animator","The Saiyan","The Servant 0.9.4","The Wild Card"],"gold_per_floor":[13,13,13,28,49,49,89,89,141,141,42,120,140,159,159,159,159],"floor_reached":16,"playtime":1172,"items_purged":[],"score":100,"play_id":"8fb79fe2-164e-42a3-b41c-2f7067b8a353","local_time":"20210110084011","is_ascension_mode":false,"campfire_choices":[{"data":"CheerUp","floor":6,"key":"SMITH"},{"data":"DynamicVision","floor":10,"key":"SMITH"}],"circlet_count":0,"master_deck":["Strike_AJ","Strike_TS","Strike_RR","Strike_RD","Defend_TS","Defend_PP","Defend_FS","Defend_AJ","ConcertedEfforts","HarmonyShield","FarmExpert","BigDeal","Magic","ThunderCloud","CheerUp+1","Tornado","DynamicVision+1","FollowTherRainbow","Anxiousness","CheerUp+1","Lasso","Magictrain","Whining","GemstoneDetection"],"relics":["The_element_of_harmony","hubris:Teleporter","Golden Idol","hubris:Towel","Replay:Mystery Machine","Bag of Preparation","Replay:Multitool"],"acts_visited":["Exordium"],"potions_floor_usage":[12,16],"damage_taken":[{"damage":0,"enemies":"Small Slimes","floor":1,"turns":3},{"damage":10,"enemies":"Jaw Worm","floor":4,"turns":4},{"damage":10,"enemies":"2 Louse","floor":5,"turns":4},{"damage":21,"enemies":"Lagavulin","floor":7,"turns":8},{"damage":13,"enemies":"Lagavulin Event","floor":12,"turns":5},{"damage":0,"enemies":"Looter","floor":13,"turns":3},{"damage":0,"enemies":"Blue Slaver","floor":14,"turns":5},{"damage":35,"enemies":"Slime Boss","floor":16,"turns":3}],"seed_played":"8028276730128332524","potions_obtained":[{"floor":1,"key":"LiquidBronze"},{"floor":5,"key":"Swift Potion"},{"floor":14,"key":"FearPotion"}],"is_trial":false,"path_per_floor":["M","?","?","M","M","R","E","?","T","R","$","?","M","M","R","B"],"character_chosen":"TWI_CLASS","items_purchased":["FollowTherRainbow","Anxiousness"],"campfire_rested":0,"item_purchase_floors":[11,11],"current_hp_per_floor":[82,62,62,52,42,42,21,21,21,21,21,8,8,8,32,0,0],"gold":159,"neow_bonus":"ONE_RARE_RELIC","is_daily":false,"chose_seed":false,"campfire_upgraded":2,"win_rate":0.0,"timestamp":1610282411,"path_taken":["M","?","?","M","M","R","E","?","T","R","$","?","?","M","R","BOSS"],"items_purchased_type":["Card","Card"],"build_version":"2020-12-22","purchased_purges":0,"victory":false,"max_hp_per_floor":[82,82,82,82,82,82,82,82,82,82,82,82,82,82,82,82,82],"card_choices":[{"not_picked":["Lasso"],"picked":"FarmExpert","floor":1},{"not_picked":["Louder","PartyAlone"],"picked":"SKIP","floor":1},{"not_picked":["PartyAlone"],"picked":"BigDeal","floor":4},{"not_picked":["GemstoneDetection"],"picked":"Magic","floor":4},{"not_picked":["Yay"],"picked":"ThunderCloud","floor":5},{"not_picked":["Magic"],"picked":"CheerUp","floor":5},{"not_picked":["Anxiousness"],"picked":"Tornado","floor":7},{"not_picked":["Honesty"],"picked":"DynamicVision","floor":7},{"not_picked":["HideCarefully"],"picked":"CheerUp","floor":12},{"not_picked":["Boundary"],"picked":"Lasso","floor":13},{"not_picked":["ServeMeal"],"picked":"Magictrain","floor":13},{"not_picked":["Celebrities"],"picked":"Whining","floor":14},{"not_picked":["Whining"],"picked":"GemstoneDetection","floor":14}],"player_experience":446672,"relics_obtained":[{"floor":7,"key":"Replay:Mystery Machine"},{"floor":9,"key":"Bag of Preparation"}],"event_choices":[{"damage_healed":0,"gold_gain":0,"player_choice":"Take Damage","damage_taken":20,"relics_obtained":["Golden Idol"],"max_hp_gain":0,"max_hp_loss":0,"event_name":"Golden Idol","floor":2,"gold_loss":0},{"damage_healed":0,"gold_gain":0,"player_choice":"Leave","damage_taken":0,"max_hp_gain":0,"max_hp_loss":0,"event_name":"conspire:Investor","floor":8,"gold_loss":0},{"damage_healed":0,"gold_gain":0,"player_choice":"Searched \u00272\u0027 times","damage_taken":0,"relics_obtained":["Replay:Multitool"],"max_hp_gain":0,"max_hp_loss":0,"event_name":"Dead Adventurer","floor":12,"gold_loss":0}],"is_beta":false,"boss_relics":[],"items_purged_floors":[],"is_endless":false,"potions_floor_spawned":[1,5,14],"killed_by":"Slime Boss","ascension_level":0}}