{"host":"i41n6wh529970c2c","time":1610316730,"event":{"mods":["Act Like it!","BaseMod","BetterRewards","Gold Saver","Hermit","Marisa????????","Minty Spire (QoL Compilation)","Replay The Spire","Shop Mod","StSLib"],"gold_per_floor":[118,118,118,193,207,233,252,252,277,277,277],"floor_reached":10,"playtime":450,"items_purged":["Strike_MRS"],"score":66,"play_id":"4f371955-6af4-46a2-b377-7e52a7929a13","local_time":"20210110171210","is_ascension_mode":false,"campfire_choices":[],"circlet_count":0,"master_deck":["Strike_MRS","Strike_MRS","Strike_MRS","Defend_MRS","Defend_MRS","Defend_MRS","MasterSpark","UpSweep","Occultation","Pot Of Greed","PulseMagic","Pot Of Greed","GravityBeat","OneTimeOff+1","DoubleSpark","GalacticHalo","GalacticHalo","AlicesGift"],"relics":["MiniHakkero","Ice Cream","Grinning Jar","Strange Spoon","Replay:Rubber Ducky","Oddly Smooth Stone"],"acts_visited":["Exordium"],"potions_floor_usage":[6],"damage_taken":[{"damage":0,"enemies":"Small Slimes","floor":1,"turns":3},{"damage":2,"enemies":"2 Louse","floor":5,"turns":3},{"damage":10,"enemies":"Gremlin Nob","floor":6,"turns":3},{"damage":0,"enemies":"Jaw Worm","floor":7,"turns":3},{"damage":12,"enemies":"Lagavulin","floor":10,"turns":4}],"seed_played":"7537766922626798234","potions_obtained":[{"floor":5,"key":"Fire Potion"}],"is_trial":false,"path_per_floor":["M","?","?","?","M","E","M","?","T","E"],"character_chosen":"MARISA","items_purchased":["Grinning Jar","Strange Spoon","PulseMagic","GravityBeat","OneTimeOff"],"campfire_rested":0,"item_purchase_floors":[0,0,0,0,0],"current_hp_per_floor":[32,32,25,14,12,2,2,2,2,0,0],"gold":277,"neow_bonus":"","is_daily":false,"chose_seed":false,"campfire_upgraded":0,"win_rate":0.0,"timestamp":1610316730,"path_taken":["M","?","?","?","?","E","M","?","T","E"],"items_purchased_type":["Relic","Relic","Card","Card","Card"],"build_version":"2020-12-22","purchased_purges":1,"victory":false,"max_hp_per_floor":[75,75,75,75,75,75,75,75,75,75,75],"card_choices":[{"not_picked":["Acceleration","LuminesStrike"],"picked":"DoubleSpark","floor":1},{"not_picked":["EnergyRecoil","DeepEcoloBomb"],"picked":"GalacticHalo","floor":5},{"not_picked":["DeepEcoloBomb","AlicesGift"],"picked":"GalacticHalo","floor":6},{"not_picked":["ShootingEcho","6A"],"picked":"AlicesGift","floor":7}],"player_experience":869890,"relics_obtained":[{"floor":6,"key":"Replay:Rubber Ducky"},{"floor":9,"key":"Oddly Smooth Stone"}],"event_choices":[{"damage_healed":0,"gold_gain":0,"player_choice":"Grow","damage_taken":0,"max_hp_gain":0,"max_hp_loss":0,"event_name":"Living Wall","floor":2,"gold_loss":0,"cards_upgraded":["OneTimeOff"]},{"cards_removed":["Defend_MRS"],"damage_healed":0,"gold_gain":0,"player_choice":"Card Removal","damage_taken":7,"max_hp_gain":0,"max_hp_loss":0,"event_name":"Golden Wing","floor":3,"gold_loss":0},{"damage_healed":0,"gold_gain":75,"player_choice":"Gather Gold","damage_taken":11,"max_hp_gain":0,"max_hp_loss":0,"event_name":"World of Goop","floor":4,"gold_loss":0},{"damage_healed":0,"gold_gain":0,"player_choice":"Ignored","damage_taken":0,"max_hp_gain":0,"max_hp_loss":0,"event_name":"NoteForYourself","floor":8,"gold_loss":0}],"is_beta":false,"boss_relics":[],"items_purged_floors":[0],"is_endless":false,"potions_floor_spawned":[5],"killed_by":"Lagavulin","ascension_level":0}}