{"host":"hcmbbnq9kugrt4gl","time":1610285089,"event":{"mods":["AchievementEnabler","BaseMod","Minty Spire (QoL Compilation)","Permanent Neow","Quick Restart","Relic Stats","Synergy Search","slay the spire mod where everything is the same but ironclad has a cowboy hat"],"gold_per_floor":[112,112,112,129,129,154,154,166,236,271,271,271,296,310,310,415,415,433,78,95,114,147,147,165,179,179,94,94,94],"floor_reached":28,"playtime":1072,"items_purged":[],"score":290,"play_id":"5f27db05-2baf-4b17-9e27-5ca76a2ce0f1","local_time":"20210110142449","is_ascension_mode":false,"campfire_choices":[{"data":"Demon Form","floor":7,"key":"SMITH"},{"data":"Berserk","floor":11,"key":"SMITH"},{"floor":15,"key":"REST"},{"floor":23,"key":"REST"}],"circlet_count":0,"master_deck":["Strike_R","Strike_R","Strike_R","Strike_R+1","Defend_R","Defend_R","Defend_R","Defend_R","Bash+1","Cleave","Flame Barrier","Demon Form+1","Flex","Berserk+1","Heavy Blade","Headbutt","Double Tap","Anger","Armaments","Hemokinesis","Trip","Iron Wave+1","Blood for Blood","Infernal Blade"],"relics":["Burning Blood","NeowsBlessing","Pen Nib","Question Card","StoneCalendar","White Beast Statue","SlaversCollar","Juzu Bracelet","Ice Cream"],"acts_visited":["Exordium","TheCity"],"potions_floor_usage":[16,16,16,22,28,28],"damage_taken":[{"damage":0,"enemies":"Small Slimes","floor":1,"turns":1},{"damage":0,"enemies":"Cultist","floor":4,"turns":1},{"damage":0,"enemies":"3 Sentries","floor":6,"turns":1},{"damage":0,"enemies":"2 Louse","floor":8,"turns":2},{"damage":34,"enemies":"Gremlin Nob","floor":10,"turns":5},{"damage":22,"enemies":"3 Sentries","floor":13,"turns":4},{"damage":13,"enemies":"Gremlin Gang","floor":14,"turns":3},{"damage":39,"enemies":"Hexaghost","floor":16,"turns":6},{"damage":10,"enemies":"Chosen","floor":18,"turns":4},{"damage":37,"enemies":"Spheric Guardian","floor":20,"turns":4},{"damage":9,"enemies":"3 Cultists","floor":21,"turns":5},{"damage":22,"enemies":"Centurion and Healer","floor":22,"turns":6},{"damage":14,"enemies":"Snake Plant","floor":24,"turns":3},{"damage":32,"enemies":"Snecko","floor":25,"turns":5},{"damage":17,"enemies":"Shelled Parasite and Fungi","floor":28,"turns":3}],"seed_played":"13672697034561178","potions_obtained":[{"floor":1,"key":"Strength Potion"},{"floor":6,"key":"Dexterity Potion"},{"floor":14,"key":"Ancient Potion"},{"floor":16,"key":"ColorlessPotion"},{"floor":18,"key":"Energy Potion"},{"floor":20,"key":"SteroidPotion"},{"floor":21,"key":"HeartOfIron"},{"floor":22,"key":"DistilledChaos"},{"floor":24,"key":"EssenceOfSteel"},{"floor":25,"key":"Block Potion"}],"is_trial":false,"path_per_floor":["M","?","$","M","?","E","R","M","T","E","R","?","E","M","R","B",null,"M","$","M","M","M","R","M","M","T","?","M"],"character_chosen":"IRONCLAD","items_purchased":["Juzu Bracelet","Armaments","Hemokinesis","Trip"],"campfire_rested":2,"item_purchase_floors":[19,19,19,19],"current_hp_per_floor":[80,80,80,80,64,70,70,76,76,48,48,48,32,25,49,16,80,76,76,45,42,26,50,42,16,16,16,0,0],"gold":94,"neow_bonus":"THREE_ENEMY_KILL","is_daily":false,"chose_seed":false,"campfire_upgraded":2,"win_rate":0.0,"timestamp":1610285089,"path_taken":["M","?","?","M","?","E","R","M","T","E","R","?","E","M","R","BOSS","M","$","M","M","M","R","M","M","T","?","M"],"items_purchased_type":["Relic","Card","Card","Card"],"build_version":"2020-12-22","purchased_purges":0,"victory":false,"max_hp_per_floor":[80,80,80,80,80,80,80,80,80,80,80,80,80,80,80,80,80,80,80,80,80,80,80,80,80,80,80,80,80],"relic_stats":{"counters":[15,53],"StoneCalendar":[0],"Pen Nib":[8],"Juzu Bracelet":1,"Question Card":10,"obtain_stats":[{"Ice Cream":27,"SlaversCollar":17,"NeowsBlessing":0,"StoneCalendar":10,"Pen Nib":6,"Juzu Bracelet":19,"Question Card":9,"Burning Blood":0,"White Beast Statue":13},{"Ice Cream":14,"SlaversCollar":8,"NeowsBlessing":0,"StoneCalendar":5,"Pen Nib":3,"Juzu Bracelet":9,"Question Card":4,"Burning Blood":0,"White Beast Statue":6},{"Ice Cream":50,"SlaversCollar":23,"NeowsBlessing":0,"StoneCalendar":10,"Pen Nib":3,"Juzu Bracelet":27,"Question Card":5,"Burning Blood":0,"White Beast Statue":14}],"Burning Blood":72},"card_choices":[{"not_picked":["Evolve","Fire Breathing"],"picked":"Cleave","floor":1},{"not_picked":["Twin Strike","Havoc"],"picked":"Flame Barrier","floor":4},{"not_picked":["Body Slam","Cleave"],"picked":"Demon Form","floor":6},{"not_picked":["Combust","Cleave"],"picked":"Flex","floor":8},{"not_picked":["Clash","Burning Pact","Rampage"],"picked":"Berserk","floor":10},{"not_picked":["Shrug It Off","Warcry","Body Slam"],"picked":"Heavy Blade","floor":13},{"not_picked":["Fire Breathing","Twin Strike","Body Slam"],"picked":"Headbutt","floor":14},{"not_picked":["Berserk","Immolate","Impervious"],"picked":"Double Tap","floor":16},{"not_picked":["Perfected Strike","Iron Wave","Havoc"],"picked":"Anger","floor":18},{"not_picked":["Armaments","Havoc","Pommel Strike+1"],"picked":"Iron Wave+1","floor":20},{"not_picked":["Shrug It Off","Iron Wave","Armaments","Berserk"],"picked":"SKIP","floor":21},{"not_picked":["Perfected Strike+1","Cleave","Clothesline"],"picked":"Blood for Blood","floor":22},{"not_picked":["Spot Weakness","Power Through+1","Body Slam"],"picked":"Infernal Blade","floor":24},{"not_picked":["Heavy Blade+1","Dual Wield+1","Armaments","True Grit"],"picked":"SKIP","floor":25}],"player_experience":180825,"relics_obtained":[{"floor":6,"key":"Pen Nib"},{"floor":9,"key":"Question Card"},{"floor":10,"key":"StoneCalendar"},{"floor":13,"key":"White Beast Statue"}],"event_choices":[{"cards_removed":["Strike_R"],"damage_healed":0,"gold_gain":0,"player_choice":"Purged","damage_taken":0,"max_hp_gain":0,"max_hp_loss":0,"event_name":"Purifier","floor":2,"gold_loss":0},{"damage_healed":0,"gold_gain":0,"player_choice":"Entered Light","damage_taken":16,"max_hp_gain":0,"max_hp_loss":0,"event_name":"Shining Light","floor":5,"gold_loss":0,"cards_upgraded":["Bash","Strike_R"]},{"damage_healed":0,"gold_gain":0,"player_choice":"Ignored","damage_taken":0,"max_hp_gain":0,"max_hp_loss":0,"event_name":"NoteForYourself","floor":12,"gold_loss":0},{"damage_healed":0,"gold_gain":0,"player_choice":"Obtained Relic","damage_taken":0,"relics_obtained":["Ice Cream"],"max_hp_gain":0,"max_hp_loss":0,"event_name":"Addict","floor":27,"gold_loss":85}],"is_beta":false,"boss_relics":[{"not_picked":["Velvet Choker","Cursed Key"],"picked":"SlaversCollar"}],"items_purged_floors":[],"is_endless":false,"potions_floor_spawned":[1,6,14,16,18,20,21,22,24,25],"killed_by":"Shelled Parasite and Fungi","ascension_level":0}}