{"host":"tw8gm4p1o2j6gfl4","time":1610246580,"event":{"mods":["Act Like it!","Aspiration","BaseMod","BetterRewards","Colored Map","Colored Powertips","Curses Come First","Decade(???)","Downfall","Gensokyo","Googly Eyes","Hallownest","Hermit","Highlight Path","Hubris","Infinite Spire","Jorbs\u0027s Wanderer Trilogy","Koishi","Lobotomy","Luminous","Minty Spire (QoL Compilation)","Quick Restart","Replay The Spire","StSLib","SuperFastMode","The Bug Knight","The Cursed","The Hierophant","The Jungle","The Marked","The Necromancer","The Poker Player","Trackpad","[IsaacMod]????"],"gold_per_floor":[110,110,120,134,134,166,180,205,205,222,59,69,69,89,89,194,194,204,219,219,318,332,332,332,345,370,386,14,43,43,43,43,43,43,140,140,160,183,0,0,10,41,41,61,61,87,8,22,22,41,41,41],"floor_reached":53,"playtime":2863,"items_purged":["Vampiric_Strike"],"score":649,"play_id":"76fbcf7c-7b8d-4938-9a41-b503694fd934","local_time":"20210109184300","is_ascension_mode":false,"campfire_choices":[{"floor":13.0,"key":"REST"},{"floor":15.0,"key":"REST"},{"data":"Summon_Vampire_Lady","floor":23.0,"key":"SMITH"},{"data":"Summon_Undead_Army","floor":34.0,"key":"SMITH"},{"floor":49,"key":"REST"},{"floor":51,"key":"REST"}],"circlet_count":0,"master_deck":["Defend_W","Defend_W","Defend_W","Defend_W+1","Negative_Energy_Arrows","Bone_Wall","Stop_Heart+1","Summon_Lich","Uncharnel","Life_Tap","Vampiric_Strike","Negative_Energy_Javelin","Summon_Undead_Army+1","Summon_Vampire_Lady+1","Summon_Vampire_Lady+1","Bone_Armor+1","Bite","Bite","Bite","Bite","Bite+1","Negative_Energy_Shield","Thinking Ahead","Vampiric_Strike+1","Blood_Wake","Negative_Energy_Javelin+1","Chill_Blood+1","Reap_The_Weak"],"relics":["Vampire_Amulet","HushsDoor","SteamSale","BelialBook","Void","Matryoshka","trackpad:ZombieHeart","Busted Crown","aspiration:TomeofQuesting","PreservedInsect","Guide Book","HowToJump","Blue Doll","Bag of Preparation","aspiration:RitualStick","trackpad:Trackpad","PillsDrop","Anchor","Red Mask","Gremlin Horn","trackpad:GuardianSpirit","SharpPlug","Gremlin Food"],"acts_visited":["Exordium","TheCity","TheBeyond"],"potions_floor_usage":[],"damage_taken":[{"damage":0.0,"enemies":"Cultist","floor":1.0,"turns":3.0},{"damage":2.0,"enemies":"Jaw Worm","floor":3.0,"turns":5.0},{"damage":2.0,"enemies":"2 Louse","floor":4.0,"turns":4.0},{"damage":22.0,"enemies":"Lagavulin","floor":6.0,"turns":6.0},{"damage":10.0,"enemies":"Large Slime","floor":7.0,"turns":4.0},{"damage":19.0,"enemies":"Gremlin Nob","floor":8.0,"turns":4.0},{"damage":13.0,"enemies":"Blue Slaver","floor":10.0,"turns":5.0},{"damage":6.0,"enemies":"Gremlin Gang","floor":12.0,"turns":4.0},{"damage":24.0,"enemies":"3 Louse","floor":14.0,"turns":3.0},{"damage":57.0,"enemies":"The Guardian","floor":16.0,"turns":9.0},{"damage":26.0,"enemies":"Shell Parasite","floor":18.0,"turns":6.0},{"damage":40.0,"enemies":"3 Byrds","floor":19.0,"turns":5.0},{"damage":36.0,"enemies":"Centurion and Healer","floor":22.0,"turns":8.0},{"damage":44.0,"enemies":"Snake Plant","floor":25.0,"turns":5.0},{"damage":48.0,"enemies":"Cultist and Chosen","floor":27.0,"turns":6.0},{"damage":29.0,"enemies":"Gremlin Leader","floor":29.0,"turns":8.0},{"damage":104.0,"enemies":"Champ","floor":35.0,"turns":10.0},{"damage":1,"enemies":"Orb Walker","floor":37,"turns":2},{"damage":18,"enemies":"3 Shapes","floor":41,"turns":3},{"damage":0,"enemies":"R_Hoarder","floor":42,"turns":6},{"damage":24,"enemies":"Maw","floor":44,"turns":6},{"damage":70,"enemies":"Reptomancer","floor":46,"turns":5},{"damage":32,"enemies":"Sphere and 2 Shapes","floor":48,"turns":6},{"damage":56,"enemies":"Maw","floor":50,"turns":7},{"damage":138,"enemies":"Replay:Hell Engine","floor":52,"turns":10}],"seed_played":"-3156437886478303325","potions_obtained":[{"floor":1.0,"key":"LifebloodPotion"},{"floor":6.0,"key":"LifebloodPotion"},{"floor":8.0,"key":"LiquidMemories"},{"floor":12.0,"key":"PowerPotion"},{"floor":19.0,"key":"Milkshake"},{"floor":29.0,"key":"SteroidPotion"},{"floor":41,"key":"Toxic Potion"}],"is_trial":false,"path_per_floor":["M","?","M","M","?","E","M","E","T","M","$","M","R","M","R","B",null,"M","M","?","?","M","R","?","M","T","M","$","E","PTL","PTL","?","$","R","B",null,"M","T","?","?","M","E","?","M","T","E","$","M","R","M","R","B",null],"character_chosen":"NECROMANCER","items_purchased":["trackpad:ZombieHeart","Summon_Undead_Army","Guide Book","HowToJump","Blue Doll","Thinking Ahead","Vampiric_Strike+1","Gremlin Food"],"campfire_rested":4,"item_purchase_floors":[11,11,28,28,28,28,28,47],"current_hp_per_floor":[82,82,82,82,82,62,59,42,42,34,34,42,67,54,80,56,90,82,69,65,65,67,67,55,44,44,41,41,66,66,66,51,51,51,21,77,77,77,77,77,84,85,85,77,77,46,46,52,79,73,91,34],"gold":41,"neow_bonus":"TEN_PERCENT_HP_BONUS","is_daily":false,"chose_seed":false,"campfire_upgraded":2,"win_rate":0.0,"timestamp":1610246580,"path_taken":["M","?","M","M","?","E","M","E","T","?","$","M","R","M","R","BOSS","M","M","?","?","?","R","?","M","T","M","$","E","PTL","PTL","?","?","R","BOSS","M","?","?","?","?","E","?","M","T","E","$","M","R","M","R","BOSS"],"items_purchased_type":["Relic","Card","Relic","Relic","Relic","Card","Card","Relic"],"build_version":"2020-12-22","purchased_purges":1,"victory":true,"max_hp_per_floor":[82,82,82,82,82,82,82,82,82,82,82,86,86,89,89,90,90,91,94,65,65,67,67,72,73,73,75,75,76,76,76,76,76,76,77,77,78,78,78,78,84,85,85,86,86,87,87,90,90,91,91,92],"card_choices":[{"not_picked":["Bone_Spikes","Plague_Bolt"],"picked":"Vampiric_Strike","floor":1.0},{"not_picked":["Epidemic","Negative_Energy_Sphere"],"picked":"Stop_Heart","floor":3.0},{"not_picked":["Life_Drain","Blood_Curse"],"picked":"Summon_Lich","floor":4.0},{"not_picked":["Necromantic_Selection","Thousand_Bone_Knives"],"picked":"Uncharnel","floor":6.0},{"not_picked":["Blood_Shield","Blood_Whip"],"picked":"Life_Tap","floor":7.0},{"not_picked":["Bone_Bullets","Bone_Shift"],"picked":"Vampiric_Strike","floor":8.0},{"not_picked":["Negative_Energy_Mist","Pandemic"],"picked":"Negative_Energy_Javelin","floor":10.0},{"not_picked":["Death_Knell","Bone_Bullets"],"picked":"Summon_Vampire_Lady","floor":12.0},{"not_picked":["Finger_Of_Death","Blood_Curse","Bone_Shift"],"picked":"SKIP","floor":14.0},{"not_picked":["Requiem","Negative_Energy_Bomb"],"picked":"Summon_Vampire_Lady","floor":16.0},{"not_picked":["Whirlwind_of_Bones"],"picked":"SKIP","floor":18.0},{"not_picked":[],"picked":"Bone_Armor+1","floor":19.0},{"not_picked":["Bone_Shift"],"picked":"SKIP","floor":22.0},{"not_picked":[],"picked":"Consume_Illness","floor":25.0},{"not_picked":[],"picked":"Negative_Energy_Shield","floor":27.0},{"not_picked":["Finger_Of_Death"],"picked":"SKIP","floor":29.0},{"not_picked":[],"picked":"Blood_Wake","floor":35.0},{"not_picked":[],"picked":"Negative_Energy_Javelin+1","floor":37},{"not_picked":[],"picked":"Chill_Blood+1","floor":41},{"not_picked":[],"picked":"Reap_The_Weak","floor":42},{"not_picked":["Necromantic_Selection"],"picked":"SKIP","floor":44},{"not_picked":["Corrupt"],"picked":"SKIP","floor":46},{"not_picked":["Necromantic_Selection+1"],"picked":"SKIP","floor":48},{"not_picked":["Consume_Illness"],"picked":"SKIP","floor":50}],"player_experience":195634,"relics_obtained":[{"floor":6.0,"key":"BelialBook"},{"floor":8.0,"key":"Void"},{"floor":9.0,"key":"Matryoshka"},{"floor":26.0,"key":"aspiration:TomeofQuesting"},{"floor":26.0,"key":"PreservedInsect"},{"floor":29.0,"key":"Bag of Preparation"},{"floor":38,"key":"PillsDrop"},{"floor":38,"key":"Anchor"},{"floor":42,"key":"Gremlin Horn"},{"floor":45,"key":"trackpad:GuardianSpirit"},{"floor":46,"key":"SharpPlug"}],"event_choices":[{"damage_healed":0.0,"max_hp_gain":0.0,"max_hp_loss":29.0,"gold_gain":0.0,"event_name":"Vampires","player_choice":"Became a vampire","floor":20.0,"gold_loss":0.0,"damage_taken":0.0,"cards_obtained":["Bite","Bite","Bite","Bite","Bite"]},{"damage_healed":0.0,"max_hp_gain":0.0,"max_hp_loss":0.0,"gold_gain":99.0,"event_name":"Nest","player_choice":"Stole From Cult","floor":21.0,"gold_loss":0.0,"damage_taken":0.0},{"damage_healed":0.0,"max_hp_gain":5.0,"max_hp_loss":0.0,"gold_gain":0.0,"event_name":"Forgotten Altar","player_choice":"Shed Blood","floor":24.0,"gold_loss":0.0,"damage_taken":17.0},{"damage_healed":0,"gold_gain":0,"player_choice":"Paid","damage_taken":0,"relics_obtained":["Red Mask"],"max_hp_gain":0,"max_hp_loss":0,"event_name":"Tomb of Lord Red Mask","floor":39,"gold_loss":183},{"cards_removed":["Consume_Illness"],"damage_healed":0,"gold_gain":0,"player_choice":"Purged","damage_taken":0,"max_hp_gain":0,"max_hp_loss":0,"event_name":"Purifier","floor":40,"gold_loss":0}],"is_beta":false,"boss_relics":[{"not_picked":["hubris:VirtuousBlindfold","aspiration:SecretTechniqueScroll"],"picked":"Busted Crown"},{"not_picked":[]},{"not_picked":["Replay:Ancient Bell","aspiration:WatcherSkillbook"],"picked":"trackpad:Trackpad"},{"not_picked":[]}],"items_purged_floors":[28],"is_endless":false,"potions_floor_spawned":[1,6,8,10,12,19,29,41,42,44,48,50],"ascension_level":0}}