{"host":"mydft8i2zzydgggw","time":1610295575,"event":{"mods":["AchievementEnabler","BaseMod","BetterRewards","Colored Map","Colored Powertips","DeckTracker","Keyboard Shortcuts","Minty Spire (QoL Compilation)","Quick Restart","Rare Cards Sparkle","StSLib","SuperFastMode","The Poker Player","everything is the same but u backflip on backflip"],"gold_per_floor":[119,119,119,130,142,171,171,171,171,171,200,220,63,63,63,161,161,174,191,266,286,286,286,286],"floor_reached":23,"playtime":568,"items_purged":["BattleHymn"],"score":239,"play_id":"197fe338-5306-4283-8f9e-1c2b6ecb4d1f","local_time":"20210111011935","is_ascension_mode":true,"campfire_choices":[{"floor":8.0,"key":"REST"},{"floor":10.0,"key":"REST"},{"floor":15.0,"key":"REST"}],"circlet_count":0,"master_deck":["Eruption+1","Vigilance","Protect","Wireheading","DeceiveReality","SandsOfTime","LikeWater+1","FearNoEvil","InnerPeace","Purity","Ragnarok","Vengeance+1","FollowUp+1","DevaForm+1"],"relics":["Pandora\u0027s Box","Frozen Egg 2","White Beast Statue","Nunchaku","Dream Catcher","Pantograph","Astrolabe"],"acts_visited":["Exordium","TheCity"],"potions_floor_usage":[23,23],"damage_taken":[{"damage":4.0,"enemies":"Jaw Worm","floor":1.0,"turns":3.0},{"damage":12.0,"enemies":"2 Louse","floor":4.0,"turns":3.0},{"damage":0.0,"enemies":"Cultist","floor":5.0,"turns":2.0},{"damage":40.0,"enemies":"Lagavulin","floor":6.0,"turns":5.0},{"damage":3.0,"enemies":"Gremlin Nob","floor":11.0,"turns":4.0},{"damage":9.0,"enemies":"Lots of Slimes","floor":12.0,"turns":6.0},{"damage":23.0,"enemies":"Slime Boss","floor":16.0,"turns":5.0},{"damage":5.0,"enemies":"Chosen","floor":18.0,"turns":4.0},{"damage":22.0,"enemies":"2 Thieves","floor":19.0,"turns":2.0},{"damage":24,"enemies":"Snake Plant","floor":21,"turns":2},{"damage":34,"enemies":"Slavers","floor":23,"turns":2}],"seed_played":"743875693632933603","potions_obtained":[{"floor":1.0,"key":"StancePotion"},{"floor":6.0,"key":"Dexterity Potion"},{"floor":11.0,"key":"Fire Potion"},{"floor":12.0,"key":"Strength Potion"},{"floor":19.0,"key":"BottledMiracle"}],"is_trial":false,"path_per_floor":["M","?","T","M","M","E","?","R","T","R","E","M","$","?","R","B",null,"M","M","?","M","?","E"],"character_chosen":"WATCHER","items_purchased":["Purity"],"campfire_rested":3,"item_purchase_floors":[13],"current_hp_per_floor":[68,73,73,61,61,21,3,26,26,49,46,37,37,37,60,54,77,72,50,43,19,19,0,0],"gold":286,"neow_bonus":"BOSS_RELIC","is_daily":false,"chose_seed":false,"campfire_upgraded":0,"win_rate":0.0,"timestamp":1610295575,"path_taken":["M","?","?","M","M","E","?","R","T","R","E","M","$","?","R","BOSS","M","M","?","?","?","E"],"items_purchased_type":["Card"],"build_version":"2020-12-22","purchased_purges":1,"victory":false,"max_hp_per_floor":[72,77,77,77,77,77,77,77,77,77,77,77,77,77,77,77,77,77,77,77,77,77,77,77],"card_choices":[{"not_picked":["BowlingBash","Consecrate","FlyingSleeves"],"picked":"SKIP","floor":1.0},{"not_picked":["Wallop","Protect","Meditate"],"picked":"SKIP","floor":4.0},{"not_picked":["Weave","CutThroughFate"],"picked":"LikeWater+1","floor":5.0},{"not_picked":["Study+1","FlyingSleeves","Crescendo"],"picked":"SKIP","floor":6.0},{"not_picked":["Pray","Wallop"],"picked":"FearNoEvil","floor":10.0},{"not_picked":["Alpha","Collect","CrushJoints"],"picked":"SKIP","floor":11.0},{"not_picked":["FollowUp","WindmillStrike"],"picked":"InnerPeace","floor":12.0},{"not_picked":["Brilliance","LessonLearned"],"picked":"Ragnarok","floor":16.0},{"not_picked":["Worship","PathToVictory","WindmillStrike"],"picked":"SKIP","floor":18.0},{"not_picked":["Crescendo","Evaluate","EmptyBody+1"],"picked":"SKIP","floor":19.0},{"not_picked":["BowlingBash+1","ClearTheMind+1","Collect"],"picked":"SKIP","floor":21}],"player_experience":169299,"relics_obtained":[{"floor":3.0,"key":"Frozen Egg 2"},{"floor":6.0,"key":"White Beast Statue"},{"floor":9.0,"key":"Dream Catcher"},{"floor":11.0,"key":"Pantograph"}],"event_choices":[{"damage_healed":0.0,"max_hp_gain":5.0,"max_hp_loss":0.0,"gold_gain":0.0,"event_name":"Big Fish","player_choice":"Donut","floor":2.0,"gold_loss":0.0,"damage_taken":0.0},{"damage_healed":0.0,"max_hp_gain":0.0,"max_hp_loss":0.0,"gold_gain":0.0,"event_name":"Scrap Ooze","player_choice":"Success","floor":7.0,"gold_loss":0.0,"damage_taken":18.0,"relics_obtained":["Nunchaku"]},{"damage_healed":0.0,"max_hp_gain":0.0,"max_hp_loss":0.0,"gold_gain":0.0,"event_name":"Upgrade Shrine","player_choice":"Upgraded","floor":14.0,"gold_loss":0.0,"damage_taken":0.0,"cards_upgraded":["Eruption"]},{"damage_healed":0,"gold_gain":75,"player_choice":"Touch","damage_taken":7,"max_hp_gain":0,"max_hp_loss":0,"event_name":"FaceTrader","floor":20,"gold_loss":0},{"damage_healed":0,"gold_gain":0,"cards_transformed":["BattleHymn"],"player_choice":"Transformed","damage_taken":0,"max_hp_gain":0,"max_hp_loss":0,"event_name":"Transmorgrifier","floor":22,"gold_loss":0,"cards_obtained":["DevaForm"]}],"is_beta":false,"boss_relics":[{"not_picked":["Ectoplasm","SacredBark"],"picked":"Astrolabe"}],"items_purged_floors":[13],"is_endless":false,"potions_floor_spawned":[1,6,11,12,16,18,19,21],"killed_by":"Slavers","ascension_level":4}}