{"host":"a5lz0e76zb3fcwkm","time":1610247996,"event":{"mods":["AchievementEnabler","BaseMod","Colored Map","Colored Powertips","Minty Spire (QoL Compilation)","StSLib","SuperFastMode"],"gold_per_floor":[110,185,195,208,228,228,239,239,239,239,254,21,21,36,36,112,112,128,153,78,97,112,139,139,155,155,155,167,183,183,183,183,260,260,276,296,140,154,170,198,212,212,282,282,294,308,308,326,326,326,326,326,326,85,118,118],"floor_reached":57,"playtime":1813,"items_purged":["Strike_R","Bash+1"],"score":2754,"play_id":"d63ad6fd-082e-48ab-8e97-83fdc7c2fea6","local_time":"20210110120636","is_ascension_mode":true,"campfire_choices":[{"data":"Power Through","floor":6.0,"key":"SMITH"},{"data":"Pommel Strike","floor":8.0,"key":"SMITH"},{"data":"Fire Breathing","floor":15.0,"key":"SMITH"},{"data":"Immolate","floor":24.0,"key":"SMITH"},{"floor":27.0,"key":"REST"},{"floor":32.0,"key":"RECALL"},{"data":"Barricade","floor":42.0,"key":"SMITH"},{"data":"Dark Embrace","floor":44.0,"key":"SMITH"},{"data":"Feel No Pain","floor":49,"key":"SMITH"},{"data":"Second Wind","floor":53,"key":"SMITH"}],"circlet_count":0,"master_deck":["AscendersBane","Defend_R","Defend_R","Defend_R","Defend_R","Power Through+1","Pommel Strike+1","Shrug It Off","Fire Breathing+1","Immolate+1","Offering","Warcry+1","Body Slam+1","Second Wind+1","Barricade+1","Warcry+1","Feel No Pain+1","Power Through","Dark Embrace+1","Entrench+1"],"relics":["Black Blood","Pocketwatch","Bird Faced Urn","Potion Belt","Empty Cage","Red Mask","Shovel","Whetstone","Champion Belt","Boot"],"acts_visited":["Exordium","TheCity","TheBeyond","TheEnding"],"potions_floor_usage":[45,50,55,56,56,56,56,56,56],"damage_taken":[{"damage":12.0,"enemies":"Jaw Worm","floor":1.0,"turns":3.0},{"damage":2.0,"enemies":"2 Louse","floor":3.0,"turns":3.0},{"damage":0.0,"enemies":"Small Slimes","floor":4.0,"turns":4.0},{"damage":1.0,"enemies":"Looter","floor":5.0,"turns":4.0},{"damage":6.0,"enemies":"3 Louse","floor":7.0,"turns":6.0},{"damage":10.0,"enemies":"Large Slime","floor":11.0,"turns":6.0},{"damage":0.0,"enemies":"Lots of Slimes","floor":14.0,"turns":2.0},{"damage":0.0,"enemies":"Slime Boss","floor":16.0,"turns":5.0},{"damage":6.0,"enemies":"Spheric Guardian","floor":18.0,"turns":4.0},{"damage":40.0,"enemies":"Masked Bandits","floor":19.0,"turns":4.0},{"damage":16.0,"enemies":"3 Byrds","floor":21.0,"turns":3.0},{"damage":19.0,"enemies":"Shelled Parasite and Fungi","floor":22.0,"turns":3.0},{"damage":8.0,"enemies":"Gremlin Leader","floor":23.0,"turns":4.0},{"damage":6.0,"enemies":"Snake Plant","floor":25.0,"turns":3.0},{"damage":6.0,"enemies":"Snecko","floor":28.0,"turns":2.0},{"damage":6.0,"enemies":"Cultist and Chosen","floor":29.0,"turns":3.0},{"damage":46.0,"enemies":"Champ","floor":33.0,"turns":11.0},{"damage":15.0,"enemies":"3 Darklings","floor":35.0,"turns":2.0},{"damage":27.0,"enemies":"3 Shapes","floor":36.0,"turns":3.0},{"damage":6.0,"enemies":"Maw","floor":38.0,"turns":8.0},{"damage":11.0,"enemies":"Transient","floor":39.0,"turns":6.0},{"damage":6.0,"enemies":"Reptomancer","floor":40.0,"turns":5.0},{"damage":6.0,"enemies":"Jaw Worm Horde","floor":41.0,"turns":5.0},{"damage":6,"enemies":"4 Shapes","floor":45,"turns":4},{"damage":6,"enemies":"3 Darklings","floor":46,"turns":5},{"damage":7,"enemies":"Transient","floor":48,"turns":6},{"damage":31,"enemies":"Awakened One","floor":50,"turns":7},{"damage":31,"enemies":"Time Eater","floor":51,"turns":8},{"damage":17,"enemies":"Shield and Spear","floor":55,"turns":5},{"damage":10,"enemies":"The Heart","floor":56,"turns":7}],"seed_played":"6784708815500081346","potions_obtained":[{"floor":4.0,"key":"SteroidPotion"},{"floor":5.0,"key":"Ancient Potion"},{"floor":11.0,"key":"SpeedPotion"},{"floor":16.0,"key":"DuplicationPotion"},{"floor":19.0,"key":"AttackPotion"},{"floor":21.0,"key":"Strength Potion"},{"floor":23.0,"key":"HeartOfIron"},{"floor":33.0,"key":"Energy Potion"},{"floor":35.0,"key":"EntropicBrew"},{"floor":38.0,"key":"AttackPotion"},{"floor":39.0,"key":"PowerPotion"},{"floor":45,"key":"SkillPotion"}],"is_trial":false,"path_per_floor":["M","?","M","M","M","R","M","R","T","?","M","$","T","M","R","B",null,"M","?","?","M","M","E","R","M","T","R","M","M","?","?","R","B",null,"M","M","$","M","M","E","M","R","T","R","M","M","?","M","R","B","B",null,"R","$","E","B",null],"character_chosen":"IRONCLAD","items_purchased":["Fire Breathing","Immolate","Feel No Pain","Power Through","Swift Potion","GamblersBrew"],"campfire_rested":1,"item_purchase_floors":[12,12,37,37,54,54],"current_hp_per_floor":[62,51,55,61,66,66,66,66,66,59,55,55,55,61,61,68,68,68,34,34,26,15,15,15,17,17,37,41,45,26,73,73,33,63,62,49,49,61,68,73,73,73,73,73,73,73,69,69,69,56,45,63,63,63,64,69],"gold":118,"neow_bonus":"ONE_RARE_RELIC","is_daily":false,"chose_seed":false,"campfire_upgraded":8,"win_rate":0.0,"timestamp":1610247996,"path_taken":["M","?","M","M","M","R","M","R","T","?","M","?","?","?","R","BOSS","M","?","?","M","M","E","R","M","T","R","M","M","?","?","R","BOSS","M","?","$","?","M","E","?","R","T","R","M","M","?","M","R","BOSS","BOSS","R","$","E","BOSS"],"items_purchased_type":["Card","Card","Card","Card","Potion","Potion"],"build_version":"2020-12-22","purchased_purges":2,"victory":true,"max_hp_per_floor":[68,68,68,68,68,68,68,68,68,68,68,68,68,68,68,68,68,68,68,68,68,68,68,68,68,68,68,68,68,73,73,73,73,73,73,73,73,73,73,73,73,73,73,73,73,73,69,69,69,69,69,69,69,69,69,69],"card_choices":[{"not_picked":["Armaments","Clothesline"],"picked":"Power Through","floor":1.0},{"not_picked":["Perfected Strike","Brutality","Heavy Blade"],"picked":"SKIP","floor":3.0},{"not_picked":["Headbutt","Reckless Charge","Anger"],"picked":"SKIP","floor":4.0},{"not_picked":["Iron Wave","Thunderclap","Warcry"],"picked":"SKIP","floor":5.0},{"not_picked":["Power Through","Warcry"],"picked":"Pommel Strike","floor":7.0},{"not_picked":["Power Through","Headbutt"],"picked":"Shrug It Off","floor":11.0},{"not_picked":["Heavy Blade","Twin Strike","Rage"],"picked":"SKIP","floor":14.0},{"not_picked":["Reaper","Berserk"],"picked":"Offering","floor":16.0},{"not_picked":["True Grit","Thunderclap"],"picked":"Warcry+1","floor":18.0},{"not_picked":["Clothesline","Feed"],"picked":"Body Slam","floor":19.0},{"not_picked":["Sword Boomerang","Heavy Blade","Body Slam"],"picked":"SKIP","floor":21.0},{"not_picked":["Wild Strike","Pommel Strike","Headbutt"],"picked":"SKIP","floor":22.0},{"not_picked":["Warcry","Anger"],"picked":"Second Wind","floor":23.0},{"not_picked":["True Grit","Wild Strike"],"picked":"Feel No Pain","floor":25.0},{"not_picked":["Rage","Cleave","Flex"],"picked":"SKIP","floor":28.0},{"not_picked":["Pommel Strike","Cleave","Flame Barrier"],"picked":"SKIP","floor":29.0},{"not_picked":["Berserk","Corruption"],"picked":"Barricade","floor":33.0},{"not_picked":["Metallicize","Twin Strike"],"picked":"Warcry+1","floor":35.0},{"not_picked":["True Grit","Perfected Strike","Warcry"],"picked":"SKIP","floor":36.0},{"not_picked":["Pommel Strike","Iron Wave"],"picked":"Dark Embrace","floor":38.0},{"not_picked":["Dropkick","Heavy Blade"],"picked":"Entrench+1","floor":39.0},{"not_picked":["True Grit","Havoc","Fire Breathing"],"picked":"SKIP","floor":40.0},{"not_picked":["Shrug It Off+1","Rage+1","Thunderclap+1"],"picked":"SKIP","floor":41.0},{"not_picked":["Clothesline","Demon Form","Wild Strike"],"picked":"SKIP","floor":45},{"not_picked":["Headbutt+1","Armaments","Twin Strike+1"],"picked":"SKIP","floor":46},{"not_picked":["Headbutt","Uppercut","Shrug It Off"],"picked":"SKIP","floor":48},{"not_picked":["Dark Embrace","Reckless Charge+1","Intimidate"],"picked":"SKIP","floor":55}],"player_experience":1705686,"relics_obtained":[{"floor":9.0,"key":"Bird Faced Urn"},{"floor":13.0,"key":"Potion Belt"},{"floor":19.0,"key":"Red Mask"},{"floor":23.0,"key":"Shovel"},{"floor":26.0,"key":"Whetstone"},{"floor":40.0,"key":"Champion Belt"},{"floor":55,"key":"Boot"}],"event_choices":[{"damage_healed":0.0,"max_hp_gain":0.0,"max_hp_loss":0.0,"gold_gain":75.0,"event_name":"World of Goop","player_choice":"Gather Gold","floor":2.0,"gold_loss":0.0,"damage_taken":11.0},{"cards_removed":["Strike_R"],"damage_healed":0.0,"max_hp_gain":0.0,"max_hp_loss":0.0,"gold_gain":0.0,"event_name":"Golden Wing","player_choice":"Card Removal","floor":10.0,"gold_loss":0.0,"damage_taken":7.0},{"damage_healed":0.0,"max_hp_gain":0.0,"max_hp_loss":0.0,"gold_gain":0.0,"event_name":"Masked Bandits","player_choice":"Fought Bandits","floor":19.0,"gold_loss":0.0,"damage_taken":0.0},{"cards_removed":["Strike_R"],"damage_healed":0.0,"max_hp_gain":0.0,"max_hp_loss":0.0,"gold_gain":0.0,"event_name":"Beggar","player_choice":"Gave Gold","floor":20.0,"gold_loss":75.0,"damage_taken":0.0},{"damage_healed":0.0,"max_hp_gain":5.0,"max_hp_loss":0.0,"gold_gain":0.0,"event_name":"Forgotten Altar","player_choice":"Shed Blood","floor":30.0,"gold_loss":0.0,"damage_taken":24.0},{"cards_removed":["Feel No Pain"],"damage_healed":47.0,"max_hp_gain":0.0,"max_hp_loss":0.0,"gold_gain":0.0,"event_name":"Bonfire Elementals","player_choice":"Offered Uncommon","floor":31.0,"gold_loss":0.0,"damage_taken":0.0},{"damage_healed":0,"gold_gain":0,"player_choice":"Max HP","damage_taken":0,"max_hp_gain":0,"max_hp_loss":4,"event_name":"Winding Halls","floor":47,"gold_loss":0}],"is_beta":false,"boss_relics":[{"not_picked":["Calling Bell","Sozu"],"picked":"Empty Cage"},{"not_picked":["Tiny House","Pandora\u0027s Box"],"picked":"Black Blood"}],"items_purged_floors":[12,54],"is_endless":false,"potions_floor_spawned":[4,5,11,16,19,21,23,33,35,38,39,45],"ascension_level":20}}