{"host":"qvjm1ppyz58jture","time":1610250996,"event":{"mods":["2.2 Compatiblity","AchievementEnabler","Act Like it!","Bard","Bartender","BaseMod","Downfall","Friendly Minions","Gensokyo","GifTheSpireLib","Gremlin Mod","GungeonMod","Hallownest","Hermit","Marisa????????","Minty Spire (QoL Compilation)","Permanent Neow","Practice Mode","Quick Restart","Rare Cards Sparkle","Replay The Spire","Robot Space Explorer","SIMod","StSLib","The Bug Knight","The Dragon Tamer","The Hayseed","The Senshi","The Wild Card","TheBandit"],"gold_per_floor":[113,40,40,230,240,269,284,314,361,381,91,91,104,120,120,222,222,238,238,163,163,178,210,223,248,316,316,328,328,347,347,347,446,496,515,515,529,529,300,329,343,81,104,115,130,130,156,166,166,166,166],"floor_reached":50,"playtime":9487,"items_purged":[],"score":604,"play_id":"929cc1dd-0bfd-41dc-a2f5-1028a939f33a","local_time":"20210109195636","is_ascension_mode":false,"campfire_choices":[{"data":"RobotSpaceExplorer:DoubleFind","floor":12.0,"key":"SMITH"},{"floor":15.0,"key":"REST"},{"floor":29.0,"key":"REST"},{"data":"RobotSpaceExplorer:LaserBurst","floor":32.0,"key":"SMITH"},{"floor":49.0,"key":"RECALL"}],"circlet_count":0,"master_deck":["RobotSpaceExplorer:Defend","RobotSpaceExplorer:Defend","RobotSpaceExplorer:Defend+1","RobotSpaceExplorer:Defend","RobotSpaceExplorer:Scan","RobotSpaceExplorer:MiniLasers","RobotSpaceExplorer:DoubleFind+1","RobotSpaceExplorer:ScrapToss+1","RobotSpaceExplorer:StarLightning+1","RobotSpaceExplorer:ImprovisedAttack","RobotSpaceExplorer:SwiftStep+1","RobotSpaceExplorer:Fix+1","RobotSpaceExplorer:LaserBurst+1","RobotSpaceExplorer:IronShell","RobotSpaceExplorer:FranticSearch","RobotSpaceExplorer:MetalStrike+1","Bite+1","Bite+1","Bite+1","Bite+1","Bite+1","RobotSpaceExplorer:Fix","RobotSpaceExplorer:Probe+1","RobotSpaceExplorer:Probe+1","RobotSpaceExplorer:LaserBurst+1","RobotSpaceExplorer:ScrapMissile+1","RobotSpaceExplorer:ChargingLaser+1","RobotSpaceExplorer:SurgingShield","RobotSpaceExplorer:Ammunition+1","Madness","Madness","RobotSpaceExplorer:MiniDrones+1","RobotSpaceExplorer:DualCore","RobotSpaceExplorer:Reload","RobotSpaceExplorer:Probe+1","RobotSpaceExplorer:IronShell+1","Replay:SS_fish_2+1","expansioncontent:DarkVoid+1","Finesse+1","Parasite","RobotSpaceExplorer:Ammunition+1"],"relics":["RobotSpaceExplorer:RoboCore","StoneCalendar","DemoMod:WeirdEgg","Boot","Replay:Wax Seal","Nunchaku","War Paint","Black Star","Molten Egg 2","DemoMod:DecoyRelic","Meat on the Bone","RobotSpaceExplorer:PlasmaHourglass","RobotSpaceExplorer:ClockworkSextant","GremlinMask","Bag of Marbles","Tiny House","Guide Book","DemoMod:MeltedRock","PreservedInsect","Toxic Egg 2","TheAbacus","Juzu Bracelet","DemoMod:MonsterBlood"],"acts_visited":["Exordium","TheCity","TheBeyond"],"potions_floor_usage":[50,50],"damage_taken":[{"damage":6.0,"enemies":"Jaw Worm","floor":1.0,"turns":3.0},{"damage":0.0,"enemies":"Small Slimes","floor":5.0,"turns":2.0},{"damage":8.0,"enemies":"3 Sentries","floor":6.0,"turns":5.0},{"damage":1.0,"enemies":"Cultist","floor":7.0,"turns":3.0},{"damage":8.0,"enemies":"Gremlin Nob","floor":8.0,"turns":3.0},{"damage":3.0,"enemies":"Lots of Slimes","floor":10.0,"turns":2.0},{"damage":0.0,"enemies":"Exordium Wildlife","floor":13.0,"turns":3.0},{"damage":0.0,"enemies":"Blue Slaver","floor":14.0,"turns":2.0},{"damage":1.0,"enemies":"Slime Boss","floor":16.0,"turns":7.0},{"damage":10.0,"enemies":"Spheric Guardian","floor":18.0,"turns":4.0},{"damage":0.0,"enemies":"3 Byrds","floor":22.0,"turns":3.0},{"damage":26.0,"enemies":"Replay:Snechameleon","floor":23.0,"turns":6.0},{"damage":40.0,"enemies":"Shelled Parasite and Fungi","floor":24.0,"turns":5.0},{"damage":25.0,"enemies":"Slavers","floor":25.0,"turns":6.0},{"damage":0.0,"enemies":"3 Cultists","floor":28.0,"turns":4.0},{"damage":10.0,"enemies":"Snecko","floor":30.0,"turns":4.0},{"damage":59.0,"enemies":"Collector","floor":33.0,"turns":9.0},{"damage":10.0,"enemies":"Orb Walker","floor":35.0,"turns":3.0},{"damage":13.0,"enemies":"3 Shapes","floor":37.0,"turns":3.0},{"damage":40.0,"enemies":"R_Hoarder","floor":40.0,"turns":7.0},{"damage":12.0,"enemies":"Sphere and 2 Shapes","floor":41.0,"turns":6.0},{"damage":24.0,"enemies":"4 Shapes","floor":44.0,"turns":3.0},{"damage":25.0,"enemies":"Transient","floor":45.0,"turns":5.0},{"damage":10.0,"enemies":"Giant Head","floor":47.0,"turns":6.0},{"damage":33.0,"enemies":"Writhing Mass","floor":48.0,"turns":6.0},{"damage":70,"enemies":"Time Eater","floor":50,"turns":9}],"seed_played":"-5843304847242030147","potions_obtained":[{"floor":5.0,"key":"champ:CounterPotion"},{"floor":7.0,"key":"LiquidMemories"},{"floor":13.0,"key":"AttackPotion"},{"floor":14.0,"key":"FearPotion"},{"floor":16.0,"key":"LiquidMemories"},{"floor":22.0,"key":"Adrenaline Potion"},{"floor":23.0,"key":"GamblersBrew"},{"floor":28.0,"key":"sneckomod:MuddlingPotion"},{"floor":33.0,"key":"Slimebound:ThreeZeroPotion"},{"floor":34.0,"key":"DuplicationPotion"},{"floor":41.0,"key":"SkillPotion"},{"floor":44.0,"key":"DemoMod:BlankPotion"},{"floor":45.0,"key":"DemoMod:LeadSkinPotion"}],"is_trial":false,"path_per_floor":["M","$","?","?","M","E","M","E","T","M","$","R","M","M","R","B",null,"M","?","?","?","M","E","M","E","T","?","M","R","M","?","R","B",null,"M","?","M","?","$","E","M","$","T","M","M","?","E","M","R","B"],"character_chosen":"RobotSpaceExplorer","items_purchased":["RobotSpaceExplorer:ScrapToss","Nunchaku","War Paint","Guide Book","RobotSpaceExplorer:DualCore","Toxic Egg 2","TheAbacus"],"campfire_rested":2,"item_purchase_floors":[2,11,11,39,39,42,42],"current_hp_per_floor":[48,48,33,33,33,25,24,16,16,13,13,13,13,13,35,40,75,65,52,52,44,47,40,27,26,26,26,35,52,53,53,53,28,62,52,44,37,42,42,26,39,39,39,34,42,32,48,41,41,0,0],"gold":166,"neow_bonus":"ONE_RARE_RELIC","is_daily":false,"chose_seed":false,"campfire_upgraded":2,"win_rate":0.0,"timestamp":1610250996,"path_taken":["M","$","?","?","M","E","M","E","T","?","?","R","M","M","R","BOSS","M","?","?","?","M","E","M","E","T","?","?","R","M","?","R","BOSS","M","?","M","?","$","E","M","$","T","M","M","?","E","M","R","BOSS"],"items_purchased_type":["Card","Relic","Relic","Relic","Card","Relic","Relic"],"build_version":"2020-12-22","purchased_purges":0,"victory":false,"max_hp_per_floor":[75,75,75,75,75,75,75,75,75,75,75,75,75,75,75,75,75,75,52,52,57,57,57,57,57,57,57,57,57,57,57,57,57,62,62,62,62,62,62,62,62,62,62,62,62,62,69,69,69,69,69],"card_choices":[{"not_picked":["RobotSpaceExplorer:ScrapMissile","RobotSpaceExplorer:Ammunition"],"picked":"RobotSpaceExplorer:DoubleFind","floor":1.0},{"not_picked":["RobotSpaceExplorer:MakeshiftVolley","RobotSpaceExplorer:ScrapMissile"],"picked":"RobotSpaceExplorer:StarLightning","floor":4.0},{"not_picked":["RobotSpaceExplorer:GlueShot","RobotSpaceExplorer:ShovelStrike"],"picked":"RobotSpaceExplorer:SurgingStrike","floor":5.0},{"not_picked":["RobotSpaceExplorer:FranticSearch","RobotSpaceExplorer:SwiftStep"],"picked":"RobotSpaceExplorer:ImprovisedAttack","floor":6.0},{"not_picked":["RobotSpaceExplorer:Ammunition","RobotSpaceExplorer:SlimeMissile"],"picked":"RobotSpaceExplorer:SwiftStep","floor":7.0},{"not_picked":["RobotSpaceExplorer:StunGrenade","RobotSpaceExplorer:FrostMissile"],"picked":"RobotSpaceExplorer:Fix","floor":8.0},{"not_picked":["RobotSpaceExplorer:Ammunition","RobotSpaceExplorer:MiniDrones"],"picked":"RobotSpaceExplorer:LaserBurst","floor":10.0},{"not_picked":["RobotSpaceExplorer:Discharger","RobotSpaceExplorer:RigExplosive"],"picked":"RobotSpaceExplorer:IronShell","floor":13.0},{"not_picked":["RobotSpaceExplorer:ShockMissile","RobotSpaceExplorer:SurgingShield"],"picked":"RobotSpaceExplorer:FranticSearch","floor":14.0},{"not_picked":["RobotSpaceExplorer:Blaster","RobotSpaceExplorer:ShockMissile"],"picked":"RobotSpaceExplorer:Exploration","floor":16.0},{"not_picked":["RobotSpaceExplorer:GlueShot","RobotSpaceExplorer:GlueSpray"],"picked":"RobotSpaceExplorer:MetalStrike+1","floor":18.0},{"not_picked":["RobotSpaceExplorer:Blitz+1","RobotSpaceExplorer:IronShell"],"picked":"RobotSpaceExplorer:Fix","floor":22.0},{"not_picked":["RobotSpaceExplorer:Calculate","RobotSpaceExplorer:FrostMissile+1"],"picked":"RobotSpaceExplorer:Probe+1","floor":23.0},{"not_picked":["RobotSpaceExplorer:SwiftStep+1","RobotSpaceExplorer:SurgingShield"],"picked":"RobotSpaceExplorer:Probe+1","floor":24.0},{"not_picked":["RobotSpaceExplorer:MakeshiftVolley+1","RobotSpaceExplorer:PowerCollector"],"picked":"RobotSpaceExplorer:LaserBurst+1","floor":25.0},{"not_picked":["RobotSpaceExplorer:GlueShot","RobotSpaceExplorer:SurgingShield"],"picked":"RobotSpaceExplorer:ScrapMissile+1","floor":28.0},{"not_picked":["RobotSpaceExplorer:FranticSearch","RobotSpaceExplorer:FrostMissile+1","RobotSpaceExplorer:SwiftStep"],"picked":"SKIP","floor":30.0},{"not_picked":["RobotSpaceExplorer:Scanner","RobotSpaceExplorer:ShockMissile+1"],"picked":"RobotSpaceExplorer:ChargingLaser+1","floor":33.0},{"not_picked":["RobotSpaceExplorer:PlasmaMissile+1","RobotSpaceExplorer:SwiftStep"],"picked":"RobotSpaceExplorer:SurgingShield","floor":34.0},{"not_picked":["RobotSpaceExplorer:SelfCleaning+1","RobotSpaceExplorer:RigExplosive+1"],"picked":"RobotSpaceExplorer:Ammunition+1","floor":35.0},{"not_picked":["RobotSpaceExplorer:SurgingShield","RobotSpaceExplorer:Discharger+1"],"picked":"RobotSpaceExplorer:MiniDrones+1","floor":37.0},{"not_picked":["RobotSpaceExplorer:Probe+1","RobotSpaceExplorer:ImprovisedAttack+1"],"picked":"RobotSpaceExplorer:Reload","floor":40.0},{"not_picked":["RobotSpaceExplorer:FranticSearch+1","RobotSpaceExplorer:ImprovisedAttack+1"],"picked":"RobotSpaceExplorer:Probe+1","floor":41.0},{"not_picked":["RobotSpaceExplorer:LaserBurst+1","RobotSpaceExplorer:GlueSpray+1","RobotSpaceExplorer:SurgingStrike+1"],"picked":"SKIP","floor":44.0},{"not_picked":["RobotSpaceExplorer:FrostMissile+1","RobotSpaceExplorer:Probe+1"],"picked":"RobotSpaceExplorer:IronShell+1","floor":45.0},{"not_picked":["Impatience+1","expansioncontent:Torchfire+1"],"picked":"Replay:SS_fish_2+1","floor":46.0},{"not_picked":["HandOfGreed+1","ReplayTheSpireMod:Uncanny Aura+1"],"picked":"expansioncontent:DarkVoid+1","floor":46.0},{"not_picked":["expansioncontent:DefensiveStance","expansioncontent:CaCaw"],"picked":"Finesse+1","floor":46.0},{"not_picked":["RobotSpaceExplorer:SlimeMissile+1","RobotSpaceExplorer:TurboDodge+1","RobotSpaceExplorer:Electropulse+1"],"picked":"SKIP","floor":47.0},{"not_picked":["RobotSpaceExplorer:GlueSpray+1","RobotSpaceExplorer:Fix+1"],"picked":"RobotSpaceExplorer:Ammunition+1","floor":48.0}],"player_experience":260012,"relics_obtained":[{"floor":6.0,"key":"DemoMod:WeirdEgg"},{"floor":8.0,"key":"Boot"},{"floor":9.0,"key":"Replay:Wax Seal"},{"floor":18.0,"key":"Molten Egg 2"},{"floor":23.0,"key":"DemoMod:DecoyRelic"},{"floor":23.0,"key":"Meat on the Bone"},{"floor":25.0,"key":"RobotSpaceExplorer:PlasmaHourglass"},{"floor":25.0,"key":"RobotSpaceExplorer:ClockworkSextant"},{"floor":40.0,"key":"DemoMod:MeltedRock"},{"floor":40.0,"key":"PreservedInsect"},{"floor":43.0,"key":"Juzu Bracelet"},{"floor":47.0,"key":"DemoMod:MonsterBlood"}],"event_choices":[{"damage_healed":0.0,"max_hp_gain":0.0,"max_hp_loss":0.0,"gold_gain":0.0,"event_name":"Shining Light","player_choice":"Entered Light","floor":3.0,"gold_loss":0.0,"damage_taken":15.0,"cards_upgraded":["RobotSpaceExplorer:Strike","RobotSpaceExplorer:Strike"]},{"damage_healed":0.0,"max_hp_gain":0.0,"max_hp_loss":23.0,"gold_gain":0.0,"event_name":"Vampires","player_choice":"Became a vampire","floor":19.0,"gold_loss":0.0,"damage_taken":0.0,"cards_obtained":["Bite","Bite","Bite","Bite","Bite"]},{"cards_removed":["ReplayTheSpireMod:Splinters"],"damage_healed":0.0,"max_hp_gain":0.0,"max_hp_loss":0.0,"gold_gain":0.0,"event_name":"Beggar","player_choice":"Gave Gold","floor":20.0,"gold_loss":75.0,"damage_taken":0.0},{"damage_healed":0.0,"max_hp_gain":5.0,"max_hp_loss":0.0,"gold_gain":0.0,"event_name":"Forgotten Altar","player_choice":"Shed Blood","floor":21.0,"gold_loss":0.0,"damage_taken":13.0},{"damage_healed":0.0,"max_hp_gain":0.0,"max_hp_loss":0.0,"gold_gain":0.0,"event_name":"FaceTrader","player_choice":"Trade","floor":27.0,"gold_loss":0.0,"damage_taken":0.0,"relics_obtained":["GremlinMask"]},{"damage_healed":0.0,"max_hp_gain":0.0,"max_hp_loss":0.0,"gold_gain":0.0,"event_name":"Winding Halls","player_choice":"Embrace Madness","floor":36.0,"gold_loss":0.0,"damage_taken":8.0,"cards_obtained":["Madness","Madness"]},{"cards_removed":["RobotSpaceExplorer:SurgingStrike"],"damage_healed":5.0,"max_hp_gain":0.0,"max_hp_loss":0.0,"gold_gain":0.0,"event_name":"Bonfire Elementals","player_choice":"Offered Common","floor":38.0,"gold_loss":0.0,"damage_taken":0.0},{"cards_removed":["RobotSpaceExplorer:SurgingStrike"],"damage_healed":5.0,"max_hp_gain":0.0,"max_hp_loss":0.0,"gold_gain":0.0,"event_name":"Bonfire Elementals","player_choice":"Offered Special","floor":38.0,"gold_loss":0.0,"damage_taken":0.0},{"damage_healed":0.0,"max_hp_gain":0.0,"max_hp_loss":0.0,"gold_gain":0.0,"event_name":"SensoryStone","player_choice":"Memory 3","floor":46.0,"gold_loss":0.0,"damage_taken":10.0}],"is_beta":false,"boss_relics":[{"not_picked":["RobotSpaceExplorer:Reprocessor","Velvet Choker"],"picked":"Black Star"},{"not_picked":["ReplayTheSpireMod:DimensionalGlitch","Calling Bell"],"picked":"Tiny House"}],"items_purged_floors":[],"is_endless":false,"potions_floor_spawned":[5,7,13,14,16,22,23,28,33,41,44,45,47],"killed_by":"Time Eater","ascension_level":0}}