{"host":"Ian","time":1610273959,"event":{"mods":["BaseMod","Bestiary","Block Reminder","Colored Map","Highlight Path","Key Reminder","Minty Spire (QoL Compilation)","Relic Stats"],"gold_per_floor":[111,111,130,149,161,161,190,204,204,232,247,247,267,294,294,371,371,384,409,170,170,188,188,188,213,213,34,66,84,84,101,101,178,178,197,197,213,232,232,232,263,163,163,196,208,221,443,472,472,472,472,472,472,29,55,55],"floor_reached":57,"playtime":3422,"items_purged":["Strike_R","Strike_R","Defend_R"],"score":2979,"play_id":"06beb883-2638-4060-b5a3-8aa4fe182b5a","local_time":"20210110101919","is_ascension_mode":true,"campfire_choices":[{"data":"Uppercut","floor":6.0,"key":"SMITH"},{"data":"Flame Barrier","floor":12.0,"key":"SMITH"},{"data":"Pommel Strike","floor":15.0,"key":"SMITH"},{"data":"Barricade","floor":23.0,"key":"SMITH"},{"data":"Metallicize","floor":32.0,"key":"SMITH"},{"data":"Demon Form","floor":40.0,"key":"SMITH"},{"floor":49.0,"key":"RECALL"},{"data":"Flame Barrier","floor":53.0,"key":"SMITH"}],"circlet_count":0,"master_deck":["AscendersBane","Defend_R","Defend_R","Defend_R","Bash","Carnage+1","Armaments+1","Uppercut+1","Flame Barrier+1","Pommel Strike+1","Fiend Fire","Barricade+1","Metallicize+1","True Grit","Impervious","Whirlwind+1","Feed","Feel No Pain+1","Demon Form+1","Warcry+1","Shockwave","Flame Barrier+1","Corruption"],"relics":["Velvet Choker","Dead Branch","InkBottle","Blue Candle","Kunai","Runic Pyramid","Red Mask","Lee\u0027s Waffle","Boot","Gremlin Horn","Eternal Feather","Sozu","Nunchaku","Turnip","Orichalcum","Oddly Smooth Stone","Anchor","Art of War"],"acts_visited":["Exordium","TheCity","TheBeyond","TheEnding"],"potions_floor_usage":[56],"damage_taken":[{"damage":9.0,"enemies":"2 Louse","floor":1.0,"turns":2.0},{"damage":0.0,"enemies":"Cultist","floor":3.0,"turns":2.0},{"damage":0.0,"enemies":"Small Slimes","floor":4.0,"turns":2.0},{"damage":1.0,"enemies":"Looter","floor":5.0,"turns":2.0},{"damage":5.0,"enemies":"3 Sentries","floor":7.0,"turns":8.0},{"damage":0.0,"enemies":"Red Slaver","floor":8.0,"turns":2.0},{"damage":6.0,"enemies":"Gremlin Nob","floor":10.0,"turns":3.0},{"damage":0.0,"enemies":"3 Louse","floor":11.0,"turns":3.0},{"damage":0.0,"enemies":"Exordium Wildlife","floor":13.0,"turns":3.0},{"damage":12.0,"enemies":"Lagavulin","floor":14.0,"turns":5.0},{"damage":0.0,"enemies":"Hexaghost","floor":16.0,"turns":7.0},{"damage":0.0,"enemies":"Chosen","floor":18.0,"turns":4.0},{"damage":49.0,"enemies":"Masked Bandits","floor":19.0,"turns":4.0},{"damage":0.0,"enemies":"Spheric Guardian","floor":22.0,"turns":4.0},{"damage":23.0,"enemies":"Slavers","floor":25.0,"turns":7.0},{"damage":2.0,"enemies":"Gremlin Leader","floor":28.0,"turns":8.0},{"damage":0.0,"enemies":"Centurion and Healer","floor":29.0,"turns":5.0},{"damage":0.0,"enemies":"Snake Plant","floor":31.0,"turns":4.0},{"damage":8.0,"enemies":"Automaton","floor":33.0,"turns":5.0},{"damage":3.0,"enemies":"Orb Walker","floor":35.0,"turns":3.0},{"damage":22.0,"enemies":"3 Darklings","floor":37.0,"turns":5.0},{"damage":1.0,"enemies":"Maw","floor":38.0,"turns":8.0},{"damage":10.0,"enemies":"Nemesis","floor":41.0,"turns":7.0},{"damage":4.0,"enemies":"Reptomancer","floor":44.0,"turns":4.0},{"damage":10.0,"enemies":"Transient","floor":45.0,"turns":6.0},{"damage":5.0,"enemies":"4 Shapes","floor":46.0,"turns":6.0},{"damage":0.0,"enemies":"Nemesis","floor":48.0,"turns":9.0},{"damage":17.0,"enemies":"Time Eater","floor":50.0,"turns":14.0},{"damage":12.0,"enemies":"Awakened One","floor":51.0,"turns":8.0},{"damage":21.0,"enemies":"Shield and Spear","floor":55.0,"turns":6.0},{"damage":24,"enemies":"The Heart","floor":56,"turns":10}],"seed_played":"-7798897972994755262","potions_obtained":[{"floor":1.0,"key":"SmokeBomb"},{"floor":10.0,"key":"LiquidBronze"},{"floor":13.0,"key":"Dexterity Potion"},{"floor":25.0,"key":"HeartOfIron"},{"floor":31.0,"key":"SteroidPotion"}],"is_trial":false,"path_per_floor":["M","?","M","M","M","R","E","M","T","E","M","R","M","E","R","B",null,"M","?","$","?","M","R","?","E","T","$","E","M","?","M","R","B",null,"M","?","M","M","?","R","E","$","T","E","M","M","?","E","R","B","B",null,"R","$","E","B",null],"character_chosen":"IRONCLAD","items_purchased":["Lee\u0027s Waffle","Impervious","Oddly Smooth Stone","Anchor"],"campfire_rested":0,"item_purchase_floors":[20,27,54,54],"current_hp_per_floor":[59,59,59,59,58,58,53,53,53,47,47,47,47,35,35,35,65,65,16,82,82,82,82,82,59,59,59,57,57,57,57,66,58,76,76,76,58,61,61,73,67,67,67,66,56,54,54,58,70,57,45,95,107,107,86,62],"gold":55,"neow_bonus":"BOSS_RELIC","is_daily":false,"chose_seed":false,"campfire_upgraded":7,"win_rate":0.0,"timestamp":1610273959,"path_taken":["M","?","M","M","M","R","E","M","T","E","?","R","M","E","R","BOSS","M","?","$","?","?","R","?","E","T","?","E","M","?","?","R","BOSS","M","?","M","?","?","R","E","$","T","E","M","M","?","E","R","BOSS","BOSS","R","$","E","BOSS"],"items_purchased_type":["Relic","Card","Relic","Relic"],"build_version":"2020-12-18","purchased_purges":3,"victory":true,"max_hp_per_floor":[75,75,75,75,75,75,75,75,75,75,75,75,75,75,75,75,75,75,75,82,82,82,82,82,82,82,82,82,82,82,82,82,82,82,85,85,89,93,93,93,97,97,97,100,100,103,103,107,107,111,111,111,111,111,111,111],"relic_stats":{"Lee\u0027s Waffle":66,"Gremlin Horn":[19,25],"counters":[31,166],"Dead Branch":[272],"Blue Candle":[0],"Eternal Feather":45,"Orichalcum":[18],"Boot":[19],"Sozu":5,"Nunchaku":[9],"Turnip":[6],"Art of War":[3],"Kunai":[31],"obtain_stats":[{"Lee\u0027s Waffle":20,"Gremlin Horn":26,"Dead Branch":7,"Blue Candle":10,"Velvet Choker":0,"Oddly Smooth Stone":54,"Eternal Feather":28,"Orichalcum":48,"Boot":25,"Burning Blood":0,"Sozu":34,"keyreminder:keyreminder":41,"Nunchaku":41,"Anchor":54,"Turnip":44,"Red Mask":19,"Art of War":55,"Kunai":14,"InkBottle":9,"Runic Pyramid":17},{"Lee\u0027s Waffle":13,"Gremlin Horn":15,"Dead Branch":5,"Blue Candle":7,"Velvet Choker":0,"Oddly Smooth Stone":29,"Eternal Feather":16,"Orichalcum":27,"Boot":15,"Burning Blood":0,"Sozu":19,"keyreminder:keyreminder":23,"Nunchaku":23,"Anchor":29,"Turnip":24,"Red Mask":13,"Art of War":30,"Kunai":10,"InkBottle":6,"Runic Pyramid":11},{"Lee\u0027s Waffle":47,"Gremlin Horn":58,"Dead Branch":16,"Blue Candle":21,"Velvet Choker":0,"Oddly Smooth Stone":150,"Eternal Feather":66,"Orichalcum":128,"Boot":58,"Burning Blood":0,"Sozu":80,"keyreminder:keyreminder":103,"Nunchaku":103,"Anchor":150,"Turnip":107,"Red Mask":47,"Art of War":156,"Kunai":32,"InkBottle":18,"Runic Pyramid":39}],"InkBottle":[49]},"card_choices":[{"not_picked":["Sword Boomerang","Body Slam"],"picked":"Carnage","floor":1.0},{"not_picked":["Sword Boomerang","Anger"],"picked":"Armaments","floor":3.0},{"not_picked":["Anger","Double Tap"],"picked":"Uppercut","floor":4.0},{"not_picked":["Clothesline","Armaments","Carnage"],"picked":"SKIP","floor":5.0},{"not_picked":["Dual Wield","Heavy Blade","Flex"],"picked":"SKIP","floor":7.0},{"not_picked":["Flex","Perfected Strike","Sever Soul"],"picked":"SKIP","floor":8.0},{"not_picked":["Clash","Dropkick"],"picked":"Flame Barrier","floor":10.0},{"not_picked":["Intimidate","Thunderclap","Bloodletting"],"picked":"SKIP","floor":11.0},{"not_picked":["Second Wind","Searing Blow"],"picked":"Pommel Strike","floor":13.0},{"not_picked":["Wild Strike","Pommel Strike"],"picked":"Fiend Fire","floor":14.0},{"not_picked":["Reaper","Brutality"],"picked":"Barricade","floor":16.0},{"not_picked":["Clothesline","Flex","Warcry"],"picked":"SKIP","floor":18.0},{"not_picked":["Dual Wield","Armaments"],"picked":"Metallicize","floor":19.0},{"not_picked":["Iron Wave","Bloodletting"],"picked":"True Grit","floor":22.0},{"not_picked":["Sword Boomerang","Clothesline","Havoc+1"],"picked":"SKIP","floor":25.0},{"not_picked":["Barricade","Clash"],"picked":"Whirlwind+1","floor":28.0},{"not_picked":["Burning Pact","Armaments","Twin Strike"],"picked":"SKIP","floor":29.0},{"not_picked":["Burning Pact","Armaments","Twin Strike"],"picked":"SKIP","floor":29.0},{"not_picked":["Iron Wave","Sever Soul","Sword Boomerang"],"picked":"SKIP","floor":31.0},{"not_picked":["Immolate","Reaper"],"picked":"Feed","floor":33.0},{"not_picked":["Disarm+1","Heavy Blade"],"picked":"Feel No Pain+1","floor":35.0},{"not_picked":["Wild Strike","Armaments+1","Clothesline"],"picked":"SKIP","floor":37.0},{"not_picked":["True Grit","Cleave","Evolve"],"picked":"SKIP","floor":38.0},{"not_picked":["Perfected Strike","Twin Strike"],"picked":"Warcry+1","floor":41.0},{"not_picked":["Burning Pact+1","Armaments+1"],"picked":"Shockwave","floor":44.0},{"not_picked":["Pommel Strike+1","Anger"],"picked":"Flame Barrier","floor":45.0},{"not_picked":["Pommel Strike","Spot Weakness","Anger"],"picked":"SKIP","floor":46.0},{"not_picked":["Sword Boomerang","Cleave","Seeing Red"],"picked":"SKIP","floor":48.0},{"not_picked":["Infernal Blade","Clash"],"picked":"Corruption","floor":55.0}],"player_experience":2660411,"relics_obtained":[{"floor":7.0,"key":"Dead Branch"},{"floor":9.0,"key":"InkBottle"},{"floor":10.0,"key":"Blue Candle"},{"floor":14.0,"key":"Kunai"},{"floor":19.0,"key":"Red Mask"},{"floor":25.0,"key":"Boot"},{"floor":26.0,"key":"Gremlin Horn"},{"floor":28.0,"key":"Eternal Feather"},{"floor":41.0,"key":"Nunchaku"},{"floor":44.0,"key":"Turnip"},{"floor":48.0,"key":"Orichalcum"},{"floor":55.0,"key":"Art of War"}],"event_choices":[{"damage_healed":0.0,"max_hp_gain":0.0,"max_hp_loss":0.0,"gold_gain":0.0,"event_name":"Upgrade Shrine","player_choice":"Upgraded","floor":2.0,"gold_loss":0.0,"damage_taken":0.0,"cards_upgraded":["Carnage"]},{"damage_healed":0.0,"max_hp_gain":0.0,"max_hp_loss":0.0,"gold_gain":0.0,"event_name":"Masked Bandits","player_choice":"Fought Bandits","floor":19.0,"gold_loss":0.0,"damage_taken":0.0},{"damage_healed":0.0,"max_hp_gain":0.0,"max_hp_loss":0.0,"gold_gain":0.0,"event_name":"Accursed Blacksmith","player_choice":"Forge","floor":21.0,"gold_loss":0.0,"damage_taken":0.0,"cards_upgraded":["Armaments"]},{"cards_removed":["Strike_R"],"damage_healed":0.0,"max_hp_gain":0.0,"max_hp_loss":0.0,"gold_gain":0.0,"event_name":"Back to Basics","player_choice":"Elegance","floor":24.0,"gold_loss":0.0,"damage_taken":0.0},{"cards_removed":["Strike_R"],"damage_healed":0.0,"max_hp_gain":0.0,"max_hp_loss":0.0,"gold_gain":0.0,"event_name":"Purifier","player_choice":"Purged","floor":30.0,"gold_loss":0.0,"damage_taken":0.0},{"damage_healed":0.0,"max_hp_gain":0.0,"max_hp_loss":0.0,"gold_gain":0.0,"event_name":"Match and Keep!","player_choice":"1 cards matched","floor":36.0,"gold_loss":0.0,"damage_taken":0.0,"cards_obtained":["Demon Form"]},{"cards_removed":["Strike_R"],"damage_healed":0.0,"max_hp_gain":0.0,"max_hp_loss":0.0,"gold_gain":0.0,"event_name":"Falling","player_choice":"Removed Attack","floor":39.0,"gold_loss":0.0,"damage_taken":0.0},{"damage_healed":0.0,"max_hp_gain":0.0,"max_hp_loss":0.0,"gold_gain":222.0,"event_name":"Tomb of Lord Red Mask","player_choice":"Wore Mask","floor":47.0,"gold_loss":0.0,"damage_taken":0.0}],"is_beta":true,"boss_relics":[{"not_picked":["Ectoplasm","Pandora\u0027s Box"],"picked":"Runic Pyramid"},{"not_picked":["SlaversCollar","Runic Cube"],"picked":"Sozu"}],"items_purged_floors":[20,42,54],"is_endless":false,"potions_floor_spawned":[1,10,13,18,22,25,29,31,35,44,46,48,55],"ascension_level":20}}