{"host":"2tgyrzvaa7l04o2e","time":1610289553,"event":{"mods":["BaseMod","Highlight Path","Minty Spire (QoL Compilation)","Permanent Neow","Relic Stats"],"gold_per_floor":[118,133,98,148,159,159,194,212,212,212,230,259,259,269,269,346,346,364,314,329,329,343,361,361,393,393,393,420,420,510,545,545,619,619,632,632,632,649,407,441,441,460,486,486,486,486],"floor_reached":45,"playtime":2340,"items_purged":["Strike_G"],"score":1222,"play_id":"8ac7cd63-beb3-4fb8-8d7b-47a420f06238","local_time":"20210110153913","is_ascension_mode":true,"campfire_choices":[{"data":"Bouncing Flask","floor":6,"key":"SMITH"},{"floor":10,"key":"REST"},{"data":"Catalyst","floor":13,"key":"SMITH"},{"data":"Neutralize","floor":15,"key":"SMITH"},{"data":"Footwork","floor":24,"key":"SMITH"},{"floor":32,"key":"RECALL"},{"data":"Survivor","floor":41,"key":"SMITH"},{"data":"Defend_G","floor":44,"key":"SMITH"}],"circlet_count":0,"master_deck":["AscendersBane","Strike_G","Strike_G","Strike_G","Strike_G","Defend_G","Defend_G","Defend_G","Defend_G+1","Survivor+1","Neutralize+1","Quick Slash","Flying Knee","Bouncing Flask+1","Catalyst+1","Venomology+1","Blade Dance+1","Calculated Gamble+1","Adrenaline+1","Dodge and Roll+1","Backflip+1","Catalyst+1","Deflect+1","Footwork+1","Backflip+1","Dodge and Roll+1","Bullet Time+1","Dash+1","Escape Plan+1","Doubt"],"relics":["Ring of the Snake","Nunchaku","Eternal Feather","Toxic Egg 2","Mercury Hourglass","Coffee Dripper","Darkstone Periapt","Meat on the Bone","Nilry\u0027s Codex","Juzu Bracelet","TungstenRod","Cursed Key","Blood Vial","Unceasing Top"],"acts_visited":["Exordium","TheCity","TheBeyond"],"potions_floor_usage":[8,12,16,16,16,23,23,23,28,28,28,31,31,31,33,40,40,45],"damage_taken":[{"damage":3,"enemies":"Small Slimes","floor":1,"turns":5},{"damage":11,"enemies":"Cultist","floor":2,"turns":5},{"damage":2,"enemies":"Jaw Worm","floor":5,"turns":5},{"damage":36,"enemies":"Gremlin Nob","floor":7,"turns":4},{"damage":10,"enemies":"Large Slime","floor":8,"turns":4},{"damage":2,"enemies":"Red Slaver","floor":11,"turns":4},{"damage":4,"enemies":"Lagavulin","floor":12,"turns":5},{"damage":0,"enemies":"2 Fungi Beasts","floor":14,"turns":2},{"damage":17,"enemies":"The Guardian","floor":16,"turns":7},{"damage":9,"enemies":"2 Thieves","floor":18,"turns":2},{"damage":7,"enemies":"Shell Parasite","floor":20,"turns":2},{"damage":2,"enemies":"Snake Plant","floor":22,"turns":4},{"damage":0,"enemies":"Snecko","floor":23,"turns":3},{"damage":0,"enemies":"Book of Stabbing","floor":25,"turns":4},{"damage":9,"enemies":"Slavers","floor":28,"turns":4},{"damage":22,"enemies":"Gremlin Leader","floor":31,"turns":7},{"damage":0,"enemies":"Champ","floor":33,"turns":7},{"damage":4,"enemies":"Orb Walker","floor":35,"turns":2},{"damage":2,"enemies":"3 Shapes","floor":38,"turns":5},{"damage":90,"enemies":"Reptomancer","floor":40,"turns":6},{"damage":13,"enemies":"Sphere and 2 Shapes","floor":42,"turns":6},{"damage":89,"enemies":"Giant Head","floor":45,"turns":9}],"seed_played":"8217457264698547232","potions_obtained":[{"floor":7,"key":"Regen Potion"},{"floor":8,"key":"Strength Potion"},{"floor":12,"key":"FearPotion"},{"floor":16,"key":"GamblersBrew"},{"floor":18,"key":"SpeedPotion"},{"floor":22,"key":"AttackPotion"},{"floor":23,"key":"Block Potion"},{"floor":29,"key":"EssenceOfSteel"},{"floor":29,"key":"Poison Potion"},{"floor":31,"key":"FairyPotion"}],"is_trial":false,"path_per_floor":["M","M","?","?","M","R","E","M","T","R","M","E","R","M","R","B",null,"M","$","M","?","M","M","R","E","T","?","E","?","?","E","R","B",null,"M","?","?","M","$","E","R","M","T","R","E"],"character_chosen":"THE_SILENT","items_purchased":["Backflip+1","Blood Vial"],"campfire_rested":1,"item_purchase_floors":[19,39],"current_hp_per_floor":[56,45,61,55,53,53,17,21,21,49,47,43,52,52,64,47,61,52,52,45,45,43,43,58,58,58,37,40,40,28,18,33,45,61,57,57,57,55,55,16,31,32,38,56,0,0],"gold":486,"neow_bonus":"RANDOM_COMMON_RELIC","is_daily":false,"chose_seed":false,"campfire_upgraded":6,"win_rate":0.0,"timestamp":1610289553,"path_taken":["M","M","?","?","M","R","E","?","T","R","M","E","R","M","R","BOSS","M","$","M","?","?","M","R","E","T","?","E","?","?","E","R","BOSS","M","?","?","M","$","E","R","M","T","R","E"],"items_purchased_type":["Card","Relic"],"build_version":"2020-12-22","purchased_purges":1,"victory":false,"max_hp_per_floor":[66,66,66,66,66,66,66,66,66,66,66,66,66,66,66,66,66,66,66,66,66,66,66,66,66,66,66,66,66,66,66,66,66,66,66,66,63,63,63,63,63,63,69,69,69,69],"relic_stats":{"Darkstone Periapt":6,"counters":[22,102],"Eternal Feather":93,"Juzu Bracelet":1,"Cursed Key":1,"Mercury Hourglass":[281],"Blood Vial":6,"Nunchaku":[23],"obtain_stats":[{"Darkstone Periapt":25,"Nilry\u0027s Codex":27,"Eternal Feather":7,"Juzu Bracelet":28,"Cursed Key":34,"Mercury Hourglass":12,"Blood Vial":39,"Nunchaku":0,"Coffee Dripper":17,"Toxic Egg 2":9,"TungstenRod":31,"Unceasing Top":40,"Ring of the Snake":0,"Meat on the Bone":26},{"Darkstone Periapt":14,"Nilry\u0027s Codex":14,"Eternal Feather":4,"Juzu Bracelet":15,"Cursed Key":17,"Mercury Hourglass":7,"Blood Vial":19,"Nunchaku":0,"Coffee Dripper":9,"Toxic Egg 2":5,"TungstenRod":16,"Unceasing Top":20,"Ring of the Snake":0,"Meat on the Bone":14},{"Darkstone Periapt":56,"Nilry\u0027s Codex":56,"Eternal Feather":19,"Juzu Bracelet":60,"Cursed Key":74,"Mercury Hourglass":32,"Blood Vial":81,"Nunchaku":0,"Coffee Dripper":41,"Toxic Egg 2":23,"TungstenRod":67,"Unceasing Top":87,"Ring of the Snake":0,"Meat on the Bone":56}],"TungstenRod":15,"Unceasing Top":[3],"Ring of the Snake":[44],"Meat on the Bone":48},"card_choices":[{"not_picked":["Deflect","PiercingWail"],"picked":"Quick Slash","floor":1},{"not_picked":["Quick Slash","Bane"],"picked":"Flying Knee","floor":2},{"not_picked":["Concentrate","Endless Agony"],"picked":"Bouncing Flask","floor":5},{"not_picked":["Well Laid Plans","Tactician"],"picked":"Catalyst","floor":7},{"not_picked":["Bane","Acrobatics","Accuracy"],"picked":"SKIP","floor":8},{"not_picked":["Deflect+1","Quick Slash"],"picked":"Venomology+1","floor":11},{"not_picked":["Choke","Flechettes"],"picked":"Blade Dance+1","floor":12},{"not_picked":["Flying Knee","Skewer"],"picked":"Calculated Gamble+1","floor":14},{"not_picked":["Venomology+1","After Image"],"picked":"Adrenaline+1","floor":16},{"not_picked":["Blade Dance+1","Quick Slash"],"picked":"Dodge and Roll+1","floor":18},{"not_picked":["Flechettes","Deadly Poison+1"],"picked":"Catalyst+1","floor":20},{"not_picked":["Dash","Quick Slash"],"picked":"Deflect+1","floor":22},{"not_picked":["Outmaneuver+1","Quick Slash"],"picked":"Footwork","floor":23},{"not_picked":["Underhanded Strike","Bane"],"picked":"Backflip+1","floor":25},{"not_picked":["Blur+1","All Out Attack"],"picked":"Dodge and Roll+1","floor":28},{"not_picked":["Predator","Choke","Bane"],"picked":"SKIP","floor":31},{"not_picked":["Doppelganger+1","Tools of the Trade"],"picked":"Bullet Time+1","floor":33},{"not_picked":["Catalyst+1","All Out Attack","Underhanded Strike+1"],"picked":"SKIP","floor":35},{"not_picked":["Dodge and Roll+1","Sucker Punch","Outmaneuver+1"],"picked":"SKIP","floor":38},{"not_picked":["Caltrops+1","Reflex+1"],"picked":"Dash+1","floor":40},{"not_picked":["Blade Dance+1","Dodge and Roll+1"],"picked":"Escape Plan+1","floor":42}],"player_experience":565895,"relics_obtained":[{"floor":7,"key":"Eternal Feather"},{"floor":9,"key":"Toxic Egg 2"},{"floor":12,"key":"Mercury Hourglass"},{"floor":25,"key":"Darkstone Periapt"},{"floor":26,"key":"Meat on the Bone"},{"floor":27,"key":"Nilry\u0027s Codex"},{"floor":28,"key":"Juzu Bracelet"},{"floor":31,"key":"TungstenRod"},{"floor":40,"key":"Unceasing Top"}],"event_choices":[{"damage_healed":16,"gold_gain":0,"player_choice":"Healed","damage_taken":0,"max_hp_gain":0,"max_hp_loss":0,"event_name":"The Cleric","floor":3,"gold_loss":35},{"damage_healed":0,"gold_gain":50,"player_choice":"Touch","damage_taken":6,"max_hp_gain":0,"max_hp_loss":0,"event_name":"FaceTrader","floor":4,"gold_loss":0},{"cards_removed":["Defend_G"],"damage_healed":0,"gold_gain":0,"player_choice":"Offered Basic","damage_taken":0,"max_hp_gain":0,"max_hp_loss":0,"event_name":"Bonfire Elementals","floor":21,"gold_loss":0},{"damage_healed":0,"gold_gain":0,"player_choice":"Obtained Book","damage_taken":21,"max_hp_gain":0,"max_hp_loss":0,"event_name":"Cursed Tome","floor":27,"gold_loss":0},{"damage_healed":0,"gold_gain":0,"player_choice":"Got Potions","damage_taken":0,"max_hp_gain":0,"max_hp_loss":0,"event_name":"Lab","floor":29,"gold_loss":0},{"damage_healed":0,"gold_gain":90,"player_choice":"GOLD ","damage_taken":12,"max_hp_gain":0,"max_hp_loss":0,"event_name":"Knowing Skull","floor":30,"potions_obtained":[],"gold_loss":0,"cards_obtained":[]},{"damage_healed":0,"gold_gain":0,"player_choice":"Ignored","damage_taken":0,"max_hp_gain":0,"max_hp_loss":0,"event_name":"Tomb of Lord Red Mask","floor":36,"gold_loss":0},{"damage_healed":0,"gold_gain":0,"player_choice":"Max HP","damage_taken":0,"max_hp_gain":0,"max_hp_loss":3,"event_name":"Winding Halls","floor":37,"gold_loss":0}],"is_beta":false,"boss_relics":[{"not_picked":["Velvet Choker","Ring of the Serpent"],"picked":"Coffee Dripper"},{"not_picked":["Empty Cage","Tiny House"],"picked":"Cursed Key"}],"items_purged_floors":[39],"is_endless":false,"potions_floor_spawned":[7,8,12,14,16,18,22,23,31,38],"killed_by":"Giant Head","ascension_level":20}}