{"host":"og6lam4kt3nibbw0","time":1610301281,"event":{"mods":["AchievementEnabler","BaseMod","Colored Map","DeckTracker","Highlight Path","Keyboard Shortcuts","Minty Spire (QoL Compilation)","Permanent Neow","Quick Restart","StSLib","SuperFastMode"],"gold_per_floor":[114,39,39,54,54,84,84,99,124,124,139,139,154,184,184,184,184],"floor_reached":16,"playtime":432,"items_purged":["Defend_P"],"score":135,"play_id":"2165e1f5-f47a-438f-b69c-4b83e9abdcda","local_time":"20210111025441","daily_mods":["Specialized","Diverse","Night Terrors"],"is_ascension_mode":false,"campfire_choices":[{"data":"Eruption","floor":7,"key":"SMITH"},{"data":"Halt","floor":10,"key":"SMITH"},{"floor":15,"key":"REST"}],"circlet_count":0,"master_deck":["Strike_P","Strike_P","Strike_P","Defend_P","Defend_P","Defend_P","Eruption+1","Vigilance","Accuracy","Accuracy","Accuracy","Accuracy","Accuracy","Clothesline","Footwork","Halt+1","Intimidate","Parasite"],"relics":["PureWater","Mummified Hand","Pear","Strawberry","Boot"],"acts_visited":["Exordium"],"potions_floor_usage":[13,14],"damage_taken":[{"damage":4,"enemies":"2 Louse","floor":1,"turns":3},{"damage":12,"enemies":"Cultist","floor":4,"turns":3},{"damage":21,"enemies":"Lagavulin","floor":6,"turns":7},{"damage":0,"enemies":"Small Slimes","floor":8,"turns":5},{"damage":13,"enemies":"2 Fungi Beasts","floor":11,"turns":4},{"damage":4,"enemies":"3 Louse","floor":13,"turns":7},{"damage":30,"enemies":"Gremlin Nob","floor":14,"turns":5},{"damage":96,"enemies":"Slime Boss","floor":16,"turns":6}],"seed_played":"-956745095108410897","potions_obtained":[{"floor":1,"key":"Fire Potion"},{"floor":8,"key":"SkillPotion"},{"floor":14,"key":"Dexterity Potion"}],"is_trial":false,"path_per_floor":["M","$","?","M","?","E","R","M","T","R","M","?","M","E","R","B"],"character_chosen":"WATCHER","items_purchased":[],"campfire_rested":1,"item_purchase_floors":[],"current_hp_per_floor":[68,68,68,56,49,38,38,38,45,45,32,54,50,20,84,0,0],"gold":184,"neow_bonus":"","is_daily":true,"chose_seed":false,"campfire_upgraded":2,"win_rate":0.0,"timestamp":1610301281,"path_taken":["M","$","?","?","?","E","R","M","T","R","M","?","M","E","R","BOSS"],"items_purchased_type":[],"build_version":"2020-12-22","purchased_purges":1,"victory":false,"max_hp_per_floor":[72,72,72,72,72,82,82,82,89,89,89,89,89,89,84,84,84],"card_choices":[{"not_picked":["Finisher","Flechettes"],"picked":"Clothesline","floor":1},{"not_picked":["Bane","Perfected Strike"],"picked":"Footwork","floor":4},{"not_picked":["Conserve Battery","Wild Strike"],"picked":"Halt","floor":6},{"not_picked":["SashWhip","EmptyBody"],"picked":"Intimidate","floor":8},{"not_picked":["ReachHeaven","Underhanded Strike","Noxious Fumes"],"picked":"SKIP","floor":11},{"not_picked":["Prostrate","FollowUp","Riddle With Holes"],"picked":"SKIP","floor":13},{"not_picked":["Worship","Doom and Gloom","Reckless Charge"],"picked":"SKIP","floor":14}],"player_experience":846547,"relics_obtained":[{"floor":6,"key":"Pear"},{"floor":9,"key":"Strawberry"},{"floor":14,"key":"Boot"}],"event_choices":[{"cards_removed":["Strike_P"],"damage_healed":0,"gold_gain":0,"player_choice":"Offered Basic","damage_taken":0,"max_hp_gain":0,"max_hp_loss":0,"event_name":"Bonfire Elementals","floor":3,"gold_loss":0},{"damage_healed":0,"gold_gain":0,"player_choice":"Success","damage_taken":7,"relics_obtained":["Mummified Hand"],"max_hp_gain":0,"max_hp_loss":0,"event_name":"Scrap Ooze","floor":5,"gold_loss":0},{"damage_healed":22,"gold_gain":0,"player_choice":"Healed and dodged fight","damage_taken":0,"max_hp_gain":0,"max_hp_loss":0,"event_name":"Mushrooms","floor":12,"gold_loss":0,"cards_obtained":["Parasite"]}],"is_beta":false,"boss_relics":[],"items_purged_floors":[2],"is_endless":false,"potions_floor_spawned":[1,8,14],"killed_by":"Slime Boss","ascension_level":0}}