{"host":"gg","time":1610257529,"event":{"mods":["BaseMod","Colored Map","Googly Eyes","Minty Spire (QoL Compilation)","Permanent Neow","Relic Stats","The IronCluck"],"gold_per_floor":[110,110,124,137,149,149,177,190,190,190,215,6,6,35,35,109,109,123,123,123,142,159,194,194,219,271,271,298,298,316,335,335,411,411,429,354,367,311,311,340,340,375,375,375,392,392,418,40,40,40,40,40,40,0,33,33,33],"floor_reached":56,"playtime":5070,"items_purged":["Strike_P","Defend_P"],"score":2472,"play_id":"ececc15c-e215-4c06-a8c1-f945aba8ec03","local_time":"20210109214529","is_ascension_mode":true,"campfire_choices":[{"data":"CrushJoints","floor":6.0,"key":"SMITH"},{"data":"SignatureMove","floor":10.0,"key":"SMITH"},{"data":"Vigilance","floor":13.0,"key":"SMITH"},{"data":"Tantrum","floor":15.0,"key":"SMITH"},{"floor":24.0,"key":"REST"},{"data":"BowlingBash","floor":29.0,"key":"SMITH"},{"data":"Eruption","floor":32.0,"key":"SMITH"},{"floor":46,"key":"REST"},{"floor":49,"key":"RECALL"},{"floor":53,"key":"REST"}],"circlet_count":0,"master_deck":["AscendersBane","Strike_P","Strike_P","Defend_P","Defend_P","Eruption+1","Vigilance+1","Tantrum+1","BowlingBash+1","SignatureMove+1","CrushJoints+1","CutThroughFate","Brilliance","FearNoEvil","Sanctity","FlurryOfBlows","CutThroughFate","Wireheading","DevaForm","Perseverance","Weave","EmptyMind","Ghostly","Ghostly","Ghostly","InnerPeace","Vault","InnerPeace+1","MentalFortress","Indignation+1","Meditate","WheelKick","MentalFortress","EmptyMind+1"],"relics":["Runic Dome","Juzu Bracelet","Akabeko","Regal Pillow","Orrery","InkBottle","VioletLotus","Thread and Needle","Ancient Tea Set","Damaru","Dream Catcher","Black Star","Lizard Tail","White Beast Statue","Strawberry","Happy Flower","Gremlin Horn","Nunchaku","Unceasing Top","Membership Card","Bag of Preparation","Lantern","StrikeDummy","Oddly Smooth Stone"],"acts_visited":["Exordium","TheCity","TheBeyond","TheEnding"],"potions_floor_usage":[33,40,47,50,51,56],"damage_taken":[{"damage":1.0,"enemies":"Small Slimes","floor":1.0,"turns":5.0},{"damage":0.0,"enemies":"Cultist","floor":3.0,"turns":2.0},{"damage":2.0,"enemies":"Jaw Worm","floor":4.0,"turns":2.0},{"damage":1.0,"enemies":"Red Slaver","floor":5.0,"turns":3.0},{"damage":0.0,"enemies":"3 Sentries","floor":7.0,"turns":3.0},{"damage":0.0,"enemies":"Large Slime","floor":8.0,"turns":2.0},{"damage":0.0,"enemies":"Gremlin Nob","floor":11.0,"turns":2.0},{"damage":0.0,"enemies":"Lagavulin","floor":14.0,"turns":2.0},{"damage":27.0,"enemies":"The Guardian","floor":16.0,"turns":10.0},{"damage":16.0,"enemies":"3 Byrds","floor":18.0,"turns":4.0},{"damage":0.0,"enemies":"Shell Parasite","floor":21.0,"turns":1.0},{"damage":0.0,"enemies":"Centurion and Healer","floor":22.0,"turns":2.0},{"damage":14.0,"enemies":"Slavers","floor":23.0,"turns":2.0},{"damage":3.0,"enemies":"Book of Stabbing","floor":25.0,"turns":3.0},{"damage":9.0,"enemies":"Gremlin Leader","floor":28.0,"turns":5.0},{"damage":0.0,"enemies":"Snecko","floor":30.0,"turns":2.0},{"damage":0.0,"enemies":"Cultist and Chosen","floor":31.0,"turns":3.0},{"damage":0,"enemies":"Collector","floor":33,"turns":3},{"damage":0,"enemies":"Orb Walker","floor":35,"turns":1},{"damage":15,"enemies":"3 Darklings","floor":37,"turns":5},{"damage":0,"enemies":"Nemesis","floor":40,"turns":4},{"damage":76,"enemies":"Giant Head","floor":42,"turns":6},{"damage":2,"enemies":"Transient","floor":45,"turns":6},{"damage":0,"enemies":"Nemesis","floor":47,"turns":3},{"damage":26,"enemies":"Awakened One","floor":50,"turns":6},{"damage":0,"enemies":"Donu and Deca","floor":51,"turns":7},{"damage":31,"enemies":"Shield and Spear","floor":55,"turns":7},{"damage":13,"enemies":"The Heart","floor":56,"turns":2}],"seed_played":"-8217653844737256113","potions_obtained":[{"floor":2.0,"key":"Dexterity Potion"},{"floor":2.0,"key":"Block Potion"},{"floor":3.0,"key":"PowerPotion"},{"floor":5.0,"key":"EntropicBrew"},{"floor":7.0,"key":"SkillPotion"},{"floor":16.0,"key":"Dexterity Potion"},{"floor":21.0,"key":"AttackPotion"},{"floor":23.0,"key":"Ancient Potion"},{"floor":28.0,"key":"StancePotion"},{"floor":31.0,"key":"PowerPotion"},{"floor":35,"key":"Swift Potion"},{"floor":42,"key":"Explosive Potion"},{"floor":45,"key":"StancePotion"},{"floor":47,"key":"GamblersBrew"},{"floor":55,"key":"SneckoOil"}],"is_trial":false,"path_per_floor":["M","?","M","M","M","R","E","M","T","R","E","$","R","E","R","B",null,"M","?","?","M","M","E","R","E","T","?","E","R","M","M","R","B",null,"M","$","M","?","?","E","?","E","T","$","M","R","E","$","R","B","B",null,"R","$","E","B"],"character_chosen":"WATCHER","items_purchased":["FearNoEvil","Orrery","Membership Card","Bag of Preparation","Lantern","MentalFortress"],"campfire_rested":3,"item_purchase_floors":[12,12,48,48,48,54],"current_hp_per_floor":[60,60,60,58,57,57,57,57,57,57,57,57,57,57,57,30,59,43,24,24,24,24,10,46,43,43,36,27,27,27,27,27,27,34,34,34,19,19,19,26,26,21,21,21,19,43,43,43,43,17,17,37,43,43,12,0,0],"gold":33,"neow_bonus":"BOSS_RELIC","is_daily":false,"chose_seed":false,"campfire_upgraded":6,"win_rate":0.0,"timestamp":1610257529,"path_taken":["M","?","M","M","?","R","E","M","T","R","E","?","R","E","R","BOSS","M","?","?","M","M","E","R","E","T","?","E","R","M","M","R","BOSS","M","$","M","?","?","E","?","E","T","?","M","R","E","$","R","BOSS","BOSS","R","$","E","BOSS"],"items_purchased_type":["Card","Relic","Relic","Relic","Relic","Card"],"build_version":"2020-12-18","purchased_purges":2,"victory":false,"max_hp_per_floor":[68,68,68,68,68,68,68,68,68,68,68,68,68,68,68,68,68,68,73,73,73,73,73,73,73,73,36,36,36,36,36,36,36,36,36,36,36,36,36,43,43,43,43,43,43,43,43,43,43,43,43,43,43,43,43,43,43],"relic_stats":{"Regal Pillow":27,"Happy Flower":[10],"Gremlin Horn":[5,5],"counters":[28,103],"Juzu Bracelet":2,"Bag of Preparation":[8],"Dream Catcher":2,"Lizard Tail":21,"Nunchaku":[11],"VioletLotus":[31],"Black Star":4,"obtain_stats":[{"Regal Pillow":11,"Lantern":48,"Gremlin Horn":42,"Juzu Bracelet":7,"Bag of Preparation":48,"Ancient Tea Set":25,"Dream Catcher":28,"Lizard Tail":38,"Nunchaku":47,"Strawberry":40,"VioletLotus":17,"InkBottle":14,"Happy Flower":42,"Damaru":26,"Oddly Smooth Stone":55,"Thread and Needle":23,"Akabeko":9,"White Beast Statue":40,"Runic Dome":0,"Orrery":12,"Black Star":34,"Membership Card":48,"PureWater":0,"StrikeDummy":55,"Unceasing Top":47},{"Regal Pillow":7,"Lantern":24,"Gremlin Horn":22,"Juzu Bracelet":5,"Bag of Preparation":24,"Ancient Tea Set":14,"Dream Catcher":15,"Lizard Tail":20,"Nunchaku":24,"Strawberry":21,"VioletLotus":9,"InkBottle":8,"Happy Flower":22,"Damaru":14,"Oddly Smooth Stone":27,"Thread and Needle":13,"Akabeko":6,"White Beast Statue":21,"Runic Dome":0,"Orrery":7,"Black Star":18,"Membership Card":24,"PureWater":0,"StrikeDummy":27,"Unceasing Top":24},{"Regal Pillow":19,"Lantern":81,"Gremlin Horn":72,"Juzu Bracelet":15,"Bag of Preparation":81,"Ancient Tea Set":43,"Dream Catcher":48,"Lizard Tail":62,"Nunchaku":81,"Strawberry":66,"VioletLotus":31,"InkBottle":21,"Happy Flower":72,"Damaru":43,"Oddly Smooth Stone":101,"Thread and Needle":40,"Akabeko":17,"White Beast Statue":66,"Runic Dome":0,"Orrery":19,"Black Star":56,"Membership Card":81,"PureWater":0,"StrikeDummy":101,"Unceasing Top":81}],"InkBottle":[46],"Unceasing Top":[2]},"card_choices":[{"not_picked":["Crescendo","Indignation"],"picked":"Tantrum","floor":1.0},{"not_picked":["BattleHymn","Worship"],"picked":"BowlingBash","floor":3.0},{"not_picked":["ThirdEye","FlurryOfBlows"],"picked":"SignatureMove","floor":4.0},{"not_picked":["FlurryOfBlows","Blasphemy"],"picked":"CrushJoints","floor":5.0},{"not_picked":["SandsOfTime","Tantrum"],"picked":"CutThroughFate","floor":7.0},{"not_picked":["Fasting2","Pray","ClearTheMind"],"picked":"SKIP","floor":8.0},{"not_picked":["Crescendo","FlyingSleeves"],"picked":"Brilliance","floor":11.0},{"not_picked":["Protect","Collect"],"picked":"Sanctity","floor":12.0},{"not_picked":["ClearTheMind","ThirdEye"],"picked":"FlurryOfBlows","floor":12.0},{"not_picked":["BowlingBash","FollowUp"],"picked":"CutThroughFate","floor":12.0},{"not_picked":["Protect","SignatureMove"],"picked":"Wireheading","floor":14.0},{"not_picked":["Devotion","DeusExMachina"],"picked":"DevaForm","floor":16.0},{"not_picked":["SashWhip","Consecrate","PathToVictory"],"picked":"SKIP","floor":18.0},{"not_picked":["Prostrate","Conclude"],"picked":"Weave","floor":21.0},{"not_picked":["Halt","FearNoEvil","DeceiveReality"],"picked":"SKIP","floor":22.0},{"not_picked":["FlurryOfBlows","FollowUp"],"picked":"EmptyMind","floor":23.0},{"not_picked":["CrushJoints","Weave","Blasphemy"],"picked":"SKIP","floor":25.0},{"not_picked":["Swivel","Protect","SignatureMove"],"picked":"SKIP","floor":28.0},{"not_picked":["Wallop","FlurryOfBlows"],"picked":"InnerPeace","floor":30.0},{"not_picked":["FollowUp","BattleHymn","Protect"],"picked":"SKIP","floor":31.0},{"not_picked":["Ragnarok","DevaForm"],"picked":"Vault","floor":33},{"not_picked":["ClearTheMind+1","Consecrate","JustLucky"],"picked":"SKIP","floor":35},{"not_picked":["Nirvana","Evaluate","JustLucky"],"picked":"SKIP","floor":37},{"not_picked":["ReachHeaven+1","FlurryOfBlows"],"picked":"InnerPeace+1","floor":40},{"not_picked":["FollowUp+1","LikeWater"],"picked":"MentalFortress","floor":42},{"not_picked":["ConjureBlade","Swivel"],"picked":"Indignation+1","floor":45},{"not_picked":["FlurryOfBlows","CutThroughFate"],"picked":"Meditate","floor":46},{"not_picked":["ThirdEye","Crescendo+1","SignatureMove"],"picked":"SKIP","floor":47},{"not_picked":["BowlingBash+1","Consecrate"],"picked":"WheelKick","floor":53},{"not_picked":["LikeWater","WindmillStrike"],"picked":"EmptyMind+1","floor":55}],"player_experience":1143521,"relics_obtained":[{"floor":7.0,"key":"Juzu Bracelet"},{"floor":9.0,"key":"Akabeko"},{"floor":11.0,"key":"Regal Pillow"},{"floor":14.0,"key":"InkBottle"},{"floor":23.0,"key":"Thread and Needle"},{"floor":25.0,"key":"Ancient Tea Set"},{"floor":26.0,"key":"Damaru"},{"floor":28.0,"key":"Dream Catcher"},{"floor":40,"key":"White Beast Statue"},{"floor":40,"key":"Strawberry"},{"floor":42,"key":"Happy Flower"},{"floor":42,"key":"Gremlin Horn"},{"floor":47,"key":"Nunchaku"},{"floor":47,"key":"Unceasing Top"},{"floor":55,"key":"StrikeDummy"},{"floor":55,"key":"Oddly Smooth Stone"}],"event_choices":[{"damage_healed":0.0,"max_hp_gain":0.0,"max_hp_loss":0.0,"gold_gain":0.0,"event_name":"Lab","player_choice":"Got Potions","floor":2.0,"gold_loss":0.0,"damage_taken":0.0},{"damage_healed":0.0,"max_hp_gain":5.0,"max_hp_loss":0.0,"gold_gain":0.0,"event_name":"Forgotten Altar","player_choice":"Shed Blood","floor":19.0,"gold_loss":0.0,"damage_taken":24.0},{"damage_healed":0.0,"max_hp_gain":0.0,"max_hp_loss":0.0,"gold_gain":0.0,"cards_transformed":["Strike_P"],"event_name":"Transmorgrifier","player_choice":"Transformed","floor":20.0,"gold_loss":0.0,"damage_taken":0.0,"cards_obtained":["Perseverance"]},{"damage_healed":0.0,"max_hp_gain":0.0,"max_hp_loss":37.0,"gold_gain":0.0,"event_name":"Ghosts","player_choice":"Became a Ghost","floor":27.0,"gold_loss":0.0,"damage_taken":0.0,"cards_obtained":["Ghostly","Ghostly","Ghostly"]},{"damage_healed":0,"gold_gain":0,"player_choice":"Paid Gold","damage_taken":0,"relics_obtained":["Lizard Tail"],"max_hp_gain":0,"max_hp_loss":0,"event_name":"WeMeetAgain","floor":38,"gold_loss":56},{"damage_healed":0,"gold_gain":0,"player_choice":"Ignored","damage_taken":0,"max_hp_gain":0,"max_hp_loss":0,"event_name":"Tomb of Lord Red Mask","floor":39,"gold_loss":0},{"cards_removed":["Defend_P"],"damage_healed":0,"gold_gain":0,"player_choice":"Removed Skill","damage_taken":0,"max_hp_gain":0,"max_hp_loss":0,"event_name":"Falling","floor":41,"gold_loss":0}],"is_beta":true,"boss_relics":[{"not_picked":["SacredBark","Sozu"],"picked":"VioletLotus"},{"not_picked":["Runic Pyramid","Tiny House"],"picked":"Black Star"}],"items_purged_floors":[36,48],"is_endless":false,"potions_floor_spawned":[3,4,5,7,16,21,23,28,31,35,42,45,47,55],"killed_by":"The Heart","ascension_level":20}}