{"host":"z9811rt50ti81n54","time":1610296891,"event":{"mods":["BaseMod","Better Match","Better Sensory Stone","Better Skull","Better Third Choice","Minty Spire (QoL Compilation)","Permanent Neow","StSLib","SuperFastMode"],"gold_per_floor":[165,41,41,18,34,34,46,121,170,196,196,206,223,223,223,325,325,345,345,270,280,280,280,310,310,334,347,365,365,376,376,376,477,477,496,546,546,4,4,22,22,22,22,52,52,69,82,95,95,95],"floor_reached":51,"playtime":2102,"items_purged":["Defend_B"],"score":760,"play_id":"395b5ded-d224-49ae-a405-a5be1ce39235","local_time":"20210111014131","is_ascension_mode":false,"campfire_choices":[{"data":"Zap","floor":6.0,"key":"SMITH"},{"data":"Dualcast","floor":11.0,"key":"SMITH"},{"data":"Hello World","floor":15.0,"key":"SMITH"},{"floor":23,"key":"REST"},{"floor":25,"key":"REST"},{"floor":29,"key":"RECALL"},{"floor":32,"key":"REST"},{"floor":49,"key":"REST"}],"circlet_count":0,"master_deck":["Defend_B+1","Defend_B+1","Defend_B","Zap+1","Dualcast+1","Capacitor","Self Repair","Streamline","Stack","Go for the Eyes","Coolheaded","Reboot","Machine Learning","Force Field","Beam Cell","Self Repair+1","White Noise","White Noise","Creative AI","Consume+1","Heatsinks","Reboot","Core Surge","Self Repair+1","Hologram+1","Parasite","Static Discharge+1","Stack+1"],"relics":["Tiny House","Orichalcum","Vajra","Potion Belt","Fusion Hammer","Ancient Tea Set","Bag of Marbles","War Paint","Akabeko","Nuclear Battery","Mango","Juzu Bracelet","MealTicket","Dream Catcher","HornCleat","Emotion Chip"],"acts_visited":["Exordium","TheCity","TheBeyond"],"potions_floor_usage":[24,24,33,33,38,50,50,50,50,50,50,50,50,50,50],"damage_taken":[{"damage":3.0,"enemies":"Jaw Worm","floor":1.0,"turns":5.0},{"damage":7.0,"enemies":"Small Slimes","floor":5.0,"turns":3.0},{"damage":0.0,"enemies":"2 Louse","floor":7.0,"turns":2.0},{"damage":2.0,"enemies":"Large Slime","floor":12.0,"turns":6.0},{"damage":0.0,"enemies":"Blue Slaver","floor":13.0,"turns":3.0},{"damage":14.0,"enemies":"Slime Boss","floor":16.0,"turns":7.0},{"damage":1,"enemies":"3 Byrds","floor":18,"turns":5},{"damage":2,"enemies":"Chosen","floor":21,"turns":5},{"damage":32,"enemies":"Slavers","floor":24,"turns":7},{"damage":5,"enemies":"Snake Plant","floor":27,"turns":5},{"damage":14,"enemies":"Centurion and Healer","floor":28,"turns":6},{"damage":4,"enemies":"Cultist and Chosen","floor":30,"turns":7},{"damage":31,"enemies":"Automaton","floor":33,"turns":10},{"damage":18,"enemies":"Orb Walker","floor":35,"turns":4},{"damage":24,"enemies":"Mind Bloom Boss Battle","floor":36,"turns":7},{"damage":26,"enemies":"3 Darklings","floor":40,"turns":6},{"damage":25,"enemies":"Giant Head","floor":44,"turns":9},{"damage":6,"enemies":"4 Shapes","floor":46,"turns":6},{"damage":0,"enemies":"Spire Growth","floor":47,"turns":6},{"damage":9,"enemies":"Writhing Mass","floor":48,"turns":7},{"damage":2,"enemies":"Donu and Deca","floor":50,"turns":4}],"seed_played":"-6333471333696370765","potions_obtained":[{"floor":0.0,"key":"DuplicationPotion"},{"floor":7.0,"key":"Swift Potion"},{"floor":12.0,"key":"PowerPotion"},{"floor":16.0,"key":"FocusPotion"},{"floor":18,"key":"Strength Potion"},{"floor":27,"key":"DistilledChaos"},{"floor":33,"key":"Weak Potion"},{"floor":35,"key":"DuplicationPotion"},{"floor":40,"key":"EntropicBrew"},{"floor":46,"key":"DuplicationPotion"}],"is_trial":false,"path_per_floor":["M","$","?","$","M","R","M","?","T","T","R","M","M","?","R","B",null,"M","?","?","M","?","R","E","R","T","M","M","R","M","?","R","B",null,"M","?","?","$","?","M","?","$","T","E","?","M","M","M","R","B",null],"character_chosen":"DEFECT","items_purchased":["Self Repair","Streamline","Stack","Fruit Juice","Heatsinks","Juzu Bracelet","MealTicket"],"campfire_rested":4,"item_purchase_floors":[2,2,4,38,38,38,38],"current_hp_per_floor":[77,77,82,82,82,82,82,71,71,71,71,76,83,76,76,69,85,84,84,84,82,45,70,55,80,80,82,85,85,85,85,85,71,85,84,99,99,104,104,95,95,104,104,96,96,104,104,104,104,104],"gold":95,"neow_bonus":"BOSS_RELIC","is_daily":false,"chose_seed":false,"campfire_upgraded":3,"win_rate":0.0,"timestamp":1610296891,"path_taken":["M","$","?","$","M","R","M","?","T","?","R","M","M","?","R","BOSS","M","?","?","M","?","R","E","R","T","M","M","R","?","?","R","BOSS","M","?","?","$","?","M","?","?","T","E","?","M","M","M","R","BOSS"],"items_purchased_type":["Card","Card","Card","Potion","Card","Relic","Relic"],"build_version":"2020-12-22","purchased_purges":1,"victory":true,"max_hp_per_floor":[80,80,85,85,85,85,85,85,85,85,85,85,85,85,85,85,85,85,85,85,85,85,85,85,85,85,85,85,85,85,85,85,85,85,85,99,99,104,104,104,104,104,104,104,104,104,104,104,104,104],"card_choices":[{"not_picked":["Rebound","Compile Driver"],"picked":"Capacitor","floor":0.0},{"not_picked":["Rebound","Gash"],"picked":"Ball Lightning","floor":1.0},{"not_picked":["Conserve Battery","Barrage"],"picked":"Hello World","floor":5.0},{"not_picked":["Stack","Streamline"],"picked":"Go for the Eyes","floor":7.0},{"not_picked":["Streamline","Beam Cell"],"picked":"Coolheaded","floor":12.0},{"not_picked":["Redo","Darkness"],"picked":"Reboot","floor":13.0},{"not_picked":["Buffer","Meteor Strike"],"picked":"Machine Learning","floor":16.0},{"not_picked":["FTL","Leap","Storm"],"picked":"SKIP","floor":18},{"not_picked":["Stack","Lockon+1"],"picked":"Self Repair+1","floor":21},{"not_picked":["Gash","Heatsinks"],"picked":"White Noise","floor":24},{"not_picked":["FTL","Blizzard","Gash"],"picked":"SKIP","floor":27},{"not_picked":["Compile Driver+1","Rebound"],"picked":"White Noise","floor":28},{"not_picked":["Turbo","Conserve Battery","Cold Snap"],"picked":"SKIP","floor":30},{"not_picked":["Reboot","Buffer"],"picked":"Creative AI","floor":33},{"not_picked":["Ball Lightning+1","Redo"],"picked":"Consume+1","floor":35},{"not_picked":["Cold Snap+1","Coolheaded","Hologram"],"picked":"SKIP","floor":40},{"not_picked":["Hologram+1","Go for the Eyes+1"],"picked":"Core Surge","floor":44},{"not_picked":["Sweeping Beam+1","Leap+1"],"picked":"Self Repair+1","floor":46},{"not_picked":["Reinforced Body","Cold Snap","Hologram+1"],"picked":"SKIP","floor":47},{"not_picked":["Reinforced Body","Cold Snap"],"picked":"Hologram+1","floor":47},{"not_picked":["Fusion+1","Consume+1"],"picked":"Static Discharge+1","floor":48},{"not_picked":["Gash+1","Sweeping Beam+1"],"picked":"Stack+1","floor":49}],"player_experience":361698,"relics_obtained":[{"floor":9.0,"key":"Orichalcum"},{"floor":10.0,"key":"Vajra"},{"floor":24,"key":"War Paint"},{"floor":26,"key":"Akabeko"},{"floor":36,"key":"Mango"},{"floor":43,"key":"HornCleat"},{"floor":44,"key":"Emotion Chip"}],"event_choices":[{"damage_healed":0.0,"max_hp_gain":5.0,"max_hp_loss":0.0,"gold_gain":0.0,"event_name":"Big Fish","player_choice":"Donut","floor":3.0,"gold_loss":0.0,"damage_taken":0.0},{"damage_healed":0.0,"max_hp_gain":0.0,"max_hp_loss":0.0,"gold_gain":75.0,"event_name":"World of Goop","player_choice":"Gather Gold","floor":8.0,"gold_loss":0.0,"damage_taken":11.0},{"damage_healed":0.0,"max_hp_gain":0.0,"max_hp_loss":0.0,"gold_gain":0.0,"event_name":"Scrap Ooze","player_choice":"Success","floor":14.0,"gold_loss":0.0,"damage_taken":7.0,"relics_obtained":["Potion Belt"]},{"damage_healed":0,"gold_gain":0,"cards_transformed":["Strike_B","Strike_B"],"player_choice":"Became Test Subject","damage_taken":0,"max_hp_gain":0,"max_hp_loss":0,"event_name":"Drug Dealer","floor":19,"gold_loss":0,"cards_obtained":["Force Field","Beam Cell"]},{"cards_removed":["Strike_B"],"damage_healed":0,"gold_gain":0,"player_choice":"Gave Gold","damage_taken":0,"max_hp_gain":0,"max_hp_loss":0,"event_name":"Beggar","floor":20,"gold_loss":75},{"damage_healed":0,"gold_gain":0,"player_choice":"RE RE ","damage_taken":41,"relics_obtained":["Ancient Tea Set","Bag of Marbles"],"max_hp_gain":0,"max_hp_loss":0,"event_name":"betterSkull:BetterSkull","floor":22,"gold_loss":0,"cards_upgraded":[]},{"cards_removed":["Strike_B"],"damage_healed":0,"gold_gain":0,"player_choice":"Purged","damage_taken":0,"max_hp_gain":0,"max_hp_loss":0,"event_name":"Purifier","floor":31,"gold_loss":0},{"damage_healed":0,"gold_gain":0,"player_choice":"Fight","damage_taken":0,"max_hp_gain":0,"max_hp_loss":0,"event_name":"MindBloom","floor":36,"gold_loss":0},{"damage_healed":0,"gold_gain":0,"player_choice":"Ignored","damage_taken":0,"max_hp_gain":0,"max_hp_loss":0,"event_name":"Tomb of Lord Red Mask","floor":37,"gold_loss":0},{"cards_removed":["Hello World"],"damage_healed":0,"gold_gain":0,"player_choice":"Gave Card","damage_taken":0,"relics_obtained":["Dream Catcher"],"max_hp_gain":0,"max_hp_loss":0,"event_name":"WeMeetAgain","floor":39,"gold_loss":0},{"damage_healed":0,"gold_gain":0,"player_choice":"Copied","damage_taken":0,"max_hp_gain":0,"max_hp_loss":0,"event_name":"Duplicator","floor":41,"gold_loss":0,"cards_obtained":["Reboot"]},{"cards_removed":["Ball Lightning"],"damage_healed":0,"gold_gain":0,"player_choice":"Removed Attack","damage_taken":0,"max_hp_gain":0,"max_hp_loss":0,"event_name":"Falling","floor":45,"gold_loss":0}],"is_beta":false,"boss_relics":[{"not_picked":["Astrolabe","Busted Crown"],"picked":"Fusion Hammer"},{"not_picked":["Velvet Choker","Philosopher\u0027s Stone"],"picked":"Nuclear Battery"}],"items_purged_floors":[38],"is_endless":false,"potions_floor_spawned":[7,12,16,18,27,33,35,40,46],"ascension_level":0}}