{"host":"ayh4nqhr0ddw4ozv","time":1610322456,"event":{"mods":["BaseMod","Minty Spire (QoL Compilation)","Relic Stats","Replay The Spire","Robot Space Explorer","StSLib"],"gold_per_floor":[368,368,81,15,27,61,71,14,66,82,112,129,129,139,139,139,139],"floor_reached":16,"playtime":937,"items_purged":["Strike_P"],"score":213,"play_id":"2de93ecb-6b76-4688-a8e0-902803f3892d","local_time":"20210110154736","is_ascension_mode":true,"campfire_choices":[{"floor":13,"key":"REST"},{"data":"RobotSpaceExplorer:Electropulse","floor":15,"key":"SMITH"}],"circlet_count":0,"master_deck":["AscendersBane","RobotSpaceExplorer:Strike","RobotSpaceExplorer:Strike","RobotSpaceExplorer:Strike","RobotSpaceExplorer:Strike","RobotSpaceExplorer:Defend","RobotSpaceExplorer:Defend","RobotSpaceExplorer:Defend","RobotSpaceExplorer:Scan","RobotSpaceExplorer:MiniLasers","Defend_B","RobotSpaceExplorer:SurgingStrike","RobotSpaceExplorer:MetalStrike","RobotSpaceExplorer:Electropulse+1","RobotSpaceExplorer:Smokescreen","RobotSpaceExplorer:FreezeRay","RobotSpaceExplorer:FreezeRay","RobotSpaceExplorer:Smokescreen","RobotSpaceExplorer:PowerCollector","RobotSpaceExplorer:Electroshield"],"relics":["RobotSpaceExplorer:RoboCore","Bag of Marbles","Art of War","Mercury Hourglass","Replay:Rubber Ducky","ReplayTheSpireMod:TigerMarble"],"acts_visited":["Exordium"],"potions_floor_usage":[14,14,16],"damage_taken":[{"damage":1.0,"enemies":"Cultist","floor":1.0,"turns":4.0},{"damage":2.0,"enemies":"Jaw Worm","floor":5.0,"turns":3.0},{"damage":25.0,"enemies":"Gremlin Nob","floor":6.0,"turns":4.0},{"damage":0,"enemies":"2 Louse","floor":7,"turns":2},{"damage":5,"enemies":"Large Slime","floor":10,"turns":4},{"damage":24,"enemies":"Lagavulin","floor":11,"turns":8},{"damage":0,"enemies":"Red Slaver","floor":12,"turns":4},{"damage":4,"enemies":"Exordium Thugs","floor":14,"turns":3},{"damage":60,"enemies":"Fading Forest","floor":16,"turns":10}],"seed_played":"8839045406030287026","potions_obtained":[{"floor":1.0,"key":"Energy Potion"},{"floor":11,"key":"RobotSpaceExplorer:RecyclePotion"},{"floor":12,"key":"Reflective Coating"},{"floor":14,"key":"Weak Potion"}],"is_trial":false,"path_per_floor":["M","?","$","?","M","E","M","$","T","M","E","M","R","M","R","B"],"character_chosen":"RobotSpaceExplorer","items_purchased":["Bag of Marbles","Explosive Potion","RobotSpaceExplorer:FreezeRay"],"campfire_rested":1,"item_purchase_floors":[3,3,8],"current_hp_per_floor":[63,63,63,63,61,36,36,36,36,31,7,7,28,24,24,0,0],"gold":139,"neow_bonus":"TWO_FIFTY_GOLD","is_daily":false,"chose_seed":false,"campfire_upgraded":1,"win_rate":0.0,"timestamp":1610322456,"path_taken":["M","?","$","?","M","E","?","$","T","M","E","M","R","M","R","BOSS"],"items_purchased_type":["Relic","Potion","Card"],"build_version":"2020-12-22","purchased_purges":1,"victory":false,"max_hp_per_floor":[71,71,71,71,71,71,71,71,71,71,71,71,71,71,71,71,71],"relic_stats":{"counters":[9,40],"Art of War":[4],"obtain_stats":[{"RobotSpaceExplorer:RoboCore":0,"Bag of Marbles":3,"Art of War":4,"ReplayTheSpireMod:TigerMarble":11,"Mercury Hourglass":6,"Replay:Rubber Ducky":9},{"RobotSpaceExplorer:RoboCore":0,"Bag of Marbles":1,"Art of War":1,"ReplayTheSpireMod:TigerMarble":6,"Mercury Hourglass":3,"Replay:Rubber Ducky":4},{"RobotSpaceExplorer:RoboCore":0,"Bag of Marbles":4,"Art of War":4,"ReplayTheSpireMod:TigerMarble":24,"Mercury Hourglass":11,"Replay:Rubber Ducky":12}],"Mercury Hourglass":[151]},"card_choices":[{"not_picked":["RobotSpaceExplorer:Ammunition","RobotSpaceExplorer:Reload"],"picked":"RobotSpaceExplorer:SurgingStrike","floor":1.0},{"not_picked":["RobotSpaceExplorer:StunGrenade","RobotSpaceExplorer:Discharger"],"picked":"RobotSpaceExplorer:MetalStrike","floor":5.0},{"not_picked":["RobotSpaceExplorer:GlueSpray","RobotSpaceExplorer:SurgingStrike"],"picked":"RobotSpaceExplorer:Electropulse","floor":6},{"not_picked":["RobotSpaceExplorer:FrostMissile","RobotSpaceExplorer:GlueShot"],"picked":"RobotSpaceExplorer:Smokescreen","floor":7},{"not_picked":["RobotSpaceExplorer:PowerCollector","RobotSpaceExplorer:MiniBoosters"],"picked":"RobotSpaceExplorer:Smokescreen","floor":10},{"not_picked":["RobotSpaceExplorer:ScrapMissile","RobotSpaceExplorer:IronShell"],"picked":"RobotSpaceExplorer:PowerCollector","floor":11},{"not_picked":["RobotSpaceExplorer:Smokescreen","RobotSpaceExplorer:RigExplosive","RobotSpaceExplorer:MiniDrones"],"picked":"SKIP","floor":12},{"not_picked":["RobotSpaceExplorer:SwiftStep","RobotSpaceExplorer:ScrapMissile"],"picked":"RobotSpaceExplorer:Electroshield","floor":14}],"player_experience":323991,"relics_obtained":[{"floor":6,"key":"Mercury Hourglass"},{"floor":9,"key":"Replay:Rubber Ducky"},{"floor":11,"key":"ReplayTheSpireMod:TigerMarble"}],"event_choices":[{"damage_healed":0.0,"max_hp_gain":0.0,"max_hp_loss":0.0,"gold_gain":0.0,"event_name":"WeMeetAgain","player_choice":"Paid Gold","floor":4.0,"gold_loss":66.0,"damage_taken":0.0,"relics_obtained":["Art of War"]}],"is_beta":false,"boss_relics":[],"items_purged_floors":[3],"is_endless":false,"potions_floor_spawned":[1,11,12,14],"killed_by":"Fading Forest","ascension_level":18}}