{"host":"skr63qsdfgeey3it","time":1610312219,"event":{"mods":["BaseMod","Colored Map","Minty Spire (QoL Compilation)","Replay The Spire","Spicy Shops","StSLib"],"gold_per_floor":[111,198,216,231,231,258,8,8,8],"floor_reached":8,"playtime":550,"items_purged":[],"score":81,"play_id":"95263e4d-a2ba-421b-912d-0ef2c76696d8","local_time":"20210110145659","is_ascension_mode":true,"campfire_choices":[],"circlet_count":0,"master_deck":["Strike_B","Strike_B","Strike_B","Strike_B","Defend_B","Defend_B","Defend_B","Defend_B","Zap","Dualcast","Doom and Gloom","Fusion","Redo","Hello World","Panic Button","Stack+1"],"relics":["Cracked Core","NeowsBlessing","Torii","Calipers","Omamori","ClockworkSouvenir"],"acts_visited":["Exordium"],"potions_floor_usage":[6,6],"damage_taken":[{"damage":0,"enemies":"Small Slimes","floor":1,"turns":1},{"damage":0,"enemies":"Cultist","floor":3,"turns":1},{"damage":0,"enemies":"Jaw Worm","floor":4,"turns":1},{"damage":18,"enemies":"Lagavulin","floor":6,"turns":6},{"damage":34,"enemies":"Gremlin Nob","floor":8,"turns":4}],"seed_played":"2772106551685447634","potions_obtained":[{"floor":1,"key":"PowerPotion"},{"floor":4,"key":"BlessingOfTheForge"}],"is_trial":false,"path_per_floor":["M","?","M","M","?","E","$","E"],"character_chosen":"DEFECT","items_purchased":["Omamori","ClockworkSouvenir","Stack+1"],"campfire_rested":0,"item_purchase_floors":[7,7,7],"current_hp_per_floor":[68,68,68,68,50,32,32,0,0],"gold":8,"neow_bonus":"THREE_ENEMY_KILL","is_daily":false,"chose_seed":false,"campfire_upgraded":0,"win_rate":0.0,"timestamp":1610312219,"path_taken":["M","?","M","?","?","E","$","E"],"items_purchased_type":["Relic","Relic","Card"],"build_version":"2020-12-22","purchased_purges":0,"victory":false,"max_hp_per_floor":[75,75,75,75,75,75,75,75,75],"card_choices":[{"not_picked":["Turbo","Crystallizer"],"picked":"Doom and Gloom","floor":1},{"not_picked":["Leap","Hello World"],"picked":"Fusion","floor":2},{"not_picked":["Cold Snap","Go for the Eyes"],"picked":"Redo","floor":2},{"not_picked":["Reinforced Body","ReplayTheSpireMod:Omega Cannon"],"picked":"Hello World","floor":3},{"not_picked":["Leap","ReplayTheSpireMod:System Scan"],"picked":"Panic Button","floor":4},{"not_picked":["Hologram","Panic Button","Sweeping Beam"],"picked":"SKIP","floor":6}],"player_experience":736663,"relics_obtained":[{"floor":6,"key":"Calipers"}],"event_choices":[{"damage_healed":0,"gold_gain":0,"player_choice":"Success","damage_taken":18,"relics_obtained":["Torii"],"max_hp_gain":0,"max_hp_loss":0,"event_name":"Scrap Ooze","floor":5,"gold_loss":0}],"is_beta":false,"boss_relics":[],"items_purged_floors":[],"is_endless":false,"potions_floor_spawned":[1,4],"killed_by":"Gremlin Nob","ascension_level":9}}