{"host":"3y2rtlgteqp2nuo3","time":1610279864,"event":{"mods":["2.2 Compatiblity","AchievementEnabler","BaseMod","Colored Map","DeckTracker","Highlight Path","Keyboard Shortcuts","Minty Spire (QoL Compilation)","Permanent Neow","Quick Restart","StSLib","SuperFastMode","everything is the same but u backflip on backflip"],"gold_per_floor":[111,129,179,191,116,116,131,31,31,48,62,74,74,109,109,182,182,201,76,94,109,121,121,153,163,163,88,12,37,48,48,48,48,48],"floor_reached":33,"playtime":1156,"items_purged":["Strike_B","Strike_B","Strike_B"],"score":524,"play_id":"4a98c6ff-3a25-40e5-a168-277eda37f51b","local_time":"20210110205744","is_ascension_mode":true,"campfire_choices":[{"data":"Zap","floor":6.0,"key":"SMITH"},{"data":"Coolheaded","floor":13.0,"key":"SMITH"},{"data":"Hologram","floor":15.0,"key":"SMITH"},{"data":"Glacier","floor":23.0,"key":"SMITH"},{"data":"Lockon","floor":32,"key":"SMITH"}],"circlet_count":0,"master_deck":["AscendersBane","Defend_B+1","Defend_B+1","Zap+1","Dualcast","Self Repair","Ball Lightning","Coolheaded+1","Glacier+1","Doom and Gloom","Hologram+1","Melter","Biased Cognition+1","Auto Shields+1","Lockon+1","Turbo"],"relics":["Cracked Core","Dream Catcher","Frozen Egg 2","Busted Crown","Calipers","White Beast Statue"],"acts_visited":["Exordium","TheCity"],"potions_floor_usage":[29,33,33],"damage_taken":[{"damage":2.0,"enemies":"2 Louse","floor":1.0,"turns":3.0},{"damage":0.0,"enemies":"Cultist","floor":2.0,"turns":3.0},{"damage":0.0,"enemies":"Small Slimes","floor":4.0,"turns":3.0},{"damage":5.0,"enemies":"Looter","floor":7.0,"turns":4.0},{"damage":7.0,"enemies":"3 Louse","floor":10.0,"turns":3.0},{"damage":0.0,"enemies":"Blue Slaver","floor":11.0,"turns":3.0},{"damage":0.0,"enemies":"Large Slime","floor":12.0,"turns":5.0},{"damage":9.0,"enemies":"Lagavulin","floor":14.0,"turns":5.0},{"damage":69.0,"enemies":"Hexaghost","floor":16.0,"turns":13.0},{"damage":0.0,"enemies":"3 Byrds","floor":18.0,"turns":5.0},{"damage":9.0,"enemies":"Shell Parasite","floor":20.0,"turns":4.0},{"damage":0.0,"enemies":"Snecko","floor":21.0,"turns":4.0},{"damage":0.0,"enemies":"Snake Plant","floor":22.0,"turns":4.0},{"damage":2.0,"enemies":"Book of Stabbing","floor":24.0,"turns":8.0},{"damage":6.0,"enemies":"Shelled Parasite and Fungi","floor":25.0,"turns":6.0},{"damage":13,"enemies":"Gremlin Leader","floor":29,"turns":6},{"damage":4,"enemies":"Centurion and Healer","floor":30,"turns":7},{"damage":66,"enemies":"Automaton","floor":33,"turns":14}],"seed_played":"-3978260933751962656","potions_obtained":[{"floor":1.0,"key":"SteroidPotion"},{"floor":2.0,"key":"SkillPotion"},{"floor":10.0,"key":"Regen Potion"},{"floor":20.0,"key":"SpeedPotion"},{"floor":24.0,"key":"Energy Potion"},{"floor":29,"key":"SpeedPotion"},{"floor":30,"key":"Explosive Potion"}],"is_trial":false,"path_per_floor":["M","M","?","M","$","R","M","$","T","M","M","M","R","E","R","B",null,"M","$","M","M","M","R","E","M","T","?","$","E","M","?","R","B"],"character_chosen":"DEFECT","items_purchased":["Lockon"],"campfire_rested":0,"item_purchase_floors":[28],"current_hp_per_floor":[62,62,56,63,63,63,64,64,64,64,64,64,64,62,62,7,50,57,57,55,62,64,64,64,64,64,64,64,58,61,61,61,0,0],"gold":48,"neow_bonus":"REMOVE_TWO","is_daily":false,"chose_seed":false,"campfire_upgraded":5,"win_rate":0.0,"timestamp":1610279864,"path_taken":["M","M","?","M","$","R","M","?","T","M","M","M","R","E","R","BOSS","M","$","M","M","M","R","E","M","T","?","$","E","M","?","R","BOSS"],"items_purchased_type":["Card"],"build_version":"2020-12-22","purchased_purges":3,"victory":false,"max_hp_per_floor":[64,64,64,64,64,64,64,64,64,64,64,64,64,64,64,64,64,64,64,64,64,64,64,64,64,64,64,64,64,64,64,64,64,64],"card_choices":[{"not_picked":["Hologram","Loop"],"picked":"Self Repair","floor":1.0},{"not_picked":["Go for the Eyes","Turbo"],"picked":"Ball Lightning","floor":2.0},{"not_picked":["Compile Driver","Cold Snap"],"picked":"Coolheaded","floor":4.0},{"not_picked":["Ball Lightning","Leap","Hello World"],"picked":"SKIP","floor":7.0},{"not_picked":["Ball Lightning","Leap","Hello World"],"picked":"SKIP","floor":7.0},{"not_picked":["Chaos","Conserve Battery"],"picked":"Glacier","floor":10.0},{"not_picked":["Gash","Hologram"],"picked":"Doom and Gloom","floor":11.0},{"not_picked":["Aggregate","Reprogram"],"picked":"Hologram","floor":12.0},{"not_picked":["Rip and Tear","Self Repair+1"],"picked":"Melter","floor":14.0},{"not_picked":["Hyperbeam","Reboot"],"picked":"Biased Cognition+1","floor":16.0},{"not_picked":["Ball Lightning"],"picked":"SKIP","floor":18.0},{"not_picked":["Ball Lightning"],"picked":"SKIP","floor":20.0},{"not_picked":["Coolheaded"],"picked":"SKIP","floor":21.0},{"not_picked":["Coolheaded"],"picked":"SKIP","floor":22.0},{"not_picked":[],"picked":"Auto Shields+1","floor":24.0},{"not_picked":["Capacitor+1"],"picked":"SKIP","floor":25.0},{"not_picked":["Hyperbeam"],"picked":"SKIP","floor":29},{"not_picked":[],"picked":"Turbo","floor":30}],"player_experience":671067,"relics_obtained":[{"floor":9.0,"key":"Dream Catcher"},{"floor":14.0,"key":"Frozen Egg 2"},{"floor":26.0,"key":"Calipers"},{"floor":29,"key":"White Beast Statue"}],"event_choices":[{"damage_healed":0.0,"max_hp_gain":0.0,"max_hp_loss":0.0,"gold_gain":50.0,"event_name":"FaceTrader","player_choice":"Touch","floor":3.0,"gold_loss":0.0,"damage_taken":6.0},{"cards_removed":["Defend_B"],"damage_healed":0.0,"max_hp_gain":0.0,"max_hp_loss":0.0,"gold_gain":0.0,"event_name":"Beggar","player_choice":"Gave Gold","floor":27.0,"gold_loss":75.0,"damage_taken":0.0},{"damage_healed":0,"gold_gain":0,"player_choice":"Simplicity","damage_taken":0,"max_hp_gain":0,"max_hp_loss":0,"event_name":"Back to Basics","floor":31,"gold_loss":0,"cards_upgraded":["Defend_B","Defend_B"]}],"is_beta":false,"boss_relics":[{"not_picked":["Ectoplasm","Coffee Dripper"],"picked":"Busted Crown"}],"items_purged_floors":[5,8,19],"is_endless":false,"potions_floor_spawned":[1,2,10,12,14,20,24,29,30],"killed_by":"Automaton","ascension_level":16}}