{"host":"kw4o7b3ro2ktmmbe","time":1610259774,"event":{"mods":["BaseMod","Evolution","Minty Spire (QoL Compilation)","StSLib","The Death Knight"],"gold_per_floor":[116,66,66,66,66,66,80,80,80,101,126,162,185,205,205,205,205],"floor_reached":16,"playtime":677,"items_purged":[],"score":163,"play_id":"26d84731-98c6-4401-a0c6-355f5df62b36","local_time":"20210110192254","is_ascension_mode":true,"campfire_choices":[{"data":"DeathKnight:RuneTap","floor":6.0,"key":"SMITH"},{"data":"DeathKnight:BladedArmor","floor":8.0,"key":"SMITH"},{"floor":15,"key":"REST"}],"circlet_count":0,"master_deck":["DeathKnight:DeathAndDecay","DeathKnight:DeathAndDecay","DeathKnight:DeathAndDecay","DeathKnight:DeathAndDecay","DeathKnight:DeathAndDecay","DeathKnight:Ossuary","DeathKnight:Defend_DeathKnight","DeathKnight:Defend_DeathKnight","DeathKnight:Defend_DeathKnight","DeathKnight:Defend_DeathKnight","DeathKnight:RuneTap+1","DeathKnight:RuneStrike","DeathKnight:BladedArmor+1","DeathKnight:Lichborne","DeathKnight:UnholyAssault","DeathKnight:BloodPact"],"relics":["DeathKnight:BrokenRuneblade","EVO:Axolotl","Golden Idol","Darkstone Periapt","Shuriken","DeathKnight:SindragosasSkull"],"acts_visited":["Exordium"],"potions_floor_usage":[],"damage_taken":[{"damage":0.0,"enemies":"2 Louse","floor":1.0,"turns":1.0},{"damage":1.0,"enemies":"Jaw Worm","floor":7.0,"turns":3.0},{"damage":5.0,"enemies":"Small Slimes","floor":10.0,"turns":2.0},{"damage":1.0,"enemies":"Exordium Wildlife","floor":11.0,"turns":3.0},{"damage":16.0,"enemies":"Gremlin Nob","floor":12.0,"turns":4.0},{"damage":5,"enemies":"3 Louse","floor":13,"turns":3},{"damage":7,"enemies":"2 Fungi Beasts","floor":14,"turns":2},{"damage":34,"enemies":"Hexaghost","floor":16,"turns":8}],"seed_played":"-8897745612291135347","potions_obtained":[{"floor":11.0,"key":"Weak Potion"},{"floor":13,"key":"Explosive Potion"}],"is_trial":false,"path_per_floor":["M","?","$","?","?","R","M","R","T","M","M","E","M","M","R","B"],"character_chosen":"DEATH_KNIGHT","items_purchased":[],"campfire_rested":1,"item_purchase_floors":[],"current_hp_per_floor":[82,82,82,60,42,42,41,41,41,36,35,19,14,7,33,0,0],"gold":205,"neow_bonus":"TWENTY_PERCENT_HP_BONUS","is_daily":false,"chose_seed":false,"campfire_upgraded":2,"win_rate":0.0,"timestamp":1610259774,"path_taken":["M","?","$","?","?","R","M","R","T","M","M","E","?","M","R","BOSS"],"items_purchased_type":[],"build_version":"2020-12-22","purchased_purges":0,"victory":false,"max_hp_per_floor":[89,89,89,89,89,89,89,89,89,89,89,89,89,89,89,89,89],"card_choices":[{"not_picked":["DeathKnight:BloodTap","DeathKnight:RaiseAlly","DeathKnight:DeathGrip"],"picked":"SKIP","floor":1.0},{"not_picked":["DeathKnight:BludPresence","DeathKnight:ShatteringStrikes"],"picked":"DeathKnight:BladedArmor","floor":7.0},{"not_picked":["DeathKnight:Marrowrend","DeathKnight:DeathGrip","DeathKnight:UnholyPresence"],"picked":"SKIP","floor":10.0},{"not_picked":["DeathKnight:BludPresence","DeathKnight:IceboundArmor"],"picked":"DeathKnight:Lichborne","floor":11.0},{"not_picked":["DeathKnight:MindFreeze","DeathKnight:FrostStrike","DeathKnight:BoneStorm"],"picked":"SKIP","floor":12.0},{"not_picked":["DeathKnight:HartStrike","DeathKnight:DeathAndDecay"],"picked":"DeathKnight:UnholyAssault","floor":13},{"not_picked":["DeathKnight:PathOfFrost","DeathKnight:ThirstingStrike"],"picked":"DeathKnight:BloodPact","floor":14}],"player_experience":1923516,"relics_obtained":[{"floor":9.0,"key":"Shuriken"},{"floor":12.0,"key":"DeathKnight:SindragosasSkull"}],"event_choices":[{"cards_removed":["Shame"],"damage_healed":0.0,"max_hp_gain":0.0,"max_hp_loss":0.0,"gold_gain":0.0,"event_name":"The Cleric","player_choice":"Card Removal","floor":2.0,"gold_loss":50.0,"damage_taken":0.0},{"damage_healed":0.0,"max_hp_gain":0.0,"max_hp_loss":0.0,"gold_gain":0.0,"event_name":"Golden Idol","player_choice":"Take Damage","floor":4.0,"gold_loss":0.0,"damage_taken":22.0,"relics_obtained":["Golden Idol"]},{"damage_healed":0.0,"max_hp_gain":0.0,"max_hp_loss":0.0,"gold_gain":0.0,"event_name":"Scrap Ooze","player_choice":"Success","floor":5.0,"gold_loss":0.0,"damage_taken":18.0,"relics_obtained":["Darkstone Periapt"]}],"is_beta":false,"boss_relics":[],"items_purged_floors":[],"is_endless":false,"potions_floor_spawned":[11,13],"killed_by":"Hexaghost","ascension_level":7}}