{"host":"91blwi3hgehj6ch9","time":1610243378,"event":{"mods":["2.2 Compatiblity","AchievementEnabler","BaseMod","Colored Map","DeckTracker","Keyboard Shortcuts","Minty Spire (QoL Compilation)","Permanent Neow","Quick Restart","StSLib","SuperFastMode"],"gold_per_floor":[116,116,116,116,41,41,41,56,82,35,35,35,45,45,45,146,146,163,163,89,89,29,29,46,46,46,64,64,79,96,115,115,211,211,228,0,20,20,20,20,20,20],"floor_reached":41,"playtime":2676,"items_purged":["Strike_P"],"score":609,"play_id":"5e7a1429-bfb2-4eff-a89d-8260451c39fd","local_time":"20210110104938","is_ascension_mode":true,"campfire_choices":[{"data":"Eruption","floor":6.0,"key":"SMITH"},{"data":"Prostrate","floor":12.0,"key":"SMITH"},{"data":"Vigilance","floor":15.0,"key":"SMITH"},{"data":"Adaptation","floor":23.0,"key":"SMITH"},{"data":"Adaptation","floor":25.0,"key":"SMITH"},{"floor":32.0,"key":"REST"},{"data":"Judgement","floor":40,"key":"SMITH"}],"circlet_count":0,"master_deck":["AscendersBane","Eruption+1","Vigilance+1","Judgement+1","SashWhip","CutThroughFate","Prostrate+1","DeceiveReality","InnerPeace","Consecrate","Adaptation+1","SignatureMove","FlurryOfBlows","Adaptation+1","Indignation","Protect+1","Finesse"],"relics":["PureWater","MealTicket","Kunai","Pandora\u0027s Box","Dead Branch","Mango","Black Star","Red Mask"],"acts_visited":["Exordium","TheCity","TheBeyond"],"potions_floor_usage":[],"damage_taken":[{"damage":7.0,"enemies":"Cultist","floor":1.0,"turns":5.0},{"damage":3.0,"enemies":"2 Louse","floor":8.0,"turns":2.0},{"damage":0.0,"enemies":"Small Slimes","floor":13.0,"turns":2.0},{"damage":8.0,"enemies":"The Guardian","floor":16.0,"turns":13.0},{"damage":8.0,"enemies":"3 Byrds","floor":18.0,"turns":4.0},{"damage":8.0,"enemies":"Chosen","floor":24.0,"turns":3.0},{"damage":12.0,"enemies":"Centurion and Healer","floor":27.0,"turns":5.0},{"damage":25.0,"enemies":"Snake Plant","floor":29.0,"turns":4.0},{"damage":20.0,"enemies":"Cultist and Chosen","floor":30.0,"turns":6.0},{"damage":1.0,"enemies":"Centurion and Healer","floor":31.0,"turns":3.0},{"damage":20.0,"enemies":"Collector","floor":33.0,"turns":5.0},{"damage":11.0,"enemies":"3 Shapes","floor":35.0,"turns":2.0},{"damage":0.0,"enemies":"3 Darklings","floor":37.0,"turns":4.0},{"damage":39,"enemies":"Giant Head","floor":41,"turns":6}],"seed_played":"6310104931261093308","potions_obtained":[{"floor":13.0,"key":"SneckoOil"},{"floor":16.0,"key":"Block Potion"},{"floor":30.0,"key":"Fire Potion"},{"floor":31.0,"key":"FairyPotion"}],"is_trial":false,"path_per_floor":["M","?","?","?","$","R","$","M","T","$","?","R","M","T","R","B",null,"M","?","$","?","?","R","M","R","T","M","?","M","M","M","R","B",null,"M","?","M","?","$","R","E"],"character_chosen":"WATCHER","items_purchased":["Prostrate","Adaptation"],"campfire_rested":1,"item_purchase_floors":[10,20],"current_hp_per_floor":[58,58,45,45,45,45,45,42,42,57,50,50,50,50,50,42,59,51,51,65,65,65,65,57,57,71,59,59,34,14,13,36,16,63,52,52,52,47,62,62,23,23],"gold":20,"neow_bonus":"THREE_RARE_CARDS","is_daily":false,"chose_seed":false,"campfire_upgraded":6,"win_rate":0.0,"timestamp":1610243378,"path_taken":["M","?","?","?","?","R","$","M","T","$","?","R","?","?","R","BOSS","M","?","$","?","?","R","?","R","T","M","?","M","M","M","R","BOSS","M","?","M","?","?","R","E"],"items_purchased_type":["Card","Card"],"build_version":"2020-12-22","purchased_purges":1,"victory":false,"max_hp_per_floor":[65,65,65,65,65,65,65,65,65,65,65,65,65,65,65,65,65,65,65,65,65,65,65,65,65,79,79,79,79,79,79,79,79,79,79,79,79,79,79,79,79,79],"card_choices":[{"not_picked":["Devotion","MasterReality"],"picked":"Judgement","floor":0.0},{"not_picked":["SignatureMove","Evaluate"],"picked":"SashWhip","floor":1.0},{"not_picked":["SashWhip","Consecrate"],"picked":"CutThroughFate","floor":8.0},{"not_picked":["FlyingSleeves","Collect","EmptyBody"],"picked":"SKIP","floor":13.0},{"not_picked":["InnerPeace","Swivel","Fasting2"],"picked":"SKIP","floor":18.0},{"not_picked":["FlurryOfBlows+1","Protect"],"picked":"Adaptation","floor":24.0},{"not_picked":["ReachHeaven+1","WindmillStrike","ClearTheMind"],"picked":"SKIP","floor":27.0},{"not_picked":["EmptyBody","FlurryOfBlows","DeceiveReality"],"picked":"SKIP","floor":29.0},{"not_picked":["Conclude","Worship+1"],"picked":"Indignation","floor":30.0},{"not_picked":["Consecrate","Halt","Nirvana"],"picked":"SKIP","floor":31.0},{"not_picked":["SashWhip+1","Consecrate"],"picked":"Protect+1","floor":35.0},{"not_picked":["FlurryOfBlows+1","Meditate+1","FlyingSleeves+1"],"picked":"SKIP","floor":37.0},{"not_picked":["Swift Strike","Purity"],"picked":"Finesse","floor":38}],"player_experience":140088,"relics_obtained":[{"floor":9.0,"key":"MealTicket"},{"floor":14.0,"key":"Kunai"},{"floor":26.0,"key":"Mango"}],"event_choices":[{"damage_healed":0.0,"max_hp_gain":0.0,"max_hp_loss":0.0,"gold_gain":0.0,"event_name":"Liars Game","player_choice":"Ignored","floor":2.0,"gold_loss":0.0,"damage_taken":0.0},{"damage_healed":0.0,"max_hp_gain":0.0,"max_hp_loss":0.0,"gold_gain":0.0,"event_name":"Shining Light","player_choice":"Entered Light","floor":3.0,"gold_loss":0.0,"damage_taken":13.0,"cards_upgraded":["Defend_P","Strike_P"]},{"cards_removed":["Defend_P"],"damage_healed":0.0,"max_hp_gain":0.0,"max_hp_loss":0.0,"gold_gain":0.0,"event_name":"Living Wall","player_choice":"Forget","floor":4.0,"gold_loss":0.0,"damage_taken":0.0},{"cards_removed":["Strike_P"],"damage_healed":0.0,"max_hp_gain":0.0,"max_hp_loss":0.0,"gold_gain":0.0,"event_name":"Golden Wing","player_choice":"Card Removal","floor":11.0,"gold_loss":0.0,"damage_taken":7.0},{"damage_healed":0.0,"max_hp_gain":0.0,"max_hp_loss":0.0,"gold_gain":0.0,"event_name":"The Mausoleum","player_choice":"Opened","floor":19.0,"gold_loss":0.0,"damage_taken":0.0,"relics_obtained":["Dead Branch"]},{"damage_healed":0.0,"max_hp_gain":0.0,"max_hp_loss":0.0,"gold_gain":0.0,"event_name":"Vampires","player_choice":"Ignored","floor":21.0,"gold_loss":0.0,"damage_taken":0.0},{"damage_healed":0.0,"max_hp_gain":0.0,"max_hp_loss":0.0,"gold_gain":0.0,"cards_transformed":["WaveOfTheHand","FearNoEvil"],"event_name":"Designer","player_choice":"Transformed Cards","floor":22.0,"gold_loss":60.0,"damage_taken":0.0,"cards_obtained":["SignatureMove","FlurryOfBlows"]},{"damage_healed":0.0,"max_hp_gain":0.0,"max_hp_loss":0.0,"gold_gain":0.0,"event_name":"Ghosts","player_choice":"Ignored","floor":28.0,"gold_loss":0.0,"damage_taken":0.0},{"damage_healed":0.0,"max_hp_gain":0.0,"max_hp_loss":0.0,"gold_gain":0.0,"event_name":"Tomb of Lord Red Mask","player_choice":"Paid","floor":36.0,"gold_loss":228.0,"damage_taken":0.0,"relics_obtained":["Red Mask"]},{"damage_healed":0,"gold_gain":0,"player_choice":"Memory 2","damage_taken":5,"max_hp_gain":0,"max_hp_loss":0,"event_name":"SensoryStone","floor":38,"gold_loss":0}],"is_beta":false,"boss_relics":[{"not_picked":["Busted Crown","SacredBark"],"picked":"Pandora\u0027s Box"},{"not_picked":["Coffee Dripper","HolyWater"],"picked":"Black Star"}],"items_purged_floors":[5],"is_endless":false,"potions_floor_spawned":[13,16,24,30,31,35],"killed_by":"Giant Head","ascension_level":11}}