{"host":"pf5oese4ka0eje7d","time":1610297215,"event":{"mods":["AchievementEnabler","BaseMod","Colored Map","Minty Spire (QoL Compilation)","StSLib","SuperFastMode"],"gold_per_floor":[109,109,8,8,8,22,22,61,61,61,77,77,116,131,131,131,131],"floor_reached":16,"playtime":382,"items_purged":["Strike_G"],"score":146,"play_id":"392df299-aad8-4745-b038-c50a34bfeb48","local_time":"20210110174655","is_ascension_mode":true,"campfire_choices":[{"floor":7,"key":"REST"},{"floor":12,"key":"REST"},{"floor":15,"key":"REST"}],"circlet_count":0,"master_deck":["Strike_G","Strike_G","Strike_G+1","Strike_G","Defend_G","Defend_G+1","Defend_G","Defend_G","Defend_G","Survivor","Neutralize","Bane","Deadly Poison","Backflip","Cloak And Dagger","Deadly Poison"],"relics":["Ring of the Snake","Golden Idol","Thread and Needle","Torii","Tiny Chest","Ninja Scroll"],"acts_visited":["Exordium"],"potions_floor_usage":[16],"damage_taken":[{"damage":2,"enemies":"Cultist","floor":1,"turns":5},{"damage":0,"enemies":"2 Louse","floor":6,"turns":3},{"damage":44,"enemies":"3 Sentries","floor":8,"turns":14},{"damage":0,"enemies":"Small Slimes","floor":11,"turns":4},{"damage":27,"enemies":"Gremlin Nob","floor":13,"turns":5},{"damage":0,"enemies":"Exordium Thugs","floor":14,"turns":4},{"damage":49,"enemies":"Slime Boss","floor":16,"turns":8}],"seed_played":"2473651357697916665","potions_obtained":[{"floor":8,"key":"GamblersBrew"},{"floor":14,"key":"Ancient Potion"}],"is_trial":false,"path_per_floor":["M","?","$","?","?","M","R","E","T","?","M","R","E","M","R","B"],"character_chosen":"THE_SILENT","items_purchased":["Deadly Poison"],"campfire_rested":3,"item_purchase_floors":[3],"current_hp_per_floor":[68,68,68,54,47,47,68,24,24,24,24,45,18,18,39,0,0],"gold":131,"neow_bonus":"TEN_PERCENT_HP_BONUS","is_daily":false,"chose_seed":false,"campfire_upgraded":0,"win_rate":0.0,"timestamp":1610297215,"path_taken":["M","?","$","?","?","M","R","E","T","?","M","R","E","M","R","BOSS"],"items_purchased_type":["Card"],"build_version":"2020-12-22","purchased_purges":1,"victory":false,"max_hp_per_floor":[77,71,71,71,71,71,71,71,71,71,71,71,71,71,71,71,71],"card_choices":[{"not_picked":["Prepared","Dagger Throw"],"picked":"Bane","floor":1},{"not_picked":["Acrobatics","Slice"],"picked":"Backflip","floor":6},{"not_picked":["Underhanded Strike","Choke"],"picked":"Cloak And Dagger","floor":8},{"not_picked":["All Out Attack","Dodge and Roll","Distraction"],"picked":"SKIP","floor":11},{"not_picked":["Tactician","Flechettes","Deflect"],"picked":"SKIP","floor":13},{"not_picked":["Die Die Die","Prepared"],"picked":"Deadly Poison","floor":14}],"player_experience":316616,"relics_obtained":[{"floor":8,"key":"Torii"},{"floor":9,"key":"Tiny Chest"},{"floor":13,"key":"Ninja Scroll"}],"event_choices":[{"damage_healed":0,"gold_gain":0,"player_choice":"Lose Max HP","damage_taken":0,"relics_obtained":["Golden Idol"],"max_hp_gain":0,"max_hp_loss":6,"event_name":"Golden Idol","floor":2,"gold_loss":0},{"damage_healed":0,"gold_gain":0,"player_choice":"Entered Light","damage_taken":14,"max_hp_gain":0,"max_hp_loss":0,"event_name":"Shining Light","floor":4,"gold_loss":0,"cards_upgraded":["Strike_G","Defend_G"]},{"damage_healed":0,"gold_gain":0,"player_choice":"Success","damage_taken":7,"relics_obtained":["Thread and Needle"],"max_hp_gain":0,"max_hp_loss":0,"event_name":"Scrap Ooze","floor":5,"gold_loss":0},{"damage_healed":0,"gold_gain":0,"player_choice":"Ignored","damage_taken":0,"max_hp_gain":0,"max_hp_loss":0,"event_name":"Liars Game","floor":10,"gold_loss":0}],"is_beta":false,"boss_relics":[],"items_purged_floors":[3],"is_endless":false,"potions_floor_spawned":[8,14],"killed_by":"Slime Boss","ascension_level":7}}