{"host":"1a3cjta80tad0aqj","time":1610292885,"event":{"mods":["2.2 Compatiblity","AchievementEnabler","BaseMod","Colored Map","DeckTracker","KOR Keyword Fix","Keyboard Shortcuts","Minty Spire (QoL Compilation)","Permanent Neow","Quick Restart","Random Character Button","StSLib","SuperFastMode","everything is the same but u backflip on backflip"],"gold_per_floor":[114,39,39,54,54,84,97,97,122,137,137,167,207,222,222,322,322,337,352,367,382,392,392,142,142,167,167,182,182,197,72,72,172,172,187,187,187,202,217,217,232,232,232,232,82,85,85,85,85,85],"floor_reached":51,"playtime":2625,"items_purged":["Defend_P","Strike_P","Strike_P","Capacitor"],"score":803,"play_id":"1604bf2c-6180-4a88-9cf1-516b48fad2e8","local_time":"20210111003445","daily_mods":["Specialized","Diverse","Night Terrors"],"is_ascension_mode":false,"campfire_choices":[{"data":"Perfected Strike","floor":8.0,"key":"SMITH"},{"data":"Eruption","floor":15.0,"key":"SMITH"},{"data":"Buffer","floor":23.0,"key":"SMITH"},{"data":"ReachHeaven","floor":25.0,"key":"SMITH"},{"floor":32.0,"key":"REST"},{"data":"Sunder","floor":40.0,"key":"SMITH"},{"data":"Beam Cell","floor":42.0,"key":"SMITH"},{"floor":49.0,"key":"REST"}],"circlet_count":0,"master_deck":["Eruption+1","Vigilance","Accuracy","Accuracy","Accuracy","Accuracy","Accuracy","Perfected Strike+1","Conserve Battery","EmptyBody","ReachHeaven+1","FollowUp","Buffer+1","Feed","Sunder+1","Shockwave+1","Beam Cell+1","Force Field","Sunder+1","SpiritShield","Havoc","Corpse Explosion","Uppercut","BootSequence+1","PiercingWail","Panache"],"relics":["PureWater","Mummified Hand","Pear","Odd Mushroom","Strawberry","Boot","Bag of Marbles","Runic Pyramid","Red Mask","Lantern","Vajra","Pandora\u0027s Box","Omamori","Thread and Needle"],"acts_visited":["Exordium","TheCity","TheBeyond"],"potions_floor_usage":[50,50,50],"damage_taken":[{"damage":0.0,"enemies":"2 Louse","floor":1.0,"turns":2.0},{"damage":15.0,"enemies":"Cultist","floor":4.0,"turns":6.0},{"damage":18.0,"enemies":"Lagavulin","floor":6.0,"turns":4.0},{"damage":24.0,"enemies":"The Mushroom Lair","floor":7.0,"turns":5.0},{"damage":5.0,"enemies":"Small Slimes","floor":10.0,"turns":4.0},{"damage":6.0,"enemies":"Gremlin Nob","floor":12.0,"turns":3.0},{"damage":26.0,"enemies":"Lagavulin Event","floor":13.0,"turns":3.0},{"damage":7.0,"enemies":"2 Fungi Beasts","floor":14.0,"turns":3.0},{"damage":0.0,"enemies":"Slime Boss","floor":16.0,"turns":5.0},{"damage":18.0,"enemies":"2 Thieves","floor":18.0,"turns":3.0},{"damage":5.0,"enemies":"Chosen","floor":19.0,"turns":3.0},{"damage":11.0,"enemies":"Snake Plant","floor":20.0,"turns":4.0},{"damage":20.0,"enemies":"Cultist and Chosen","floor":21.0,"turns":8.0},{"damage":19.0,"enemies":"Masked Bandits","floor":22.0,"turns":4.0},{"damage":0.0,"enemies":"Colosseum Slavers","floor":27.0,"turns":3.0},{"damage":0.0,"enemies":"Centurion and Healer","floor":28.0,"turns":3.0},{"damage":7.0,"enemies":"Snake Plant","floor":30.0,"turns":3.0},{"damage":85.0,"enemies":"Collector","floor":33.0,"turns":8.0},{"damage":0.0,"enemies":"3 Darklings","floor":35.0,"turns":4.0},{"damage":0.0,"enemies":"3 Shapes","floor":38.0,"turns":5.0},{"damage":0.0,"enemies":"Spire Growth","floor":39.0,"turns":2.0},{"damage":22.0,"enemies":"Sphere and 2 Shapes","floor":41.0,"turns":5.0},{"damage":38.0,"enemies":"2 Orb Walkers","floor":46.0,"turns":4.0},{"damage":77,"enemies":"Awakened One","floor":50,"turns":8}],"seed_played":"-956745095108410897","potions_obtained":[{"floor":1.0,"key":"Fire Potion"},{"floor":7.0,"key":"SkillPotion"},{"floor":13.0,"key":"Dexterity Potion"},{"floor":14.0,"key":"Explosive Potion"},{"floor":16.0,"key":"Weak Potion"},{"floor":20.0,"key":"GamblersBrew"},{"floor":21.0,"key":"SneckoOil"},{"floor":30.0,"key":"Energy Potion"},{"floor":33.0,"key":"Strength Potion"},{"floor":36.0,"key":"Ambrosia"},{"floor":36.0,"key":"DuplicationPotion"},{"floor":39.0,"key":"LiquidMemories"}],"is_trial":false,"path_per_floor":["M","$","?","M","?","E","?","R","T","M","?","E","?","M","R","B",null,"M","M","M","M","?","R","$","R","T","?","M","$","M","$","R","B",null,"M","?","$","M","M","R","M","R","T","?","$","?","?","?","R","B",null],"character_chosen":"WATCHER","items_purchased":["Lantern"],"campfire_rested":2,"item_purchase_floors":[24],"current_hp_per_floor":[72,72,72,57,50,42,18,18,25,20,49,43,17,10,10,10,89,71,66,58,41,22,22,22,22,22,25,28,28,24,24,99,17,102,102,102,102,105,108,108,89,89,89,89,89,51,51,51,100,23],"gold":85,"neow_bonus":"","is_daily":true,"chose_seed":false,"campfire_upgraded":6,"win_rate":0.0,"timestamp":1610292885,"path_taken":["M","$","?","?","?","E","?","R","T","M","?","E","?","M","R","BOSS","M","M","M","M","?","R","$","R","T","?","M","$","M","$","R","BOSS","M","?","?","M","?","R","M","R","T","?","$","?","?","?","R","BOSS"],"items_purchased_type":["Relic"],"build_version":"2020-12-22","purchased_purges":4,"victory":true,"max_hp_per_floor":[72,72,72,72,72,82,82,82,89,89,89,89,89,89,89,89,89,89,89,92,95,95,95,95,95,95,98,101,101,104,104,99,102,102,102,102,102,105,108,108,111,111,111,105,105,105,105,105,100,100],"card_choices":[{"not_picked":["Finisher","Flechettes","Clothesline"],"picked":"SKIP","floor":1.0},{"not_picked":["Bane","Footwork"],"picked":"Perfected Strike","floor":4.0},{"not_picked":["Halt","Wild Strike"],"picked":"Conserve Battery","floor":6.0},{"not_picked":["SashWhip","Intimidate"],"picked":"EmptyBody","floor":7.0},{"not_picked":["Underhanded Strike","Noxious Fumes"],"picked":"ReachHeaven","floor":10.0},{"not_picked":["Prostrate","Riddle With Holes"],"picked":"FollowUp","floor":12.0},{"not_picked":["Meditate","Consecrate"],"picked":"Buffer","floor":14.0},{"not_picked":["Double Tap","Reaper"],"picked":"Feed","floor":16.0},{"not_picked":["Dagger Throw","FlyingSleeves"],"picked":"Sunder","floor":18.0},{"not_picked":["Cold Snap","Rip and Tear+1","True Grit+1"],"picked":"SKIP","floor":19.0},{"not_picked":["Pray","Sword Boomerang","Twin Strike"],"picked":"SKIP","floor":20.0},{"not_picked":["EmptyBody+1","Scrape"],"picked":"Shockwave+1","floor":21.0},{"not_picked":["Predator","Steam Power+1"],"picked":"Beam Cell","floor":22.0},{"not_picked":["Ball Lightning+1","ClearTheMind"],"picked":"Force Field","floor":28.0},{"not_picked":["Turbo","Intimidate"],"picked":"Sunder+1","floor":30.0},{"not_picked":["Multi-Cast","Reboot"],"picked":"SpiritShield","floor":33.0},{"not_picked":["Pommel Strike","Quick Slash"],"picked":"BootSequence+1","floor":35.0},{"not_picked":["Shrug It Off","Pummel","Glacier"],"picked":"SKIP","floor":38.0},{"not_picked":["PathToVictory","Glacier+1","ThirdEye"],"picked":"SKIP","floor":39.0},{"not_picked":["Halt+1","JustLucky","Twin Strike"],"picked":"SKIP","floor":41.0},{"not_picked":["Sentinel","Quick Slash"],"picked":"PiercingWail","floor":46.0},{"not_picked":["Panacea","Enlightenment"],"picked":"Panache","floor":48.0}],"player_experience":275799,"relics_obtained":[{"floor":6.0,"key":"Pear"},{"floor":7.0,"key":"Odd Mushroom"},{"floor":9.0,"key":"Strawberry"},{"floor":12.0,"key":"Boot"},{"floor":22.0,"key":"Red Mask"},{"floor":26.0,"key":"Vajra"},{"floor":43.0,"key":"Omamori"},{"floor":46.0,"key":"Thread and Needle"}],"event_choices":[{"cards_removed":["Defend_P"],"damage_healed":0.0,"max_hp_gain":0.0,"max_hp_loss":0.0,"gold_gain":0.0,"event_name":"Bonfire Elementals","player_choice":"Offered Basic","floor":3.0,"gold_loss":0.0,"damage_taken":0.0},{"damage_healed":0.0,"max_hp_gain":0.0,"max_hp_loss":0.0,"gold_gain":0.0,"event_name":"Scrap Ooze","player_choice":"Success","floor":5.0,"gold_loss":0.0,"damage_taken":7.0,"relics_obtained":["Mummified Hand"]},{"damage_healed":0.0,"max_hp_gain":0.0,"max_hp_loss":0.0,"gold_gain":0.0,"event_name":"Mushrooms","player_choice":"Fought Mushrooms","floor":7.0,"gold_loss":0.0,"damage_taken":0.0},{"damage_healed":29.0,"max_hp_gain":0.0,"max_hp_loss":0.0,"gold_gain":0.0,"event_name":"Big Fish","player_choice":"Banana","floor":11.0,"gold_loss":0.0,"damage_taken":0.0},{"damage_healed":0.0,"max_hp_gain":0.0,"max_hp_loss":0.0,"gold_gain":0.0,"event_name":"Dead Adventurer","player_choice":"Searched \u00272\u0027 times","floor":13.0,"gold_loss":0.0,"damage_taken":0.0,"relics_obtained":["Bag of Marbles"]},{"damage_healed":0.0,"max_hp_gain":0.0,"max_hp_loss":0.0,"gold_gain":0.0,"event_name":"Masked Bandits","player_choice":"Fought Bandits","floor":22.0,"gold_loss":0.0,"damage_taken":0.0},{"damage_healed":0.0,"max_hp_gain":0.0,"max_hp_loss":0.0,"gold_gain":0.0,"event_name":"Colosseum","player_choice":"Fight","floor":27.0,"gold_loss":0.0,"damage_taken":0.0},{"damage_healed":0.0,"max_hp_gain":0.0,"max_hp_loss":0.0,"gold_gain":0.0,"event_name":"Colosseum","player_choice":"Fled From Nobs","floor":27.0,"gold_loss":0.0,"damage_taken":0.0},{"damage_healed":0.0,"max_hp_gain":0.0,"max_hp_loss":0.0,"gold_gain":0.0,"event_name":"Lab","player_choice":"Got Potions","floor":36.0,"gold_loss":0.0,"damage_taken":0.0},{"damage_healed":0.0,"max_hp_gain":0.0,"max_hp_loss":6.0,"gold_gain":0.0,"event_name":"Winding Halls","player_choice":"Max HP","floor":44.0,"gold_loss":0.0,"damage_taken":0.0},{"damage_healed":0.0,"max_hp_gain":0.0,"max_hp_loss":0.0,"gold_gain":0.0,"event_name":"Mysterious Sphere","player_choice":"Fight","floor":46.0,"gold_loss":0.0,"damage_taken":0.0},{"damage_healed":0.0,"max_hp_gain":0.0,"max_hp_loss":0.0,"gold_gain":0.0,"event_name":"Tomb of Lord Red Mask","player_choice":"Ignored","floor":47.0,"gold_loss":0.0,"damage_taken":0.0},{"damage_healed":0.0,"max_hp_gain":0.0,"max_hp_loss":0.0,"gold_gain":0.0,"event_name":"SensoryStone","player_choice":"Memory 1","floor":48.0,"gold_loss":0.0,"damage_taken":0.0}],"is_beta":false,"boss_relics":[{"not_picked":["Fusion Hammer","Velvet Choker"],"picked":"Runic Pyramid"},{"not_picked":["Snecko Eye","SacredBark"],"picked":"Pandora\u0027s Box"}],"items_purged_floors":[2,24,31,45],"is_endless":false,"potions_floor_spawned":[1,7,13,14,16,20,21,22,30,33,38,39,41],"ascension_level":0}}