{"host":"a1u4jo6xlg3w0wsm","time":1610243001,"event":{"mods":["BaseMod","Better Third Choice","DeckTracker","Downfall","Hermit","Hubris","Minty Spire (QoL Compilation)","Rare Cards Sparkle","Replay The Spire","StSLib","The Cursed"],"gold_per_floor":[110,110,128,128,70,104,104,133,160,160,210,15,26,51,51,150,150,161,17,35,0,18,18,18,18],"floor_reached":24,"playtime":1144,"items_purged":["Strike_R","ReplayTheSpireMod:Splinters"],"score":274,"play_id":"40723f0c-f1a1-4c19-bd1d-7c30c0ae809c","local_time":"20210110144321","is_ascension_mode":true,"campfire_choices":[{"data":"Hemogenesis","floor":7,"key":"SMITH"},{"data":"Combust","floor":10,"key":"SMITH"},{"data":"Rupture","floor":15,"key":"SMITH"},{"floor":23,"key":"REST"}],"circlet_count":0,"master_deck":["Strike_R","Strike_R","Defend_R","Defend_R","Defend_R","Defend_R","Bash","ReplayTheSpireMod:Stacked","Combust+1","Cleave","Inflame","Inflame","Hemogenesis+1","Defy Death","Twin Strike","Replay:Undeath\u0027s Touch","Inflame","Rupture+1","Berserk","Evolve","Fire Breathing","Shrug It Off","Inflame","Headbutt","Rage"],"relics":["Burning Blood","NeowsBlessing","hubris:Towel","ReplayTheSpireMod:TigerMarble","Vajra","Toy Ornithopter","Ring of Greed","Membership Card","MealTicket","Replay:PocketPolymizer","hubris:CuriousFeather","Black Star","Sling"],"acts_visited":["Exordium","TheCity"],"potions_floor_usage":[14,18,20,24],"damage_taken":[{"damage":0,"enemies":"Small Slimes","floor":1,"turns":1},{"damage":0,"enemies":"Jaw Worm","floor":3,"turns":1},{"damage":0,"enemies":"3 Sentries","floor":6,"turns":2},{"damage":34,"enemies":"Gremlin Nob","floor":8,"turns":6},{"damage":0,"enemies":"2 Louse","floor":13,"turns":2},{"damage":32,"enemies":"Lagavulin","floor":14,"turns":7},{"damage":40,"enemies":"Fading Forest","floor":16,"turns":11},{"damage":61,"enemies":"3 Byrds","floor":18,"turns":4},{"damage":22,"enemies":"Chosen","floor":20,"turns":5},{"damage":59,"enemies":"Snake Plant","floor":22,"turns":5},{"damage":9,"enemies":"Centurion and Healer","floor":24,"turns":2}],"seed_played":"2853468141225908480","potions_obtained":[{"floor":8,"key":"SkillPotion"},{"floor":16,"key":"Regen Potion"},{"floor":18,"key":"AttackPotion"},{"floor":22,"key":"LiquidBronze"}],"is_trial":false,"path_per_floor":["M","?","M","?","$","E","R","E","T","R","?","$","M","E","R","B",null,"M","$","M","$","M","R","M"],"character_chosen":"IRONCLAD","items_purchased":["Inflame","Replay:PocketPolymizer","Twin Strike","Fire Breathing","Sling","Inflame"],"campfire_rested":1,"item_purchase_floors":[5,12,12,19,19,21],"current_hp_per_floor":[80,80,80,80,80,80,80,58,58,58,58,73,79,66,66,67,80,35,50,47,62,9,33,37,37],"gold":18,"neow_bonus":"THREE_ENEMY_KILL","is_daily":false,"chose_seed":false,"campfire_upgraded":3,"win_rate":0.0,"timestamp":1610243001,"path_taken":["M","?","M","?","$","E","R","E","T","R","?","?","M","E","R","BOSS","M","$","M","$","M","R","M"],"items_purchased_type":["Card","Relic","Card","Card","Relic","Card"],"build_version":"2020-12-13","purchased_purges":2,"victory":false,"max_hp_per_floor":[80,80,80,80,80,80,80,80,80,80,80,80,80,80,80,80,80,80,80,80,80,80,80,80,80],"card_choices":[{"not_picked":["ReplayTheSpireMod:Strike From Hell","Run Through"],"picked":"ReplayTheSpireMod:Stacked","floor":1},{"not_picked":["Shrug It Off","Sword Boomerang"],"picked":"Cleave","floor":3},{"not_picked":["Flex","Warcry"],"picked":"Hemogenesis","floor":6},{"not_picked":["Sever Soul","Body Slam"],"picked":"Defy Death","floor":8},{"not_picked":["Pummel","Ghostly Armor"],"picked":"Replay:Undeath\u0027s Touch","floor":13},{"not_picked":["Flame Barrier","Sword Boomerang"],"picked":"Inflame","floor":14},{"not_picked":["Corruption","Impervious"],"picked":"Berserk","floor":16},{"not_picked":["Flame Barrier+1","Thunderclap"],"picked":"Evolve","floor":18},{"not_picked":["Replay:Undeath\u0027s Touch","Flex+1"],"picked":"Shrug It Off","floor":20},{"not_picked":["Ghostly Armor","Bludgeon"],"picked":"Headbutt","floor":22}],"player_experience":321345,"relics_obtained":[{"floor":6,"key":"ReplayTheSpireMod:TigerMarble"},{"floor":8,"key":"Vajra"},{"floor":9,"key":"Toy Ornithopter"},{"floor":11,"key":"Ring of Greed"},{"floor":11,"key":"Membership Card"},{"floor":11,"key":"MealTicket"},{"floor":14,"key":"hubris:CuriousFeather"}],"event_choices":[],"is_beta":false,"boss_relics":[{"not_picked":["Replay:Bronze Core","Velvet Choker"],"picked":"Black Star"}],"items_purged_floors":[12,19],"is_endless":false,"potions_floor_spawned":[8,16,18,22],"killed_by":"Centurion and Healer","ascension_level":1}}