{"host":"gf95gjygaqy6b70i","time":1610288937,"event":{"mods":["BaseMod","Colored Map","Colored Powertips","Minty Spire (QoL Compilation)"],"gold_per_floor":[210,5,20,35,55,83,83,83,106,132,150,3,16,34,34,130,130,147,37,52,52,52,67,93,93,93,93,21,21,49,64,64,163,163,173,173,192,192,246,272,26,42,42,0,0,32,32,32,32,32,32,32,32,63,63,63],"floor_reached":55,"playtime":2369,"items_purged":[],"score":748,"play_id":"1a8d927d-dfb1-404e-b9fb-a1415775c9d6","local_time":"20210110152857","is_ascension_mode":false,"campfire_choices":[{"floor":8.0,"key":"REST"},{"data":"Fire Breathing","floor":15.0,"key":"SMITH"},{"floor":27.0,"key":"RECALL"},{"data":"Evolve","floor":29.0,"key":"SMITH"},{"data":"J.A.X.","floor":32.0,"key":"SMITH"},{"data":"Barricade","floor":45.0,"key":"SMITH"},{"floor":47.0,"key":"REST"},{"data":"Metallicize","floor":49.0,"key":"SMITH"},{"data":"Bash","floor":52,"key":"SMITH"}],"circlet_count":0,"master_deck":["Strike_R","Strike_R","Strike_R","Strike_R","Strike_R","Defend_R","Defend_R","Defend_R","Defend_R","Bash+1","Cleave","Shrug It Off","Thunderclap","Seeing Red+1","Shockwave+1","Fire Breathing+1","Evolve+1","Reaper","Pommel Strike","Ghostly Armor","Juggernaut","CurseOfTheBell","Reckless Charge","Metallicize+1","Spot Weakness","Shrug It Off+1","J.A.X.+1","Shame","Power Through","Iron Wave","Feel No Pain","Metallicize","Body Slam+1","Barricade+1","Pummel+1","Sword Boomerang+1","Dropkick","Flame Barrier","Inflame"],"relics":["Burning Blood","Vajra","Red Skull","Pen Nib","MealTicket","Anchor","Calling Bell","Strawberry","Gremlin Horn","FossilizedHelix","WingedGreaves","Mercury Hourglass","Kunai","Sozu","Juzu Bracelet","Lizard Tail","MawBank","Bottled Tornado","Paper Frog","Red Mask","Meat on the Bone","Nunchaku"],"acts_visited":["Exordium","TheCity","TheBeyond","TheEnding"],"potions_floor_usage":[],"damage_taken":[{"damage":10.0,"enemies":"Cultist","floor":1.0,"turns":4.0},{"damage":0.0,"enemies":"Small Slimes","floor":3.0,"turns":3.0},{"damage":0.0,"enemies":"2 Louse","floor":4.0,"turns":1.0},{"damage":16.0,"enemies":"Red Slaver","floor":5.0,"turns":3.0},{"damage":16.0,"enemies":"Gremlin Nob","floor":6.0,"turns":4.0},{"damage":18.0,"enemies":"3 Sentries","floor":10.0,"turns":5.0},{"damage":5.0,"enemies":"Looter","floor":11.0,"turns":2.0},{"damage":18.0,"enemies":"Exordium Wildlife","floor":13.0,"turns":5.0},{"damage":16.0,"enemies":"Exordium Thugs","floor":14.0,"turns":3.0},{"damage":45.0,"enemies":"Hexaghost","floor":16.0,"turns":11.0},{"damage":0.0,"enemies":"Chosen","floor":18.0,"turns":6.0},{"damage":0.0,"enemies":"3 Byrds","floor":20.0,"turns":2.0},{"damage":3.0,"enemies":"Snecko","floor":23.0,"turns":6.0},{"damage":19.0,"enemies":"Slavers","floor":24.0,"turns":5.0},{"damage":40.0,"enemies":"Book of Stabbing","floor":30.0,"turns":7.0},{"damage":18.0,"enemies":"3 Cultists","floor":31.0,"turns":3.0},{"damage":39.0,"enemies":"Automaton","floor":33.0,"turns":9.0},{"damage":1.0,"enemies":"3 Shapes","floor":35.0,"turns":3.0},{"damage":0.0,"enemies":"Orb Walker","floor":37.0,"turns":2.0},{"damage":32.0,"enemies":"2 Orb Walkers","floor":39.0,"turns":4.0},{"damage":24.0,"enemies":"Nemesis","floor":40.0,"turns":9.0},{"damage":0.0,"enemies":"4 Shapes","floor":42.0,"turns":4.0},{"damage":42.0,"enemies":"Reptomancer","floor":46.0,"turns":7.0},{"damage":80,"enemies":"Awakened One","floor":50,"turns":11},{"damage":114,"enemies":"Shield and Spear","floor":54,"turns":9},{"damage":67,"enemies":"The Heart","floor":55,"turns":8}],"seed_played":"-1175154640083985912","potions_obtained":[{"floor":4.0,"key":"PowerPotion"},{"floor":5.0,"key":"SteroidPotion"},{"floor":10.0,"key":"Explosive Potion"},{"floor":14.0,"key":"DistilledChaos"},{"floor":16.0,"key":"Explosive Potion"},{"floor":20.0,"key":"SkillPotion"},{"floor":30.0,"key":"Explosive Potion"},{"floor":31.0,"key":"Swift Potion"}],"is_trial":false,"path_per_floor":["M","$","M","M","M","E","?","R","T","E","M","$","M","M","R","B",null,"M","$","M","?","?","M","E","?","T","R","$","R","E","M","R","B",null,"M","T","M","?","?","E","$","M","T","?","R","E","R","$","R","B",null,"R","$","E","B"],"character_chosen":"IRONCLAD","items_purchased":["Vajra","Shrug It Off","Anchor","Metallicize","Spot Weakness","Feel No Pain","Bottled Tornado"],"campfire_rested":2,"item_purchase_floors":[2,2,12,19,19,28,41],"current_hp_per_floor":[76,76,80,80,70,60,44,68,68,56,57,72,65,66,66,34,87,87,87,87,87,87,87,74,68,68,68,83,83,68,71,71,50,87,87,87,87,87,87,69,84,87,87,87,87,51,77,87,87,53,87,87,87,44,0,0],"gold":63,"neow_bonus":"HUNDRED_GOLD","is_daily":false,"chose_seed":false,"campfire_upgraded":6,"win_rate":0.0,"timestamp":1610288937,"path_taken":["M","$","M","M","?","E","?","R","T","E","M","$","M","M","R","BOSS","M","$","M","?","?","M","E","?","T","R","$","R","E","M","R","BOSS","M","?","M","?","?","E","$","M","T","?","R","E","R","$","R","BOSS","R","$","E","BOSS"],"items_purchased_type":["Relic","Card","Relic","Card","Card","Card","Relic"],"build_version":"2020-12-22","purchased_purges":0,"victory":false,"max_hp_per_floor":[80,80,80,80,80,80,80,80,80,80,80,80,80,80,80,80,87,87,87,87,87,87,87,87,87,87,87,87,87,87,87,87,87,87,87,87,87,87,87,87,87,87,87,87,87,87,87,87,87,87,87,87,87,87,87,87],"card_choices":[{"not_picked":["Pommel Strike","Heavy Blade"],"picked":"Cleave","floor":1.0},{"not_picked":["Body Slam","Bloodletting"],"picked":"Thunderclap","floor":3.0},{"not_picked":["Dark Embrace","Warcry"],"picked":"Seeing Red","floor":4.0},{"not_picked":["Anger","Armaments"],"picked":"Shockwave","floor":5.0},{"not_picked":["Hemokinesis","Feel No Pain"],"picked":"Fire Breathing","floor":6.0},{"not_picked":["Iron Wave","Pummel"],"picked":"Evolve","floor":10.0},{"not_picked":["Thunderclap","Iron Wave"],"picked":"Reaper","floor":11.0},{"not_picked":["Iron Wave","Shrug It Off"],"picked":"Pommel Strike","floor":13.0},{"not_picked":["Twin Strike","Anger"],"picked":"Ghostly Armor","floor":14.0},{"not_picked":["Double Tap","Brutality"],"picked":"Juggernaut","floor":16.0},{"not_picked":["Twin Strike","Clash"],"picked":"Reckless Charge","floor":18.0},{"not_picked":["Warcry","Double Tap"],"picked":"Shrug It Off+1","floor":20.0},{"not_picked":["Pummel","Combust"],"picked":"Power Through","floor":23.0},{"not_picked":["Rage","Flex"],"picked":"Iron Wave","floor":24.0},{"not_picked":["Reckless Charge+1","Pummel"],"picked":"Metallicize","floor":30.0},{"not_picked":["Perfected Strike","Twin Strike"],"picked":"Body Slam+1","floor":31.0},{"not_picked":["Reaper","Bludgeon"],"picked":"Barricade","floor":33.0},{"not_picked":["Rampage","Armaments"],"picked":"Twin Strike+1","floor":35.0},{"not_picked":["Iron Wave","Blood for Blood"],"picked":"Pummel+1","floor":37.0},{"not_picked":["Perfected Strike+1","Iron Wave"],"picked":"Sword Boomerang+1","floor":39.0},{"not_picked":["Whirlwind","Twin Strike+1"],"picked":"Dropkick","floor":40.0},{"not_picked":["Ghostly Armor","Evolve"],"picked":"Flame Barrier","floor":42.0},{"not_picked":["Anger+1","Sword Boomerang","True Grit"],"picked":"SKIP","floor":46.0},{"not_picked":["Reaper","Ghostly Armor+1"],"picked":"Inflame","floor":54}],"player_experience":29355,"relics_obtained":[{"floor":6.0,"key":"Red Skull"},{"floor":9.0,"key":"Pen Nib"},{"floor":10.0,"key":"MealTicket"},{"floor":17.0,"key":"Strawberry"},{"floor":17.0,"key":"Gremlin Horn"},{"floor":17.0,"key":"FossilizedHelix"},{"floor":24.0,"key":"Mercury Hourglass"},{"floor":30.0,"key":"Kunai"},{"floor":36.0,"key":"Juzu Bracelet"},{"floor":39.0,"key":"Lizard Tail"},{"floor":40.0,"key":"MawBank"},{"floor":43.0,"key":"Paper Frog"},{"floor":46.0,"key":"Meat on the Bone"},{"floor":54,"key":"Nunchaku"}],"event_choices":[{"damage_healed":0.0,"max_hp_gain":0.0,"max_hp_loss":0.0,"gold_gain":0.0,"event_name":"Shining Light","player_choice":"Entered Light","floor":7.0,"gold_loss":0.0,"damage_taken":16.0,"cards_upgraded":["Seeing Red","Shockwave"]},{"damage_healed":0.0,"max_hp_gain":0.0,"max_hp_loss":0.0,"gold_gain":0.0,"event_name":"Drug Dealer","player_choice":"Obtain J.A.X.","floor":21.0,"gold_loss":0.0,"damage_taken":0.0,"cards_obtained":["J.A.X."]},{"damage_healed":0.0,"max_hp_gain":0.0,"max_hp_loss":0.0,"gold_gain":0.0,"event_name":"Addict","player_choice":"Stole Relic","floor":22.0,"gold_loss":0.0,"damage_taken":0.0,"relics_obtained":["WingedGreaves"],"cards_obtained":["Shame"]},{"damage_healed":0.0,"max_hp_gain":0.0,"max_hp_loss":0.0,"gold_gain":0.0,"event_name":"Knowing Skull","player_choice":"","floor":25.0,"potions_obtained":[],"gold_loss":0.0,"damage_taken":6.0,"cards_obtained":[]},{"cards_removed":["Twin Strike"],"damage_healed":5.0,"max_hp_gain":0.0,"max_hp_loss":0.0,"gold_gain":0.0,"event_name":"Bonfire Elementals","player_choice":"Offered Common","floor":38.0,"gold_loss":0.0,"damage_taken":0.0},{"cards_removed":["Twin Strike"],"damage_healed":5.0,"max_hp_gain":0.0,"max_hp_loss":0.0,"gold_gain":0.0,"event_name":"Bonfire Elementals","player_choice":"Offered Special","floor":38.0,"gold_loss":0.0,"damage_taken":0.0},{"damage_healed":0.0,"max_hp_gain":0.0,"max_hp_loss":0.0,"gold_gain":0.0,"event_name":"Mysterious Sphere","player_choice":"Fight","floor":39.0,"gold_loss":0.0,"damage_taken":0.0},{"damage_healed":0.0,"max_hp_gain":0.0,"max_hp_loss":0.0,"gold_gain":0.0,"event_name":"Tomb of Lord Red Mask","player_choice":"Paid","floor":44.0,"gold_loss":42.0,"damage_taken":0.0,"relics_obtained":["Red Mask"]}],"is_beta":false,"boss_relics":[{"not_picked":["SlaversCollar","Astrolabe"],"picked":"Calling Bell"},{"not_picked":["Black Star","Philosopher\u0027s Stone"],"picked":"Sozu"}],"items_purged_floors":[],"is_endless":false,"potions_floor_spawned":[4,5,10,14,16,20,30,31,35,39,46,54],"killed_by":"The Heart","ascension_level":0}}