{"host":"qfrmffs8rw9cf08l","time":1610281173,"event":{"mods":["AchievementEnabler","BaseMod","Better Match","Better Note","Better Sensory Stone","Better Skull","Better Third Choice","BetterRewards","MarisaÅiñ∂âJÅ@ñÇóùçπÅj","Minty Spire (QoL Compilation)","Permanent Neow","Quick Restart","Relic Filter","StSLib"],"gold_per_floor":[117,131,131,144,144,144,176,176,199,212,246,246,265,265,265,367,367,383,403,179,179,198,198,225,225,225,225,252,265,298,308,308,412,412,431,451,451,501,501,530,530,562,589,615,615,631,631,651,651,651,651,651,180,212,212,212],"floor_reached":55,"playtime":7240,"items_purged":["Strike_MRS","FairyDestructionRay+1"],"score":1174,"play_id":"9a188a7c-0aa2-424c-8838-35c003d0715a","local_time":"20210110201933","is_ascension_mode":true,"campfire_choices":[{"data":"SprinkleStarSeal","floor":6.0,"key":"SMITH"},{"data":"MillisecondPulsars","floor":8.0,"key":"SMITH"},{"data":"EscapeVelocity","floor":12.0,"key":"SMITH"},{"data":"EarthLightRay","floor":15.0,"key":"SMITH"},{"data":"FairyDestructionRay","floor":23.0,"key":"SMITH"},{"data":"EarthLightRay","floor":25.0,"key":"SMITH"},{"data":"UltimateShortwave","floor":27.0,"key":"SMITH"},{"data":"SuperNova","floor":32.0,"key":"SMITH"},{"data":"EarthLightRay","floor":41.0,"key":"SMITH"},{"data":"ChargingUp","floor":45.0,"key":"SMITH"},{"floor":49.0,"key":"RECALL"},{"data":"EarthLightRay","floor":52.0,"key":"SMITH"}],"circlet_count":0,"master_deck":["Defend_MRS","Defend_MRS","Defend_MRS","Defend_MRS","MasterSpark","UpSweep","EarthLightRay+1","Orbital","PulseMagic+1","Master of Strategy","PropBag","ShootTheMoon","6A","EscapeVelocity+1","SprinkleStarSeal+1","MillisecondPulsars+1","ShootingEcho+1","AlicesGift","NonDirectionalLaser+1","EarthLightRay+1","UltimateShortwave+1","PowerUp","SporeBomb+1","AsteroidBelt","PowerUp+1","UnstableBomb","MilkyWay","SuperNova+1","EnergyFlow","OortCloud+1","MilkyWay+1","OrrerysSun+1","Orbital+1","ChargingUp+1","EarthLightRay+1","EventHorizon+1","Singularity+1","EarthLightRay+1","EnergyFlow+1","EarthLightRay+1"],"relics":["MiniHakkero","Prayer Wheel","Anchor","WingedGreaves","SimpleLauncher","Boot","Ancient Tea Set","Gremlin Horn","Velvet Choker","Omamori","Turnip","Bottled Lightning","War Paint","Mummified Hand","Black Star","Calling Bell","Toy Ornithopter","Kunai","Unceasing Top","Molten Egg 2","Oddly Smooth Stone","Vajra","Empty Cage","Ginger","Whetstone","Lantern","Sling","BreadOfAWashokuLover","AmplifyWand"],"acts_visited":["Exordium","TheCity","TheBeyond","TheEnding"],"potions_floor_usage":[55,55,55],"damage_taken":[{"damage":0.0,"enemies":"2 Louse","floor":1.0,"turns":1.0},{"damage":0.0,"enemies":"Jaw Worm","floor":2.0,"turns":2.0},{"damage":0.0,"enemies":"Small Slimes","floor":4.0,"turns":1.0},{"damage":11.0,"enemies":"Lagavulin","floor":7.0,"turns":5.0},{"damage":1.0,"enemies":"Exordium Thugs","floor":10.0,"turns":3.0},{"damage":6.0,"enemies":"Gremlin Nob","floor":11.0,"turns":3.0},{"damage":0.0,"enemies":"Large Slime","floor":13.0,"turns":3.0},{"damage":18.0,"enemies":"Hexaghost","floor":16.0,"turns":7.0},{"damage":9.0,"enemies":"2 Thieves","floor":18.0,"turns":4.0},{"damage":0.0,"enemies":"Chosen","floor":19.0,"turns":3.0},{"damage":2.0,"enemies":"3 Cultists","floor":22.0,"turns":4.0},{"damage":2.0,"enemies":"Book of Stabbing","floor":24.0,"turns":4.0},{"damage":8.0,"enemies":"Gremlin Leader","floor":28.0,"turns":4.0},{"damage":21.0,"enemies":"Snake Plant","floor":29.0,"turns":3.0},{"damage":35.0,"enemies":"Slavers","floor":30.0,"turns":4.0},{"damage":0.0,"enemies":"Snecko","floor":31.0,"turns":6.0},{"damage":6.0,"enemies":"Champ","floor":33.0,"turns":5.0},{"damage":0.0,"enemies":"Orb Walker","floor":35.0,"turns":3.0},{"damage":8.0,"enemies":"3 Darklings","floor":36.0,"turns":4.0},{"damage":19.0,"enemies":"Mind Bloom Boss Battle","floor":38.0,"turns":4.0},{"damage":21.0,"enemies":"Nemesis","floor":40.0,"turns":5.0},{"damage":10.0,"enemies":"Reptomancer","floor":42.0,"turns":5.0},{"damage":0.0,"enemies":"Giant Head","floor":44.0,"turns":4.0},{"damage":8.0,"enemies":"Jaw Worm Horde","floor":46.0,"turns":3.0},{"damage":2.0,"enemies":"Sphere and 2 Shapes","floor":48.0,"turns":3.0},{"damage":41.0,"enemies":"Time Eater","floor":50.0,"turns":4.0},{"damage":12.0,"enemies":"Shield and Spear","floor":54.0,"turns":3.0},{"damage":91,"enemies":"The Heart","floor":55,"turns":6}],"seed_played":"-5372623721907988569","potions_obtained":[{"floor":1.0,"key":"Block Potion"},{"floor":2.0,"key":"ShroomBrew"},{"floor":10.0,"key":"EssenceOfSteel"},{"floor":21.0,"key":"Strength Potion"},{"floor":30.0,"key":"SkillPotion"},{"floor":35.0,"key":"SkillPotion"}],"is_trial":false,"path_per_floor":["M","M","?","M","?","R","E","R","T","M","E","R","M","?","R","B",null,"M","M","$","?","M","R","E","R","T","R","E","M","E","M","R","B",null,"M","M","?","?","?","E","R","E","T","E","R","M","?","M","R","B",null,"R","$","E","B"],"character_chosen":"MARISA","items_purchased":["Prayer Wheel","Anchor","EarthLightRay","Orbital","SimpleLauncher","PulseMagic","FairyDestructionRay","Omamori","LiquidMemories","Lantern","Sling"],"campfire_rested":0,"item_purchase_floors":[0,0,0,0,0,0,0,20,53,53,53],"current_hp_per_floor":[75,75,68,68,68,68,61,61,61,60,58,58,62,62,62,54,75,75,75,75,75,75,75,75,75,75,75,75,60,37,49,49,55,75,75,73,73,62,62,53,53,55,55,71,71,69,69,71,71,45,71,71,71,65,0,0],"gold":212,"neow_bonus":"","is_daily":false,"chose_seed":false,"campfire_upgraded":11,"win_rate":0.0,"timestamp":1610281173,"path_taken":["M","M","?","M","?","R","E","R","T","M","E","R","M","?","R","BOSS","M","M","$","?","?","R","E","R","T","R","E","M","E","M","R","BOSS","M","M","?","?","?","E","R","E","T","E","R","M","?","?","R","BOSS","R","$","E","BOSS"],"items_purchased_type":["Relic","Relic","Card","Card","Relic","Card","Card","Relic","Potion","Relic","Relic"],"build_version":"2020-12-22","purchased_purges":2,"victory":false,"max_hp_per_floor":[75,75,75,75,75,75,75,75,75,75,75,75,75,75,75,75,75,75,75,75,75,75,75,75,75,75,75,75,75,75,75,75,75,75,75,75,75,75,71,71,71,71,71,71,71,71,71,71,71,71,71,71,71,71,71,71],"card_choices":[{"not_picked":["OortCloud","ShootingEcho"],"picked":"PropBag","floor":1.0},{"not_picked":["6A","GravityBeat"],"picked":"ShootTheMoon","floor":1.0},{"not_picked":["RefractionSpark","MagicAbsorber"],"picked":"6A","floor":2.0},{"not_picked":["PowerUp","GalacticHalo"],"picked":"EscapeVelocity","floor":2.0},{"not_picked":["DoubleSpark","DC"],"picked":"SprinkleStarSeal","floor":4.0},{"not_picked":["UnstableBomb","WitchLeyline","RefractionSpark"],"picked":"SKIP","floor":4.0},{"not_picked":["NonDirectionalLaser","OneTimeOff"],"picked":"MillisecondPulsars","floor":7.0},{"not_picked":["MilkyWay","Acceleration"],"picked":"ShootingEcho","floor":10.0},{"not_picked":["DoubleSpark","BlazeAway","DC"],"picked":"SKIP","floor":10.0},{"not_picked":["ManaRampage","DoubleSpark"],"picked":"AlicesGift","floor":11.0},{"not_picked":["AsteroidBelt","LuminesStrike"],"picked":"NonDirectionalLaser","floor":13.0},{"not_picked":["NonDirectionalLaser","GalacticHalo"],"picked":"EarthLightRay","floor":13.0},{"not_picked":["JA","SatelliteIllusion"],"picked":"UltimateShortwave","floor":16.0},{"not_picked":["WitchOfGreed+1","ManaConvection+1"],"picked":"PowerUp","floor":18.0},{"not_picked":["PowerUp","DeepEcoloBomb"],"picked":"SporeBomb","floor":18.0},{"not_picked":["DC","RefractionSpark"],"picked":"AsteroidBelt","floor":19.0},{"not_picked":["GravityBeat","DragonMeteor","6A"],"picked":"SKIP","floor":19.0},{"not_picked":["MachineGunSpark","MysteriousBeam"],"picked":"PowerUp+1","floor":22.0},{"not_picked":["DarkSpark+1","WitchLeyline"],"picked":"UnstableBomb","floor":22.0},{"not_picked":["ManaConvection+1","IllusionStar"],"picked":"MilkyWay","floor":24.0},{"not_picked":["UnstableBomb+1","MilkyWay"],"picked":"SuperNova","floor":28.0},{"not_picked":["Acceleration","OortCloud"],"picked":"EnergyFlow","floor":29.0},{"not_picked":["UnstableBomb","ShootingEcho+1","DC"],"picked":"SKIP","floor":29.0},{"not_picked":["MagicChant","DarkMatter"],"picked":"OortCloud+1","floor":30.0},{"not_picked":["SuperPerseids","WitchLeyline+1"],"picked":"MilkyWay+1","floor":31.0},{"not_picked":["GalacticHalo","ManaRampage","MilkyWay"],"picked":"SKIP","floor":31.0},{"not_picked":["DragonMeteor","UnstableBomb"],"picked":"OrrerysSun+1","floor":35.0},{"not_picked":["GasGiant","WitchLeyline"],"picked":"Orbital+1","floor":35.0},{"not_picked":["GrandCross+1","MilkyWay"],"picked":"ChargingUp","floor":36.0},{"not_picked":["GrandCross","WitchLeyline","UnstableBomb+1"],"picked":"SKIP","floor":36.0},{"not_picked":["LuminesStrike+1","BlazeAway"],"picked":"EarthLightRay","floor":38.0},{"not_picked":["PropBag+1","AsteroidBelt"],"picked":"EventHorizon+1","floor":40.0},{"not_picked":["DarkMatter+1","OpenUniverse"],"picked":"Singularity+1","floor":42.0},{"not_picked":["MaximisePower","EventHorizon+1","ShootingEcho+1"],"picked":"SKIP","floor":44.0},{"not_picked":["UnstableBomb+1","ManaConvection","DC+1"],"picked":"SKIP","floor":46.0},{"not_picked":["OpenUniverse","6A+1","Acceleration+1"],"picked":"SKIP","floor":46.0},{"not_picked":["Acceleration","AlicesGift+1"],"picked":"EnergyFlow+1","floor":48.0},{"not_picked":["EventHorizon","RefractionSpark+1"],"picked":"EarthLightRay","floor":48.0},{"not_picked":["LuminesStrike+1","JA+1","WitchLeyline+1"],"picked":"SKIP","floor":54.0}],"player_experience":193664,"relics_obtained":[{"floor":7.0,"key":"Boot"},{"floor":9.0,"key":"Ancient Tea Set"},{"floor":11.0,"key":"Gremlin Horn"},{"floor":24.0,"key":"Turnip"},{"floor":26.0,"key":"Bottled Lightning"},{"floor":28.0,"key":"War Paint"},{"floor":30.0,"key":"Mummified Hand"},{"floor":38.0,"key":"Calling Bell"},{"floor":39.0,"key":"Toy Ornithopter"},{"floor":39.0,"key":"Kunai"},{"floor":39.0,"key":"Unceasing Top"},{"floor":40.0,"key":"Molten Egg 2"},{"floor":40.0,"key":"Oddly Smooth Stone"},{"floor":42.0,"key":"Vajra"},{"floor":42.0,"key":"Empty Cage"},{"floor":44.0,"key":"Ginger"},{"floor":44.0,"key":"Whetstone"},{"floor":54.0,"key":"BreadOfAWashokuLover"}],"event_choices":[{"cards_removed":["Strike_MRS"],"damage_healed":0.0,"max_hp_gain":0.0,"max_hp_loss":0.0,"gold_gain":0.0,"event_name":"Golden Wing","player_choice":"Card Removal","floor":3.0,"gold_loss":0.0,"damage_taken":7.0},{"damage_healed":0.0,"max_hp_gain":0.0,"max_hp_loss":0.0,"gold_gain":0.0,"event_name":"betterThird:BetterSerpent","player_choice":"Ignored","floor":5.0,"gold_loss":0.0,"damage_taken":144.0},{"damage_healed":0.0,"max_hp_gain":0.0,"max_hp_loss":0.0,"gold_gain":1.0,"event_name":"betterStone:BetterStone","player_choice":"1","floor":14.0,"gold_loss":0.0,"damage_taken":0.0},{"damage_healed":0.0,"max_hp_gain":0.0,"max_hp_loss":0.0,"gold_gain":0.0,"event_name":"Lab","player_choice":"Got Potions","floor":21.0,"gold_loss":0.0,"damage_taken":0.0},{"damage_healed":0.0,"max_hp_gain":0.0,"max_hp_loss":0.0,"gold_gain":0.0,"event_name":"Tomb of Lord Red Mask","player_choice":"Ignored","floor":37.0,"gold_loss":0.0,"damage_taken":0.0},{"damage_healed":0.0,"max_hp_gain":0.0,"max_hp_loss":0.0,"gold_gain":0.0,"event_name":"MindBloom","player_choice":"Fight","floor":38.0,"gold_loss":0.0,"damage_taken":0.0},{"damage_healed":0.0,"max_hp_gain":0.0,"max_hp_loss":4.0,"gold_gain":0.0,"event_name":"Winding Halls","player_choice":"Max HP","floor":39.0,"gold_loss":0.0,"damage_taken":0.0},{"damage_healed":0.0,"max_hp_gain":0.0,"max_hp_loss":0.0,"gold_gain":0.0,"event_name":"Duplicator","player_choice":"Copied","floor":47.0,"gold_loss":0.0,"damage_taken":0.0,"cards_obtained":["EarthLightRay"]}],"is_beta":false,"boss_relics":[{"not_picked":["ExperimentalFamiliar","SacredBark"],"picked":"Velvet Choker"},{"not_picked":["Busted Crown","Fusion Hammer"],"picked":"Black Star"}],"items_purged_floors":[20,53],"is_endless":false,"potions_floor_spawned":[1,2,10,13,19,24,30,35,36,46,48],"killed_by":"The Heart","ascension_level":1}}