{"host":"dfyfjscm69glluav","time":1610253772,"event":{"mods":["BaseMod","Marisa£¨Ùöéë¡¡Øª×âÞÞ£©","Minty Spire (QoL Compilation)","Replay The Spire","StSLib","The Cursed","The Hierophant","The Runesmith"],"gold_per_floor":[362,362,8954,8970,8970,8970,9003,9003,9003,9023,9035,9035,9050,9070,9070,9172,9172,9188,9188,9200,8733,8733,8733,8762,8762,8762,8762,8778,8789,8814,8386,8386,8483,8483,8501,8010,8024,8034,7675,7675,7694,7720,7720,7720,7737,7768,7768,7768],"floor_reached":47,"playtime":2538,"items_purged":["Regret","Strike_R","Feel No Pain","Strike_R","Strike_R"],"score":653,"play_id":"d1705b30-aa51-4016-a2c7-98156ed69c98","local_time":"20210110134252","is_ascension_mode":true,"campfire_choices":[{"data":"Inflame","floor":6,"key":"SMITH"},{"data":"Reaper","floor":8,"key":"SMITH"},{"data":"Rage","floor":12,"key":"SMITH"},{"data":"Entrench","floor":15,"key":"SMITH"},{"data":"Body Slam","floor":23,"key":"SMITH"},{"data":"Impervious","floor":25,"key":"SMITH"},{"data":"Flex","floor":27,"key":"SMITH"},{"data":"Heavy Blade","floor":32,"key":"SMITH"},{"floor":40,"key":"REST"}],"circlet_count":0,"master_deck":["Strike_R","Strike_R","Defend_R","Defend_R","Defend_R","Defend_R","Bash","ReplayTheSpireMod:Strike From Hell","The Bomb+1","Shrug It Off+1","Inflame+1","ReplayTheSpireMod:Muscle Training","Wild Strike","Good Instincts","Heavy Blade+1","Reaper+1","Rage+1","Entrench+1","Flex+1","Flex","Impervious+1","Body Slam+1","Feel No Pain+1","Thinking Ahead+1","ReplayTheSpireMod:Uncanny Aura+1","Body Slam+1","Ghostly Armor+1","Reaper+1","Shrug It Off+1","Juggernaut+1","Berserk+1","Chrysalis+1","Jack Of All Trades+1","Envenom+1","Steam","Prostrate+1","Mayhem+1","Runesmith:Reinforce+1","Midas Touch+1","TheCursedMod:CircleOfFlame","Juggernaut+1","Bandage Up"],"relics":["Burning Blood","King of Hearts","Iron Hammer","Darkstone Periapt","Membership Card","Ice Cream","Runesmith:Nanobots","SlaversCollar","Bag of Preparation","Golden Egg","Replay:Mystery Machine","Du-Vu Doll","Champion Belt","Toy Ornithopter","PrismaticShard","Fusion Hammer","Mercury Hourglass","Replay:Accelerometer","Orrery","Juzu Bracelet","Snack Pack","DollysMirror","White Beast Statue","Sundial","Ring of Hypnosis","ReplayTheSpireMod:Ring of Addiction","Potion Belt","Chameleon Ring","Blue Doll"],"acts_visited":["Exordium","TheCity","TheBeyond"],"potions_floor_usage":[28,28,30,33,47],"damage_taken":[{"damage":14,"enemies":"Small Slimes","floor":1,"turns":4},{"damage":1,"enemies":"2 Louse","floor":4,"turns":3},{"damage":15,"enemies":"Lagavulin","floor":7,"turns":4},{"damage":6,"enemies":"Cultist","floor":10,"turns":3},{"damage":1,"enemies":"Large Slime","floor":11,"turns":3},{"damage":0,"enemies":"Exordium Wildlife","floor":13,"turns":3},{"damage":16,"enemies":"Exordium Thugs","floor":14,"turns":5},{"damage":51,"enemies":"Slime Boss","floor":16,"turns":6},{"damage":11,"enemies":"2 Thieves","floor":18,"turns":4},{"damage":6,"enemies":"Chosen","floor":20,"turns":4},{"damage":68,"enemies":"Book of Stabbing","floor":24,"turns":7},{"damage":21,"enemies":"Centurion and Healer","floor":28,"turns":12},{"damage":11,"enemies":"Sentry and Sphere","floor":29,"turns":3},{"damage":21,"enemies":"Gremlin Leader","floor":30,"turns":5},{"damage":30,"enemies":"Collector","floor":33,"turns":8},{"damage":17,"enemies":"3 Shapes","floor":35,"turns":4},{"damage":0,"enemies":"Orb Walker","floor":37,"turns":2},{"damage":26,"enemies":"Jaw Worm Horde","floor":38,"turns":5},{"damage":0,"enemies":"Writhing Mass","floor":41,"turns":1},{"damage":25,"enemies":"Reptomancer","floor":42,"turns":4},{"damage":32,"enemies":"3 Darklings","floor":45,"turns":6},{"damage":31,"enemies":"Giant Head","floor":46,"turns":7},{"damage":70,"enemies":"2 Orb Walkers","floor":47,"turns":3}],"seed_played":"-4838904245056948433","potions_obtained":[{"floor":18,"key":"BloodPotion"},{"floor":20,"key":"Regen Potion"},{"floor":33,"key":"Languid Potion"},{"floor":44,"key":"AttackPotion"},{"floor":44,"key":"LifebloodPotion"},{"floor":44,"key":"Doom Potion"}],"is_trial":false,"path_per_floor":["M","?","$","M","?","R","E","R","T","M","M","R","M","M","R","B",null,"M","?","M","$","?","R","E","R","T","R","M","M","E","$","R","B",null,"M","$","M","M","$","R","M","E","T","?","M","E","?"],"character_chosen":"IRONCLAD","items_purchased":["The Bomb","Shrug It Off+1","Inflame","ReplayTheSpireMod:Muscle Training","Wild Strike","Good Instincts","Iron Hammer","Darkstone Periapt","Membership Card","Energy Potion","SkillPotion","ColorlessPotion","Heavy Blade","Bag of Preparation","Golden Egg","Feel No Pain","Thinking Ahead","ReplayTheSpireMod:Uncanny Aura","Body Slam","Ghostly Armor","Toy Ornithopter","PrismaticShard","BlessingOfTheForge","Venom Potion","AttackPotion","Chrysalis","Jack Of All Trades","Mercury Hourglass","Replay:Accelerometer","Orrery","Midas Touch","Juzu Bracelet","Snack Pack","DollysMirror"],"campfire_rested":1,"item_purchase_floors":[3,3,3,3,3,3,3,3,3,3,3,3,3,21,21,21,21,21,21,21,31,31,31,31,31,31,31,36,36,36,36,39,39,39],"current_hp_per_floor":[64,64,64,69,69,69,60,60,60,68,72,72,72,67,67,40,72,67,54,73,73,73,73,21,21,21,21,41,36,63,63,63,74,77,77,77,77,63,63,77,77,72,72,72,51,52,0,0],"gold":7768,"neow_bonus":"TWO_FIFTY_GOLD","is_daily":false,"chose_seed":false,"campfire_upgraded":8,"win_rate":0.0,"timestamp":1610253772,"path_taken":["M","?","$","M","?","R","E","R","T","?","M","R","M","M","R","BOSS","M","?","M","$","?","R","E","R","T","R","M","M","E","$","R","BOSS","M","$","M","M","$","R","M","E","T","?","M","E","?"],"items_purchased_type":["Card","Card","Card","Card","Card","Card","Relic","Relic","Relic","Potion","Potion","Potion","Card","Relic","Relic","Card","Card","Card","Card","Card","Relic","Relic","Potion","Potion","Potion","Card","Card","Relic","Relic","Relic","Card","Relic","Relic","Relic"],"build_version":"2020-12-22","purchased_purges":5,"victory":false,"max_hp_per_floor":[72,72,72,72,72,72,72,72,72,72,72,72,72,72,72,72,72,72,77,77,77,77,77,77,77,77,77,77,77,77,77,77,77,77,77,77,77,77,77,77,77,77,77,77,77,77,77,77],"card_choices":[{"not_picked":["Abandon","Run Through"],"picked":"ReplayTheSpireMod:Strike From Hell","floor":1},{"not_picked":["Twin Strike","True Grit","Massacre"],"picked":"SKIP","floor":4},{"not_picked":["Burning Pact","Havoc"],"picked":"Reaper","floor":7},{"not_picked":["Iron Wave","ReplayTheSpireMod:Muscle Training"],"picked":"Rage","floor":10},{"not_picked":["True Grit","Clash"],"picked":"Entrench","floor":11},{"not_picked":["Warcry","Anger"],"picked":"Flex","floor":13},{"not_picked":["Flame Barrier","Twin Strike"],"picked":"Flex","floor":14},{"not_picked":["Feed","Demonic Infusion"],"picked":"Impervious","floor":16},{"not_picked":["True Grit","Anger","Twin Strike+1"],"picked":"SKIP","floor":18},{"not_picked":["Headbutt","Heavy Blade"],"picked":"Body Slam","floor":20},{"not_picked":["Thunderclap+1","Uppercut"],"picked":"Shrug It Off+1","floor":24},{"not_picked":["Second Wind","Sever Soul"],"picked":"Feel No Pain","floor":28},{"not_picked":["Havoc","Shrug It Off+1"],"picked":"Juggernaut","floor":29},{"not_picked":["Combust+1","Bloodletting"],"picked":"Berserk","floor":30},{"not_picked":["TheCursedMod:CollectTribute","CollectingQuirk"],"picked":"Envenom","floor":33},{"not_picked":["TheCursedMod:SurpriseAttack","Headbutt+1"],"picked":"Steam","floor":35},{"not_picked":["Runesmith:Discharge+1","LuminesStrike+1"],"picked":"Prostrate+1","floor":36},{"not_picked":["Replay:BasicMightCard+1","Flying Knee+1"],"picked":"Mayhem","floor":36},{"not_picked":["MysteriousBeam","TheCursedMod:Torture"],"picked":"Runesmith:Reinforce+1","floor":36},{"not_picked":["ReplayTheSpireMod:Trickstab","CutThroughFate","Runesmith:MakeshiftArmor+1"],"picked":"SKIP","floor":37},{"not_picked":["Runesmith:LithiumIon+1","Runesmith:ShiftingStrike+1"],"picked":"TheCursedMod:CircleOfFlame","floor":38},{"not_picked":["Perfected Strike","hierophant:Charity+1","SignatureMove+1"],"picked":"SKIP","floor":41},{"not_picked":["SporeBomb","Hidden Blade+1","hierophant:Mercenaries+1"],"picked":"SKIP","floor":42},{"not_picked":["Backflip+1","TheCursedMod:TroublousMinions+1"],"picked":"Bandage Up","floor":45},{"not_picked":["Carnage+1","TheCursedMod:SpitefulPray+1","hierophant:SecretStash+1"],"picked":"SKIP","floor":46}],"player_experience":150367,"relics_obtained":[{"floor":7,"key":"Ice Cream"},{"floor":9,"key":"Runesmith:Nanobots"},{"floor":24,"key":"Replay:Mystery Machine"},{"floor":26,"key":"Du-Vu Doll"},{"floor":30,"key":"Champion Belt"},{"floor":42,"key":"White Beast Statue"},{"floor":43,"key":"Sundial"},{"floor":44,"key":"Ring of Hypnosis"},{"floor":44,"key":"ReplayTheSpireMod:Ring of Addiction"},{"floor":44,"key":"Potion Belt"},{"floor":44,"key":"Chameleon Ring"},{"floor":46,"key":"Blue Doll"}],"event_choices":[{"damage_healed":0,"gold_gain":0,"player_choice":"Box","damage_taken":0,"relics_obtained":["King of Hearts"],"max_hp_gain":0,"max_hp_loss":0,"event_name":"Big Fish","floor":2,"gold_loss":0,"cards_obtained":["Regret"]},{"damage_healed":0,"gold_gain":0,"player_choice":"Upgraded","damage_taken":0,"max_hp_gain":0,"max_hp_loss":0,"event_name":"Upgrade Shrine","floor":5,"gold_loss":0,"cards_upgraded":["The Bomb"]},{"damage_healed":0,"gold_gain":0,"player_choice":"Shed Blood","damage_taken":18,"max_hp_gain":5,"max_hp_loss":0,"event_name":"Forgotten Altar","floor":19,"gold_loss":0},{"damage_healed":0,"gold_gain":0,"player_choice":"Copied","damage_taken":0,"max_hp_gain":0,"max_hp_loss":0,"event_name":"Duplicator","floor":22,"gold_loss":0,"cards_obtained":["Reaper"]},{"damage_healed":0,"gold_gain":0,"player_choice":"Fight","damage_taken":0,"max_hp_gain":0,"max_hp_loss":0,"event_name":"Mysterious Sphere","floor":47,"gold_loss":0}],"is_beta":false,"boss_relics":[{"not_picked":["Ooze Armor","Astrolabe"],"picked":"SlaversCollar"},{"not_picked":["Calling Bell","Ring of Chaos"],"picked":"Fusion Hammer"}],"items_purged_floors":[3,21,31,36,39],"is_endless":false,"potions_floor_spawned":[4,10,11,18,20,33,41,42,45,46],"killed_by":"2 Orb Walkers","ascension_level":2}}