{"host":"m05ccpxu5tzpdfht","time":1610292018,"event":{"mods":["BaseMod","Marisa????????","Minty Spire (QoL Compilation)","Replay The Spire","Shop Mod","StSLib","The Bug Knight"],"gold_per_floor":[19,19,32,47,0,28,38,52,98,98,127,191,52,79,79,178,178,194,194,209,209,209,234,234,5,5,5,20,51,51,120,120,120,120],"floor_reached":33,"playtime":1500,"items_purged":["HollowMod:QuickDashStart"],"score":301,"play_id":"447cb50d-1cf1-4756-bff3-e98905dde779","local_time":"20210110102018","is_ascension_mode":false,"campfire_choices":[{"floor":10.0,"key":"REST"},{"data":"HollowMod:MothsMistake","floor":15.0,"key":"SMITH"},{"floor":24,"key":"REST"},{"data":"HollowMod:Hiveblood","floor":27,"key":"SMITH"},{"data":"HollowMod:TaintedHusks","floor":30,"key":"SMITH"},{"floor":32,"key":"REST"}],"circlet_count":0,"master_deck":["HollowMod:NailStrikeStart","HollowMod:NailStrikeStart","HollowMod:NailStrikeStart","HollowMod:NailStrikeStart","HollowMod:QuickDashStart+1","HollowMod:QuickDashStart+1","HollowMod:FocusHealStart","HollowMod:PogoStrike","HollowMod:Weaversong","HollowMod:SoulEater","HollowMod:MothsMistake+1","HollowMod:InfectedCysts","HollowMod:NewLittleFool","HollowMod:SoulMaster","HollowMod:HowlingWraiths","HollowMod:BaldurShell","HollowMod:DesolateDive","HollowMod:DoubleDash","HollowMod:Weaversong","HollowMod:CycloneSlash","HollowMod:TaintedHusks+1","Hallucinations","HollowMod:Hiveblood+1","HollowMod:PerfectDash+1"],"relics":["HollowMod:VesselMask","War Paint","Pen Nib","Pear","Happy Flower","Philosopher\u0027s Stone","ReplayTheSpireMod:Ring of Addiction","Chameleon Ring","White Beast Statue","Ring of Fury","Replay:Wax Seal","Singing Bowl","Sling","Ginger","Blood Vial","Blue Candle"],"acts_visited":["Exordium","TheCity"],"potions_floor_usage":[23,23,29,29,29,33],"damage_taken":[{"damage":2.0,"enemies":"2 Louse","floor":1.0,"turns":3.0},{"damage":1.0,"enemies":"Cultist","floor":3.0,"turns":3.0},{"damage":6.0,"enemies":"Jaw Worm","floor":4.0,"turns":4.0},{"damage":27.0,"enemies":"Gremlin Nob","floor":6.0,"turns":4.0},{"damage":0.0,"enemies":"3 Louse","floor":7.0,"turns":1.0},{"damage":29.0,"enemies":"Looter","floor":8.0,"turns":4.0},{"damage":27.0,"enemies":"3 Sentries","floor":11.0,"turns":6.0},{"damage":15.0,"enemies":"Gremlin Nob","floor":14.0,"turns":4.0},{"damage":57.0,"enemies":"The Guardian","floor":16.0,"turns":10.0},{"damage":36,"enemies":"3 Byrds","floor":18,"turns":4},{"damage":21,"enemies":"Spheric Guardian","floor":20,"turns":5},{"damage":65,"enemies":"Book of Stabbing","floor":23,"turns":5},{"damage":43,"enemies":"Centurion and Healer","floor":28,"turns":6},{"damage":26,"enemies":"Gremlin Leader","floor":29,"turns":4},{"damage":96,"enemies":"Champ","floor":33,"turns":7}],"seed_played":"8995106371904250777","potions_obtained":[{"floor":3.0,"key":"Explosive Potion"},{"floor":8.0,"key":"FairyPotion"},{"floor":14.0,"key":"Elixir"},{"floor":21,"key":"Energy Potion"},{"floor":21,"key":"Swift Potion"},{"floor":21,"key":"Reflective Coating"},{"floor":23,"key":"CultistPotion"},{"floor":28,"key":"Swift Potion"},{"floor":29,"key":"SkillPotion"}],"is_trial":false,"path_per_floor":["M","?","M","M","$","E","M","M","T","R","E","?","$","E","R","B",null,"M","?","M","?","?","E","R","$","T","R","M","E","R","T","R","B"],"character_chosen":"THE_BUGKNIGHT","items_purchased":["HollowMod:NewLittleFool","HollowMod:BaldurShell","HollowMod:DesolateDive","Sling"],"campfire_rested":3,"item_purchase_floors":[5,13,13,25],"current_hp_per_floor":[75,75,74,74,74,47,47,18,18,40,29,29,29,20,20,11,85,55,83,68,68,68,9,34,34,34,34,22,22,22,22,47,0,0],"gold":120,"neow_bonus":"THREE_RARE_CARDS","is_daily":false,"chose_seed":false,"campfire_upgraded":3,"win_rate":0.0,"timestamp":1610292018,"path_taken":["M","?","M","M","?","E","?","M","T","R","E","?","$","E","R","BOSS","M","?","M","?","?","E","R","$","T","R","?","E","R","?","R","BOSS"],"items_purchased_type":["Card","Card","Card","Relic"],"build_version":"2020-12-22","purchased_purges":1,"victory":false,"max_hp_per_floor":[75,75,75,75,75,75,75,75,75,75,85,85,85,85,85,85,85,85,85,85,85,85,85,85,85,85,83,83,85,85,85,85,83,83],"card_choices":[{"not_picked":["HollowMod:VoidDash","HollowMod:AwokenDreamNail"],"picked":"HollowMod:Weaversong","floor":0.0},{"not_picked":["HollowMod:DescendingDark","HollowMod:DoubleDash"],"picked":"HollowMod:SoulEater","floor":1.0},{"not_picked":["HollowMod:DoubleDash","HollowMod:CloakDash"],"picked":"HollowMod:MothsMistake","floor":3.0},{"not_picked":["HollowMod:DoubleDash","HollowMod:SoulVessel"],"picked":"HollowMod:InfectedCysts","floor":4.0},{"not_picked":["HollowMod:DescendingDark","HollowMod:SoulEater"],"picked":"HollowMod:SoulMaster","floor":6.0},{"not_picked":["HollowMod:FallenFury","HollowMod:NewJinnsSoul","HollowMod:VengefulVoid"],"picked":"SKIP","floor":7.0},{"not_picked":["HollowMod:SoulStrike","HollowMod:CrystalDash","HollowMod:SharpenedNail"],"picked":"SKIP","floor":8.0},{"not_picked":["HollowMod:TaintedHusks","HollowMod:SiblingsSouls"],"picked":"HollowMod:HowlingWraiths","floor":11.0},{"not_picked":["HollowMod:SharpenedNail","HollowMod:PureNailStrike"],"picked":"HollowMod:DoubleDash","floor":14.0},{"not_picked":["HollowMod:theNailsmith","HollowMod:NewInfectedGuardian"],"picked":"HollowMod:Weaversong","floor":16.0},{"not_picked":["HollowMod:ShadowDash","HollowMod:InfectedCysts"],"picked":"HollowMod:CycloneSlash","floor":18},{"not_picked":["HollowMod:FastStrike+1","HollowMod:NewLittleFool"],"picked":"HollowMod:TaintedHusks","floor":20},{"not_picked":["HollowMod:BaldurShell","HollowMod:MonarchWings+1"],"picked":"HollowMod:Hiveblood","floor":23},{"not_picked":["HollowMod:CloakDash","HollowMod:SharpenedNail"],"picked":"HollowMod:PerfectDash+1","floor":28},{"not_picked":["HollowMod:SiblingsShadow","HollowMod:RecoilStrike","HollowMod:VengefulVoid+1"],"picked":"Singing Bowl","floor":29}],"player_experience":657405,"relics_obtained":[{"floor":6.0,"key":"War Paint"},{"floor":9.0,"key":"Pen Nib"},{"floor":11.0,"key":"Pear"},{"floor":14.0,"key":"Happy Flower"},{"floor":21,"key":"ReplayTheSpireMod:Ring of Addiction"},{"floor":21,"key":"Chameleon Ring"},{"floor":21,"key":"White Beast Statue"},{"floor":21,"key":"Ring of Fury"},{"floor":23,"key":"Singing Bowl"},{"floor":26,"key":"Ginger"},{"floor":29,"key":"Blood Vial"},{"floor":31,"key":"Blue Candle"}],"event_choices":[{"cards_removed":["HollowMod:QuickDashStart"],"damage_healed":0.0,"max_hp_gain":0.0,"max_hp_loss":0.0,"gold_gain":0.0,"event_name":"Purifier","player_choice":"Purged","floor":2.0,"gold_loss":0.0,"damage_taken":0.0},{"damage_healed":0.0,"max_hp_gain":0.0,"max_hp_loss":0.0,"gold_gain":64.0,"event_name":"Golden Wing","player_choice":"Gained Gold","floor":12.0,"gold_loss":0.0,"damage_taken":0.0},{"damage_healed":28,"gold_gain":0,"player_choice":"Heal","damage_taken":0,"max_hp_gain":0,"max_hp_loss":0,"event_name":"The Library","floor":19,"gold_loss":0}],"is_beta":false,"boss_relics":[{"not_picked":["Ring of Chaos","Honey Jar"],"picked":"Philosopher\u0027s Stone"}],"items_purged_floors":[25],"is_endless":false,"potions_floor_spawned":[3,8,14,23,28,29],"killed_by":"Champ","ascension_level":0}}