{"host":"2c1pg2m9wpz3w4c0","time":1610243504,"event":{"mods":["AchievementEnabler","Act Like it!","Aspiration","BaseMod","Better Note","BetterRewards","Curses Come First","Disable Question Mark Monsters","Halation","Hubris","Infinite Spire","Lotus Mark","Marisa????????","Minty Spire (QoL Compilation)","Replay The Spire","StSLib","SuperFastMode","The Clintock","The Jungle","The Marked","The Runesmith","Transform Curses"],"gold_per_floor":[116,134,134,144,219,219,232,232,232,53,71,71,71,32,32,127,127,140,160,160,160,160,160,173,188,235,250,250,260,260,278,278,383,383,397,397,409,409,409],"floor_reached":38,"playtime":1061,"items_purged":[],"score":543,"play_id":"e12ad3d9-bb2a-4512-8155-5ab7a76aab07","local_time":"20210109185144","is_ascension_mode":false,"campfire_choices":[{"data":"Double Tap","floor":6,"key":"SMITH"},{"data":"Bash","floor":8,"key":"SMITH"},{"floor":12,"key":"REST"},{"data":"Twin Strike","floor":15,"key":"SMITH"},{"floor":23,"key":"REST"},{"data":"Spot Weakness","floor":30,"key":"SMITH"},{"floor":32,"key":"REST"}],"circlet_count":0,"master_deck":["Strike_R","Strike_R","Strike_R","Strike_R","Strike_R","Defend_R","Defend_R","Defend_R","Defend_R","Bash+1","Feed+1","Double Tap+1","Twin Strike+1","Cleave","Injury","Pain","Cleave","ReplayReversal","Flex","Flex","Anger+1","Bludgeon","CurseOfTheBell","Anger+1","Armaments","Finesse","Perfected Strike","hubris:ReadiedAction","Spot Weakness+1","hubris:ReadiedAction","Rage","Impervious","Thunderclap","hubris:ReadiedAction+1"],"relics":["Burning Blood","Replay:Bottled Snecko","Vajra","Calling Bell","Pet Ghost","halation:TwoAmDonut","Du-Vu Doll","Boot","Replay:Wax Seal","hubris:SlimyHat","halation:HeavySnake"],"acts_visited":["Exordium","theJungle:Jungle","TheBeyond"],"potions_floor_usage":[11,16,16,16,29,33,35,37],"damage_taken":[{"damage":0,"enemies":"Small Slimes","floor":1,"turns":3},{"damage":6,"enemies":"Jaw Worm","floor":2,"turns":2},{"damage":12,"enemies":"Cultist","floor":4,"turns":4},{"damage":1,"enemies":"Blue Slaver","floor":7,"turns":1},{"damage":20,"enemies":"Exordium Thugs","floor":11,"turns":4},{"damage":60,"enemies":"Hexaghost","floor":16,"turns":7},{"damage":11,"enemies":"theJungle:MUSHROOMGANG","floor":18,"turns":3},{"damage":36,"enemies":"theJungle:Flameango_and_Byrd","floor":19,"turns":4},{"damage":6,"enemies":"theJungle:Lyon","floor":24,"turns":3},{"damage":3,"enemies":"theJungle:Snecko_Cultist_And_Trap","floor":25,"turns":4},{"damage":23,"enemies":"theJungle:JungleHuntersEncounter","floor":27,"turns":4},{"damage":24,"enemies":"theJungle:2_Snecko_Cultists","floor":29,"turns":4},{"damage":29,"enemies":"theJungle:Lyon","floor":31,"turns":3},{"damage":50,"enemies":"theJungle:QueenSpyder","floor":33,"turns":10},{"damage":9,"enemies":"3 Shapes","floor":35,"turns":6},{"damage":74,"enemies":"3 Darklings","floor":37,"turns":10},{"damage":33,"enemies":"Spire Growth","floor":38,"turns":4}],"seed_played":"-4866719050489128101","potions_obtained":[{"floor":1,"key":"AttackPotion"},{"floor":7,"key":"SneckoOil"},{"floor":13,"key":"Strength Potion"},{"floor":13,"key":"Fire Potion"},{"floor":13,"key":"GamblersBrew"},{"floor":18,"key":"Energy Potion"},{"floor":24,"key":"BloodPotion"},{"floor":29,"key":"Doom Potion"},{"floor":33,"key":"EssenceOfSteel"}],"is_trial":false,"path_per_floor":["M","M","?","M","?","R","M","R","T","$","M","R","?","$","R","B",null,"M","M","?","$","?","R","M","M","T","M","T","M","R","M","R","B",null,"M","?","M","M"],"character_chosen":"IRONCLAD","items_purchased":["Feed+1","Double Tap","Vajra","Flex","Anger+1"],"campfire_rested":3,"item_purchase_floors":[0,0,10,10,14],"current_hp_per_floor":[81,85,85,79,71,71,76,76,76,76,62,88,88,88,88,34,88,83,57,57,57,57,84,84,91,91,78,78,80,80,57,87,43,100,101,101,33,0,0],"gold":409,"neow_bonus":"","is_daily":false,"chose_seed":false,"campfire_upgraded":4,"win_rate":0.0,"timestamp":1610243504,"path_taken":["M","M","?","M","?","R","M","R","T","$","?","R","?","?","R","BOSS","M","M","?","$","?","R","?","M","T","M","?","M","R","M","R","BOSS","M","?","M","?"],"items_purchased_type":["Card","Card","Relic","Card","Card"],"build_version":"2020-12-22","purchased_purges":0,"victory":false,"max_hp_per_floor":[84,88,88,88,88,88,88,88,88,88,88,88,88,88,88,88,88,88,92,92,92,92,92,92,96,96,100,100,100,100,100,100,100,100,104,104,104,104,104],"card_choices":[{"not_picked":["Thunderclap","True Grit"],"picked":"Twin Strike","floor":1},{"not_picked":["True Grit","Havoc"],"picked":"Cleave","floor":2},{"not_picked":["ReplayTheSpireMod:??????????????????????","infinitespire:FinalStrike"],"picked":"infinitespire:SealOfDarkness+","floor":3},{"not_picked":["Run Through","Corruption"],"picked":"Cleave","floor":4},{"not_picked":["Hemokinesis","Sever Soul"],"picked":"ReplayReversal","floor":7},{"not_picked":["Offering","Heavy Blade"],"picked":"Flex","floor":11},{"not_picked":["Brutality","Berserk"],"picked":"Bludgeon","floor":16},{"not_picked":["ReplayReversal","Wild Strike"],"picked":"Anger","floor":18},{"not_picked":["Dropkick","Body Slam"],"picked":"Armaments","floor":19},{"not_picked":["True Grit","Sword Boomerang+1"],"picked":"Perfected Strike","floor":24},{"not_picked":["True Grit","Replay:Undeath\u0027s Touch+1"],"picked":"hubris:ReadiedAction","floor":25},{"not_picked":["Havoc","Flex+1"],"picked":"Spot Weakness","floor":27},{"not_picked":["Immolate","Clash"],"picked":"hubris:ReadiedAction","floor":29},{"not_picked":["Reckless Charge","Replay:Undeath\u0027s Touch"],"picked":"Rage","floor":31},{"not_picked":["Reaper","Corruption"],"picked":"Impervious","floor":33},{"not_picked":["Iron Wave","Cleave+1"],"picked":"Thunderclap","floor":35},{"not_picked":["Run Through","Pommel Strike"],"picked":"hubris:ReadiedAction+1","floor":37}],"player_experience":1158679,"relics_obtained":[{"floor":9,"key":"Replay:Bottled Snecko"},{"floor":17,"key":"Pet Ghost"},{"floor":17,"key":"halation:TwoAmDonut"},{"floor":17,"key":"Du-Vu Doll"},{"floor":20,"key":"Boot"},{"floor":26,"key":"Replay:Wax Seal"},{"floor":28,"key":"hubris:SlimyHat"}],"event_choices":[{"damage_healed":0,"gold_gain":75,"player_choice":"Touch","damage_taken":8,"max_hp_gain":0,"max_hp_loss":0,"event_name":"FaceTrader","floor":5,"gold_loss":0},{"damage_healed":0,"gold_gain":0,"player_choice":"Got Potions","damage_taken":0,"max_hp_gain":0,"max_hp_loss":0,"event_name":"Lab","floor":13,"gold_loss":0},{"damage_healed":0,"gold_gain":0,"player_choice":"Relic","damage_taken":0,"max_hp_gain":0,"max_hp_loss":0,"event_name":"Wheel of Change","floor":20,"gold_loss":0},{"cards_removed":["Feed"],"damage_healed":0,"gold_gain":0,"player_choice":"Take \u0026 Give","damage_taken":0,"max_hp_gain":0,"max_hp_loss":0,"event_name":"betterNote:BetterNote","floor":22,"gold_loss":0,"cards_obtained":["Finesse"]},{"damage_healed":0,"gold_gain":0,"player_choice":"Forge","damage_taken":0,"max_hp_gain":0,"max_hp_loss":0,"event_name":"Accursed Blacksmith","floor":36,"gold_loss":0,"cards_upgraded":["Anger"]}],"is_beta":false,"boss_relics":[{"not_picked":["Ring of Chaos","Astrolabe"],"picked":"Calling Bell"},{"not_picked":["halation:Risk","Black Star"],"picked":"halation:HeavySnake"}],"items_purged_floors":[],"is_endless":false,"potions_floor_spawned":[1,7,18,24,29,33],"killed_by":"Spire Growth","ascension_level":0}}