{"host":"dth8fvkfiulu86fi","time":1610274642,"event":{"mods":["2.2 Compatiblity","AchievementEnabler","BaseMod","Better Third Choice","Colored Map","Colored Powertips","Minty Spire (QoL Compilation)","Rare Cards Sparkle","StSLib","SuperFastMode","Synergy Search"],"gold_per_floor":[114,39,39,54,69,99,77,77,102,117,117,147,147,162,162,262,262,277,292,307,322,322,322,129,129,154,154,169,44,59,12,12,12,12],"floor_reached":33,"playtime":966,"items_purged":["Accuracy","Accuracy","Accuracy"],"score":257,"play_id":"9eda27d5-fd3a-4b81-a92d-0eef77827290","local_time":"20210110113042","daily_mods":["Specialized","Diverse","Night Terrors"],"is_ascension_mode":false,"campfire_choices":[{"floor":8,"key":"REST"},{"data":"Eruption","floor":15,"key":"SMITH"},{"data":"Perfected Strike","floor":23,"key":"SMITH"},{"data":"Good Instincts","floor":25,"key":"SMITH"},{"floor":32,"key":"REST"}],"circlet_count":0,"master_deck":["Strike_P","Strike_P","Strike_P","Strike_P","Defend_P","Defend_P","Defend_P","Defend_P","Eruption+1","Vigilance","Accuracy","Clothesline","Perfected Strike+1","Conserve Battery","EmptyBody","Reckless Charge","Twin Strike","EmptyBody+1","Good Instincts+1","Twin Strike"],"relics":["PureWater","Mummified Hand","betterThird:SlimedRelic","Strawberry","Boot","Bag of Marbles","Vajra"],"acts_visited":["Exordium","TheCity"],"potions_floor_usage":[6,10,21,21,28,33,33],"damage_taken":[{"damage":0,"enemies":"2 Louse","floor":1,"turns":2},{"damage":0,"enemies":"Cultist","floor":4,"turns":2},{"damage":7,"enemies":"Small Slimes","floor":5,"turns":4},{"damage":36,"enemies":"Lagavulin","floor":6,"turns":8},{"damage":7,"enemies":"2 Fungi Beasts","floor":10,"turns":4},{"damage":9,"enemies":"Gremlin Nob","floor":12,"turns":3},{"damage":0,"enemies":"3 Louse","floor":14,"turns":4},{"damage":62,"enemies":"Slime Boss","floor":16,"turns":6},{"damage":13,"enemies":"2 Thieves","floor":18,"turns":3},{"damage":0,"enemies":"Chosen","floor":19,"turns":3},{"damage":11,"enemies":"Snake Plant","floor":20,"turns":4},{"damage":27,"enemies":"Cultist and Chosen","floor":21,"turns":5},{"damage":27,"enemies":"Centurion and Healer","floor":28,"turns":4},{"damage":6,"enemies":"Snake Plant","floor":30,"turns":4},{"damage":96,"enemies":"Collector","floor":33,"turns":8}],"seed_played":"-956745095108410897","potions_obtained":[{"floor":1,"key":"Fire Potion"},{"floor":6,"key":"SkillPotion"},{"floor":14,"key":"Dexterity Potion"},{"floor":16,"key":"Explosive Potion"},{"floor":18,"key":"Weak Potion"},{"floor":21,"key":"GamblersBrew"},{"floor":30,"key":"DistilledChaos"}],"is_trial":false,"path_per_floor":["M","$","?","M","M","E","?","R","T","M","?","E","?","M","R","B",null,"M","M","M","M","?","R","$","R","T","?","M","$","M","$","R","B"],"character_chosen":"WATCHER","items_purchased":["Good Instincts","Twin Strike"],"campfire_rested":2,"item_purchase_floors":[24,31],"current_hp_per_floor":[72,72,72,72,65,29,18,67,74,67,64,55,74,74,74,12,74,61,61,50,23,47,47,47,47,47,47,20,20,14,14,69,0,0],"gold":12,"neow_bonus":"","is_daily":true,"chose_seed":false,"campfire_upgraded":3,"win_rate":0.0,"timestamp":1610274642,"path_taken":["M","$","?","?","M","E","?","R","T","M","?","E","?","M","R","BOSS","M","M","M","M","?","R","$","R","T","?","M","$","M","$","R","BOSS"],"items_purchased_type":["Card","Card"],"build_version":"2020-12-22","purchased_purges":3,"victory":false,"max_hp_per_floor":[72,72,72,72,72,72,72,67,74,74,74,74,74,74,74,74,74,74,74,74,74,74,74,74,74,74,74,74,74,74,74,69,69,69],"card_choices":[{"not_picked":["Finisher","Flechettes"],"picked":"Clothesline","floor":1},{"not_picked":["Bane","Footwork"],"picked":"Perfected Strike","floor":4},{"not_picked":["Halt","Wild Strike"],"picked":"Conserve Battery","floor":5},{"not_picked":["SashWhip","Intimidate"],"picked":"EmptyBody","floor":6},{"not_picked":["ReachHeaven","Underhanded Strike","Noxious Fumes"],"picked":"SKIP","floor":10},{"not_picked":["Prostrate","FollowUp","Riddle With Holes"],"picked":"SKIP","floor":12},{"not_picked":["Worship","Doom and Gloom"],"picked":"Reckless Charge","floor":14},{"not_picked":["Sunder","Dagger Throw","FlyingSleeves"],"picked":"SKIP","floor":18},{"not_picked":["Cold Snap","Rip and Tear+1","True Grit+1"],"picked":"SKIP","floor":19},{"not_picked":["Pray","Sword Boomerang"],"picked":"Twin Strike","floor":20},{"not_picked":["Scrape","Shockwave+1"],"picked":"EmptyBody+1","floor":21},{"not_picked":["Headbutt+1","Footwork","Sword Boomerang"],"picked":"SKIP","floor":28},{"not_picked":["Catalyst","Wraith Form v2","JustLucky"],"picked":"SKIP","floor":30}],"player_experience":1137671,"relics_obtained":[{"floor":6,"key":"Mummified Hand"},{"floor":9,"key":"Strawberry"},{"floor":12,"key":"Bag of Marbles"},{"floor":26,"key":"Vajra"}],"event_choices":[{"cards_removed":["Accuracy"],"damage_healed":0,"gold_gain":0,"player_choice":"Offered Uncommon","damage_taken":0,"max_hp_gain":0,"max_hp_loss":0,"event_name":"Bonfire Elementals","floor":3,"gold_loss":0},{"damage_healed":0,"gold_gain":0,"player_choice":"Slimed","damage_taken":11,"max_hp_gain":0,"max_hp_loss":0,"event_name":"betterThird:BetterGoop","floor":7,"gold_loss":22},{"damage_healed":0,"gold_gain":0,"player_choice":"Relic ","damage_taken":3,"max_hp_gain":0,"max_hp_loss":0,"event_name":"betterThird:BetterScrap","floor":11,"gold_loss":0,"cards_obtained":["Corruption"]},{"damage_healed":24,"gold_gain":0,"player_choice":"Banana","damage_taken":0,"max_hp_gain":0,"max_hp_loss":0,"event_name":"Big Fish","floor":13,"gold_loss":0},{"damage_healed":24,"gold_gain":0,"player_choice":"Heal","damage_taken":0,"max_hp_gain":0,"max_hp_loss":0,"event_name":"The Library","floor":22,"gold_loss":0},{"damage_healed":0,"gold_gain":0,"player_choice":"Ignored","damage_taken":0,"max_hp_gain":0,"max_hp_loss":0,"event_name":"Ghosts","floor":27,"gold_loss":0}],"is_beta":false,"boss_relics":[{"not_picked":["Fusion Hammer","Runic Pyramid","Velvet Choker"]}],"items_purged_floors":[2,24,29],"is_endless":false,"potions_floor_spawned":[1,6,14,16,18,21,30],"killed_by":"Collector","ascension_level":0}}