{"host":"ig7tc0uedzltt2sr","time":1610264309,"event":{"mods":["BaseMod","Better Twitch Integration","Block Reminder","Colored Map","Colored Powertips","Communication Mod","Current Relic Mod","GifTheSpireLib","HexUI Lib","Minty Spire (QoL Compilation)","Quick Restart","Random Character Button","Rare Cards Sparkle","Relic Sorter","Relic Stats","Slay the Relics Exporter","StSLib","SuperFastMode","Synergy Search","Twitch Decklist","Twitch Utils","everything is the same but u backflip on backflip","slay the spire mod where everything is the same but ironclad has a cowboy hat"],"gold_per_floor":[118,136,152,152,166,166,166,166],"floor_reached":7,"playtime":47,"items_purged":[],"score":45,"play_id":"00318c18-c56e-4ba9-bd53-40ca93f16829","local_time":"20210109233829","is_ascension_mode":false,"campfire_choices":[{"data":"Defend_R","floor":6,"key":"SMITH"}],"circlet_count":0,"master_deck":["Strike_R","Strike_R","Strike_R","Strike_R","Strike_R","Defend_R+1","Defend_R","Defend_R","Defend_R","Bash","Combust"],"relics":["Burning Blood"],"acts_visited":["Exordium"],"potions_floor_usage":[],"damage_taken":[{"damage":10,"enemies":"Small Slimes","floor":1,"turns":4},{"damage":15,"enemies":"Cultist","floor":2,"turns":4},{"damage":24,"enemies":"Jaw Worm","floor":3,"turns":4},{"damage":15,"enemies":"Lots of Slimes","floor":4,"turns":2},{"damage":38,"enemies":"Gremlin Gang","floor":5,"turns":5},{"damage":28,"enemies":"Gremlin Nob","floor":7,"turns":3}],"seed_played":"-1056749450095320132","potions_obtained":[{"floor":2,"key":"SmokeBomb"},{"floor":5,"key":"Strength Potion"}],"is_trial":false,"path_per_floor":["M","M","M","M","M","R","E"],"character_chosen":"IRONCLAD","items_purchased":[],"campfire_rested":0,"item_purchase_floors":[],"current_hp_per_floor":[84,75,57,48,16,16,0,0],"gold":166,"neow_bonus":"TEN_PERCENT_HP_BONUS","is_daily":false,"chose_seed":false,"campfire_upgraded":1,"win_rate":0.0,"timestamp":1610264309,"path_taken":["M","M","M","M","M","R","E"],"items_purchased_type":[],"build_version":"2020-12-22","purchased_purges":0,"victory":false,"max_hp_per_floor":[88,88,88,88,88,88,88,88],"relic_stats":{"counters":[6,22],"obtain_stats":[{"Burning Blood":0},{"Burning Blood":0},{"Burning Blood":0}],"Burning Blood":30},"card_choices":[{"not_picked":["Warcry","Cleave","Headbutt"],"picked":"SKIP","floor":1},{"not_picked":["Reckless Charge","Headbutt","Armaments"],"picked":"SKIP","floor":2},{"not_picked":["Pommel Strike","Thunderclap"],"picked":"Combust","floor":3},{"not_picked":["Searing Blow","Warcry","Seeing Red"],"picked":"SKIP","floor":5}],"player_experience":1499342,"relics_obtained":[],"event_choices":[],"is_beta":false,"boss_relics":[],"items_purged_floors":[],"is_endless":false,"potions_floor_spawned":[2,5],"killed_by":"Gremlin Nob","ascension_level":0}}