{"host":"qnxnem68q7ulahas","time":1610290851,"event":{"mods":["ATMod(阿瑾Mod)","Act Like it!","Arknights The Spire","BaseMod","Challenge The Spire","Decade(王小明)","GungeonMod","Highlight Path","Minty Spire (QoL Compilation)","Replay The Spire","RumiaBox-露米娅的神秘盒子","SOS（斯巴达之子）","Spicy Shops","StSLib","The Animator","[IsaacMod]以撒尖塔","【功能Mod】混沌之环修复补丁","【遗物卡牌】REMEMod"],"gold_per_floor":[118,133,133,133,147,147,180,180,180,191,222,234,250,277,277,375,375,390,390,113,211,211,238,257,286,286,310,310,336,356,366,366,471,471,471,92,134,449],"floor_reached":39,"playtime":2724,"items_purged":["Replay:Hysterical Blindness","DenO_Rod+1","KamenRide+1"],"score":1085,"play_id":"609cb495-be31-4501-9998-3b5a33e25ebe","local_time":"20210110230051","is_ascension_mode":true,"campfire_choices":[{"data":"Kiva_Swallow","floor":6.0,"key":"SMITH"},{"data":"Decade_SpecialSkill","floor":8.0,"key":"SMITH"},{"data":"KamenRide","floor":15.0,"key":"SMITH"},{"data":"Kiva_Bats","floor":28.0,"key":"SMITH"},{"data":"1","floor":35.0,"key":"LIFT"}],"circlet_count":1,"master_deck":["Decade_Attack","Decade_Attack","Decade_SpecialSkill+1","Decade_Defend","Decade_Defend","Decade_Defend","AT_TearsDenial+1","Kiva_Swallow+1","KamenRideKiva+1","RideBooker_Skill_3","UnarmedAttack3","AttackRide+1","UnarmedAttack5+1","ReplayTheSpireMod:Private Reserves","Kiva_Frozen+1","Kiva_Bats+1","Kiva_Eat","Madness"],"relics":["HushsDoor","D4","Ring of the Snake","Burning Blood","ForgetMeNow","Girya","DemoMod:AgedBell","Durian","Replay:Bottled Snecko","Eternal Feather","GodSword6","Bottled Flame","SalivaCoin","MealTicket","Grinning Jar","Blue Doll","Ancient Tea Set","ReplayTheSpireMod:DimensionalGlitch","AT_TrinityForce","DollysMirror","NineLifeCat","Circlet","AT_EbonyIvory","Bag of Preparation","Pondfish Scales","Potion Belt"],"acts_visited":["Exordium","TheCity","TheBeyond","TheEnding"],"potions_floor_usage":[38,38],"damage_taken":[{"damage":9.0,"enemies":"Jaw Worm","floor":1.0,"turns":4.0},{"damage":22.0,"enemies":"Small Slimes","floor":2.0,"turns":3.0},{"damage":0.0,"enemies":"Cultist","floor":5.0,"turns":3.0},{"damage":47.0,"enemies":"Replay:BlueRogue","floor":7.0,"turns":7.0},{"damage":0.0,"enemies":"2 Fungi Beasts","floor":10.0,"turns":3.0},{"damage":9.0,"enemies":"Gremlin Nob","floor":11.0,"turns":4.0},{"damage":0.0,"enemies":"Large Slime","floor":12.0,"turns":6.0},{"damage":15.0,"enemies":"Gremlin Gang","floor":13.0,"turns":3.0},{"damage":14.0,"enemies":"Lagavulin","floor":14.0,"turns":6.0},{"damage":28.0,"enemies":"Slime Boss","floor":16.0,"turns":11.0},{"damage":4.0,"enemies":"Chosen","floor":18.0,"turns":4.0},{"damage":17.0,"enemies":"Slavers","floor":23.0,"turns":4.0},{"damage":0.0,"enemies":"Spheric Guardian","floor":24.0,"turns":3.0},{"damage":6.0,"enemies":"Replay:Snechameleon","floor":25.0,"turns":4.0},{"damage":37.0,"enemies":"REME_1_Revenger","floor":29.0,"turns":3.0},{"damage":10.0,"enemies":"Centurion and Healer","floor":30.0,"turns":3.0},{"damage":15.0,"enemies":"Snake Plant","floor":31.0,"turns":4.0},{"damage":16.0,"enemies":"Automaton","floor":33.0,"turns":5.0},{"damage":10.0,"enemies":"Shield and Spear","floor":37.0,"turns":3.0},{"damage":214,"enemies":"The Heart","floor":38,"turns":11}],"seed_played":"2487308637904536449","potions_obtained":[{"floor":5.0,"key":"AttackPotion"},{"floor":10.0,"key":"LiquidBronze"},{"floor":12.0,"key":"PowerPotion"},{"floor":16.0,"key":"Toxic Potion"},{"floor":24.0,"key":"SkillPotion"}],"is_trial":false,"path_per_floor":["M","M","?","?","M","R","E","R","T","M","E","M","M","E","R","B",null,"M","?","$","?","?","E","M","E","T","T","R","E","M","M","R","B",null,"R","$","E","B",null],"character_chosen":"Decade","items_purchased":["RottenBaby","Pet Ghost","ReplayTheSpireMod:ShopPack","AT_EbonyIvory","Bag of Preparation","Pondfish Scales"],"campfire_rested":0,"item_purchase_floors":[17,20,20,36,36,36],"current_hp_per_floor":[62,41,34,34,44,44,12,12,12,22,44,94,87,101,101,95,104,100,100,100,85,73,91,99,98,98,105,105,83,97,82,111,111,28,28,28,28,25],"gold":449,"neow_bonus":"THREE_RARE_CARDS","is_daily":false,"chose_seed":false,"campfire_upgraded":4,"win_rate":0.0,"timestamp":1610290851,"path_taken":["M","M","?","?","M","R","E","R","T","M","E","?","M","E","R","BOSS","M","?","$","?","?","E","M","E","T","?","R","E","M","M","R","BOSS","R","$","E","BOSS"],"items_purchased_type":["Relic","Relic","Relic","Relic","Relic","Relic"],"build_version":"2020-12-22","purchased_purges":3,"victory":true,"max_hp_per_floor":[70,70,70,70,70,70,70,70,70,80,95,125,125,125,125,125,104,104,104,104,104,104,104,104,104,104,111,111,111,111,111,111,111,28,28,28,28,28],"card_choices":[{"not_picked":[],"picked":"ChaosCard","floor":0.0},{"not_picked":["UnarmedAttack9","Kuuga_Rising"],"picked":"Kiva_Swallow","floor":0.0},{"not_picked":["Decade_Defend2","FormRideJack"],"picked":"Bomb","floor":1.0},{"not_picked":["KamenRideDecade","KamenRideDenO"],"picked":"KamenRideKiva","floor":2.0},{"not_picked":["DragClaw","KamenRideDenO"],"picked":"RideBooker_Skill_3","floor":2.0},{"not_picked":["FormRideDragon","FormRideFlame"],"picked":"UnarmedAttack3","floor":13.0},{"not_picked":["DenO_Rod","FormRidePegasus","UnarmedAttack8"],"picked":"SKIP","floor":18.0},{"not_picked":["Hibiki_FEVER","Blade_Kick"],"picked":"Kiva_Frozen+1","floor":23.0},{"not_picked":["Blade_Kick","Decade_Dash2"],"picked":"Kiva_Bats","floor":25.0},{"not_picked":["FormRideAxel","Kabuto_ClockUp"],"picked":"Kiva_Eat","floor":26.0}],"player_experience":431513,"relics_obtained":[{"floor":7.0,"key":"Ccalipers"},{"floor":9.0,"key":"GnawedLeaf"},{"floor":11.0,"key":"SharpPlug"},{"floor":14.0,"key":"HowToJump"},{"floor":25.0,"key":"DemoMod:SevenLeafClover"},{"floor":26.0,"key":"D4"},{"floor":26.0,"key":"Golden Egg"},{"floor":27.0,"key":"DemoMod:BigBoy"},{"floor":27.0,"key":"Strawberry"},{"floor":29.0,"key":"Blue Candle"},{"floor":37.0,"key":"Potion Belt"}],"event_choices":[{"damage_healed":0.0,"max_hp_gain":0.0,"max_hp_loss":0.0,"gold_gain":0.0,"event_name":"Scrap Ooze","player_choice":"Success","floor":3.0,"gold_loss":0.0,"damage_taken":7.0,"relics_obtained":["TheBean"]},{"damage_healed":0.0,"max_hp_gain":0.0,"max_hp_loss":0.0,"gold_gain":0.0,"event_name":"Cursed Tome","player_choice":"Ignored","floor":19.0,"gold_loss":0.0,"damage_taken":0.0},{"damage_healed":0.0,"max_hp_gain":0.0,"max_hp_loss":0.0,"gold_gain":0.0,"event_name":"Knowing Skull","player_choice":"CARD ","floor":22.0,"potions_obtained":[],"gold_loss":0.0,"damage_taken":12.0,"cards_obtained":["ReplayTheSpireMod:Private Reserves"]}],"is_beta":false,"boss_relics":[{"not_picked":["Replay:Wanted Poster","Ectoplasm"],"picked":"Astrolabe"},{"not_picked":[]},{"not_picked":["Pandora\u0027s Box","REME_DemonsWealth"],"picked":"Philosopher\u0027s Stone"},{"not_picked":[]},{"not_picked":[]}],"items_purged_floors":[17,20,34],"is_endless":false,"potions_floor_spawned":[5,10,12,16,24,31,33],"ascension_level":1}}