{"host":"crjmoxe2wwb87pm5","time":1610314984,"event":{"mods":["BaseMod","Colored Map","GifTheSpireLib","Infinite Spire","Minty Spire (QoL Compilation)","Replay The Spire","StSLib"],"gold_per_floor":[117,132,207,207,222,222,252,269,296,246,246,246],"floor_reached":11,"playtime":400,"items_purged":[],"score":73,"play_id":"c0b171ba-eb9a-4737-9270-803b3cb4c991","local_time":"20210110164304","is_ascension_mode":false,"campfire_choices":[{"floor":6,"key":"REST"}],"circlet_count":0,"master_deck":["Strike_R","Strike_R","Strike_R","Strike_R","Strike_R","Defend_R","Defend_R","Defend_R","Defend_R","Bash","Flex"],"relics":["Burning Blood","Blue Doll","Nunchaku","Dream Catcher"],"acts_visited":["Exordium"],"potions_floor_usage":[],"damage_taken":[{"damage":5,"enemies":"Cultist","floor":1,"turns":4},{"damage":7,"enemies":"Small Slimes","floor":2,"turns":4},{"damage":9,"enemies":"2 Louse","floor":5,"turns":3},{"damage":42,"enemies":"Gremlin Nob","floor":7,"turns":5},{"damage":12,"enemies":"2 Fungi Beasts","floor":8,"turns":3},{"damage":45,"enemies":"3 Sentries","floor":11,"turns":6}],"seed_played":"3189866508565980110","potions_obtained":[{"floor":5,"key":"Energy Potion"},{"floor":7,"key":"Energy Potion"}],"is_trial":false,"path_per_floor":["M","M","?","?","M","R","E","M","T","?","E"],"character_chosen":"IRONCLAD","items_purchased":[],"campfire_rested":1,"item_purchase_floors":[],"current_hp_per_floor":[88,87,76,76,73,88,52,46,46,46,1,1],"gold":246,"neow_bonus":"TEN_PERCENT_HP_BONUS","is_daily":false,"chose_seed":false,"campfire_upgraded":0,"win_rate":0.0,"timestamp":1610314984,"path_taken":["M","?","?","?","M","R","E","M","T","?","E"],"items_purchased_type":[],"build_version":"2020-12-22","purchased_purges":0,"victory":false,"max_hp_per_floor":[88,88,88,88,88,88,88,88,88,88,88,88],"card_choices":[{"not_picked":["Burning Pact","Dropkick","Sword Boomerang"],"picked":"SKIP","floor":1},{"not_picked":["Evolve","Clash","Intimidate"],"picked":"SKIP","floor":2},{"not_picked":["Thunderclap","Warcry","Run Through"],"picked":"SKIP","floor":5},{"not_picked":["Run Through","Clash"],"picked":"Flex","floor":7},{"not_picked":["ReplayTheSpireMod:Strike From Hell","Replay:Undeath\u0027s Touch","Havoc"],"picked":"SKIP","floor":8}],"player_experience":135287,"relics_obtained":[{"floor":7,"key":"Nunchaku"},{"floor":9,"key":"Dream Catcher"}],"event_choices":[{"damage_healed":0,"gold_gain":75,"player_choice":"Gather Gold","damage_taken":11,"max_hp_gain":0,"max_hp_loss":0,"event_name":"World of Goop","floor":3,"gold_loss":0},{"damage_healed":0,"gold_gain":0,"player_choice":"Box","damage_taken":0,"relics_obtained":["Blue Doll"],"max_hp_gain":0,"max_hp_loss":0,"event_name":"Big Fish","floor":4,"gold_loss":0,"cards_obtained":["Regret"]},{"cards_removed":["Regret"],"damage_healed":0,"gold_gain":0,"player_choice":"Card Removal","damage_taken":0,"max_hp_gain":0,"max_hp_loss":0,"event_name":"The Cleric","floor":10,"gold_loss":50}],"is_beta":false,"boss_relics":[],"items_purged_floors":[],"is_endless":false,"potions_floor_spawned":[5,7],"killed_by":"3 Sentries","ascension_level":0}}