{"host":"d42v9a78iaxjks5w","time":1610283680,"event":{"mods":["BaseMod","Colored Map","Colored Powertips","Downfall","Minty Spire (QoL Compilation)","StSLib"],"gold_per_floor":[119,119,119,131,151,151,171,200,225,238,238,253,253,253,253,253,253],"floor_reached":16,"playtime":797,"items_purged":[],"score":102,"play_id":"105325c4-ad3a-45c7-b813-fb0dcd5521c6","local_time":"20210110070120","is_ascension_mode":false,"campfire_choices":[{"data":"Intimidate","floor":6,"key":"SMITH"},{"data":"Shrug It Off","floor":11,"key":"SMITH"},{"data":"Bash","floor":15,"key":"SMITH"}],"circlet_count":0,"master_deck":["Strike_R","Strike_R","Strike_R","Strike_R","Strike_R","Defend_R","Defend_R","Defend_R","Defend_R","Bash+1","Finesse","Reaper","Intimidate+1","Ghostly Armor","Sword Boomerang","Shrug It Off+1","Twin Strike"],"relics":["Burning Blood","Pen Nib","Bag of Marbles"],"acts_visited":["Exordium"],"potions_floor_usage":[8,8],"damage_taken":[{"damage":1.0,"enemies":"2 Louse","floor":1.0,"turns":4.0},{"damage":9.0,"enemies":"Cultist","floor":4.0,"turns":5.0},{"damage":8,"enemies":"Jaw Worm","floor":5,"turns":5},{"damage":10,"enemies":"3 Louse","floor":7,"turns":5},{"damage":29,"enemies":"Gremlin Nob","floor":8,"turns":6},{"damage":7,"enemies":"Looter","floor":10,"turns":3},{"damage":0,"enemies":"Large Slime","floor":12,"turns":6},{"damage":101,"enemies":"The Guardian","floor":16,"turns":21}],"seed_played":"1386609658321703558","potions_obtained":[{"floor":4.0,"key":"SkillPotion"},{"floor":7,"key":"EssenceOfSteel"},{"floor":8,"key":"sneckomod:MuddlingPotion"}],"is_trial":false,"path_per_floor":["M","$","?","M","M","R","M","E","T","M","R","M","?","?","R","B"],"character_chosen":"IRONCLAD","items_purchased":[],"campfire_rested":0,"item_purchase_floors":[],"current_hp_per_floor":[80,80,80,77,75,75,76,57,57,56,56,70,70,75,75,0,0],"gold":253,"neow_bonus":"RANDOM_COLORLESS","is_daily":false,"chose_seed":false,"campfire_upgraded":3,"win_rate":0.0,"timestamp":1610283680,"path_taken":["M","$","?","M","M","R","M","E","T","M","R","?","?","?","R","BOSS"],"items_purchased_type":[],"build_version":"2020-12-22","purchased_purges":0,"victory":false,"max_hp_per_floor":[80,80,80,80,80,80,80,80,80,80,80,80,80,85,85,85,85],"card_choices":[{"not_picked":["Discovery","expansioncontent:AwakenDeath"],"picked":"Finesse","floor":0.0},{"not_picked":["Disarm","Evolve","Rampage"],"picked":"SKIP","floor":1.0},{"not_picked":["Warcry","Reckless Charge","True Grit"],"picked":"SKIP","floor":4.0},{"not_picked":["Twin Strike","Hemokinesis"],"picked":"Ghostly Armor","floor":5},{"not_picked":["Heavy Blade","Anger","Perfected Strike"],"picked":"SKIP","floor":7},{"not_picked":["Body Slam","Flex"],"picked":"Sword Boomerang","floor":8},{"not_picked":["Flex","Thunderclap"],"picked":"Shrug It Off","floor":10},{"not_picked":["Limit Break","Wild Strike"],"picked":"Twin Strike","floor":12}],"player_experience":81609,"relics_obtained":[{"floor":8,"key":"Pen Nib"},{"floor":9,"key":"Bag of Marbles"}],"event_choices":[{"damage_healed":0.0,"max_hp_gain":0.0,"max_hp_loss":0.0,"gold_gain":0.0,"event_name":"Match and Keep!","player_choice":"2 cards matched","floor":3.0,"gold_loss":0.0,"damage_taken":0.0,"cards_obtained":["Reaper","Intimidate"]},{"damage_healed":0,"gold_gain":0,"player_choice":"Ignored","damage_taken":0,"max_hp_gain":0,"max_hp_loss":0,"event_name":"Golden Wing","floor":13,"gold_loss":0},{"damage_healed":0,"gold_gain":0,"player_choice":"Donut","damage_taken":0,"max_hp_gain":5,"max_hp_loss":0,"event_name":"Big Fish","floor":14,"gold_loss":0}],"is_beta":false,"boss_relics":[],"items_purged_floors":[],"is_endless":false,"potions_floor_spawned":[4,7,8],"killed_by":"The Guardian","ascension_level":0}}