{"host":"58syw52hqfl22t9m","time":1610253801,"event":{"mods":["2.2 Compatiblity","AchievementEnabler","BaseMod","Better Altar","Better Match","Better Note","Better Sensory Stone","Better Skull","Better Third Choice","BetterRewards","Block Reminder","Colored Map","Colored Powertips","Dark Map","GifTheSpireLib","Highlight Path","Hubris","Minty Spire (QoL Compilation)","Permanent Neow","Poor People Problems","Random Character Button","Rare Cards Sparkle","Relic Stats","Replay The Spire","Shop Mod","Spicy Shops","StSLib","The Blue Laboratory"],"gold_per_floor":[115,126,26,39,39,39,77,100,127,152,152,168,168,193,193,316,316,335,156,156,42,12,12],"floor_reached":22,"playtime":1336,"items_purged":["Strike_P","Defend_P","Defend_P"],"score":271,"play_id":"55935259-2dbc-44fc-9a2f-2e77081275e9","local_time":"20210109204321","is_ascension_mode":true,"campfire_choices":[{"data":"Eruption","floor":6,"key":"SMITH"},{"data":"Injury","floor":11,"key":"PURGE"},{"floor":13,"key":"REST"},{"data":"Strike_P","floor":15,"key":"PURGE"}],"circlet_count":0,"master_deck":["Strike_P","Strike_P","Defend_P","Defend_P","Eruption+1","Vigilance","FearNoEvil","Tantrum+1","ClearTheMind","Perseverance","FlurryOfBlows","Protect","Adaptation","Consecrate","Replay:LoomingThreat","FlurryOfBlows","Halt","WindmillStrike"],"relics":["PureWater","hubris:GlazedTorus","Gremlin Food","Strawberry","Golden Idol","Peace Pipe","Regal Pillow","SlaversCollar"],"acts_visited":["Exordium","TheCity"],"potions_floor_usage":[],"damage_taken":[{"damage":0,"enemies":"Jaw Worm","floor":1,"turns":3},{"damage":0,"enemies":"Small Slimes","floor":2,"turns":2},{"damage":0,"enemies":"Cultist","floor":4,"turns":2},{"damage":22,"enemies":"Lagavulin","floor":7,"turns":5},{"damage":0,"enemies":"3 Louse","floor":8,"turns":2},{"damage":3,"enemies":"Blue Slaver","floor":10,"turns":2},{"damage":18,"enemies":"Exordium Wildlife","floor":12,"turns":3},{"damage":3,"enemies":"3 Louse","floor":14,"turns":3},{"damage":0,"enemies":"Fading Forest","floor":16,"turns":11},{"damage":46,"enemies":"Shell Parasite","floor":18,"turns":3},{"damage":34,"enemies":"2 Thieves","floor":22,"turns":1}],"seed_played":"1480180312907948581","potions_obtained":[],"is_trial":false,"path_per_floor":["M","M","$","M","?","R","E","M","T","M","R","M","R","M","R","B",null,"M","$","?","$","M"],"character_chosen":"WATCHER","items_purchased":["hubris:GlazedTorus","FearNoEvil","Tantrum","ClearTheMind","Gremlin Food","Strawberry","Perseverance","Halt","WindmillStrike"],"campfire_rested":1,"item_purchase_floors":[0,0,0,0,0,0,0,19,21],"current_hp_per_floor":[79,79,79,79,79,79,57,57,57,54,54,36,74,71,71,79,79,33,33,33,33,0,0],"gold":12,"neow_bonus":"","is_daily":false,"chose_seed":false,"campfire_upgraded":1,"win_rate":0.0,"timestamp":1610253801,"path_taken":["M","M","$","M","?","R","E","M","T","M","R","M","R","M","R","BOSS","M","$","?","$","M"],"items_purchased_type":["Relic","Card","Card","Card","Relic","Relic","Card","Card","Card"],"build_version":"2020-12-22","purchased_purges":3,"victory":false,"max_hp_per_floor":[79,79,79,79,79,79,79,79,79,79,79,79,79,79,79,79,79,79,79,79,79,79,79],"relic_stats":{"Peace Pipe":2,"Regal Pillow":15,"counters":[100,381],"Golden Idol":55,"obtain_stats":[{"Lantern":14,"Regal Pillow":9,"CeramicFish":32,"Vajra":14,"Juzu Bracelet":21,"hubris:SlimyHat":38,"Ancient Tea Set":0,"Smiling Mask":6,"Sling":8,"Sozu":17,"Nunchaku":0,"Strawberry":0,"hubris:ScarierMask":17,"Tiny Chest":9,"Prayer Wheel":6,"Iron Hammer":0,"Kunai":21,"Toxic Egg 2":0,"Replay:Bottled Eggs":26,"hubris:GlazedTorus":0,"Gremlin Food":0,"MerchantsRug":38,"Happy Flower":9,"Golden Idol":12,"Guide Book":0,"Oddly Smooth Stone":0,"PreservedInsect":7,"hubris:MedicalManual":12,"Replay:WaspNest":5,"hubris:Towel":3,"Frozen Egg 2":38,"Question Card":0,"MawBank":12,"Replay:Arrowhead":28,"Mercury Hourglass":0,"Peace Pipe":7,"OrangePellets":38,"SlaversCollar":17,"Molten Egg 2":0,"Nloth\u0027s Gift":20,"Garlic":26,"Art of War":6,"Membership Card":0,"PureWater":0,"ReplayTheSpireMod:Lightbulb":9,"hubris:OldNail":11,"hubris:BottledRain":26},{"Lantern":43,"Regal Pillow":94,"CeramicFish":63,"Vajra":26,"Juzu Bracelet":46,"hubris:SlimyHat":83,"Ancient Tea Set":34,"Smiling Mask":39,"Sling":70,"Sozu":44,"Nunchaku":84,"Strawberry":89,"hubris:ScarierMask":74,"Tiny Chest":5,"Prayer Wheel":55,"Iron Hammer":34,"Kunai":76,"Toxic Egg 2":9,"Replay:Bottled Eggs":47,"hubris:GlazedTorus":50,"Gremlin Food":89,"MerchantsRug":83,"Happy Flower":12,"Golden Idol":6,"Guide Book":34,"Oddly Smooth Stone":50,"PreservedInsect":5,"hubris:MedicalManual":43,"Replay:WaspNest":86,"hubris:Towel":22,"Frozen Egg 2":83,"Question Card":20,"MawBank":72,"Replay:Arrowhead":61,"Mercury Hourglass":9,"Peace Pipe":93,"OrangePellets":83,"SlaversCollar":98,"Molten Egg 2":34,"Nloth\u0027s Gift":76,"Garlic":77,"Art of War":87,"Membership Card":9,"PureWater":0,"ReplayTheSpireMod:Lightbulb":70,"hubris:OldNail":25,"hubris:BottledRain":31},{"Lantern":152,"Regal Pillow":358,"CeramicFish":242,"Vajra":89,"Juzu Bracelet":169,"hubris:SlimyHat":323,"Ancient Tea Set":124,"Smiling Mask":140,"Sling":265,"Sozu":163,"Nunchaku":328,"Strawberry":344,"hubris:ScarierMask":277,"Tiny Chest":16,"Prayer Wheel":200,"Iron Hammer":124,"Kunai":284,"Toxic Egg 2":41,"Replay:Bottled Eggs":173,"hubris:GlazedTorus":188,"Gremlin Food":344,"MerchantsRug":323,"Happy Flower":50,"Golden Idol":18,"Guide Book":124,"Oddly Smooth Stone":188,"PreservedInsect":16,"hubris:MedicalManual":152,"Replay:WaspNest":334,"hubris:Towel":82,"Frozen Egg 2":323,"Question Card":79,"MawBank":270,"Replay:Arrowhead":230,"Mercury Hourglass":41,"Peace Pipe":356,"OrangePellets":323,"SlaversCollar":377,"Molten Egg 2":124,"Nloth\u0027s Gift":284,"Garlic":290,"Art of War":340,"Membership Card":41,"PureWater":0,"ReplayTheSpireMod:Lightbulb":265,"hubris:OldNail":87,"hubris:BottledRain":115}]},"card_choices":[{"not_picked":["Replay:AtTheReady","WheelKick"],"picked":"FlurryOfBlows","floor":1},{"not_picked":["FearNoEvil","FlyingSleeves","Wireheading"],"picked":"SKIP","floor":2},{"not_picked":["Fasting2","FlyingSleeves","EmptyFist"],"picked":"SKIP","floor":4},{"not_picked":["Vault","Replay:Vibes"],"picked":"Protect","floor":7},{"not_picked":["ClearTheMind","BowlingBash"],"picked":"Adaptation","floor":8},{"not_picked":["PathToVictory","Replay:BluntJabs"],"picked":"Consecrate","floor":10},{"not_picked":["Vengeance","Perseverance","FlyingSleeves"],"picked":"SKIP","floor":12},{"not_picked":["Perseverance","CrushJoints","Wireheading"],"picked":"SKIP","floor":14},{"not_picked":["Alpha","Judgement"],"picked":"Replay:LoomingThreat","floor":16},{"not_picked":["ThirdEye+1","CrushJoints+1"],"picked":"FlurryOfBlows","floor":18}],"player_experience":421559,"relics_obtained":[{"floor":7,"key":"Peace Pipe"},{"floor":9,"key":"Regal Pillow"}],"event_choices":[{"damage_healed":0,"gold_gain":0,"player_choice":"Take Wound","damage_taken":0,"relics_obtained":["Golden Idol"],"max_hp_gain":0,"max_hp_loss":0,"event_name":"Golden Idol","floor":5,"gold_loss":0,"cards_obtained":["Injury"]},{"damage_healed":0,"gold_gain":0,"player_choice":"Ignored","damage_taken":0,"max_hp_gain":0,"max_hp_loss":0,"event_name":"betterNote:BetterNote","floor":20,"gold_loss":0,"cards_obtained":["Bane"]}],"is_beta":false,"boss_relics":[{"not_picked":["Coffee Dripper","hubris:VirtuousBlindfold"],"picked":"SlaversCollar"}],"items_purged_floors":[0,3,19],"is_endless":false,"potions_floor_spawned":[2,8,14],"killed_by":"2 Thieves","ascension_level":3}}