{"host":"b2gck3v68i09pmif","time":1610243568,"event":{"mods":["AchievementEnabler","BaseMod","Minty Spire (QoL Compilation)","StSLib"],"gold_per_floor":[117,192,206,206,219,219,219,219,246,223,258,270,318,351,363,375,375],"floor_reached":16,"playtime":566,"items_purged":[],"score":185,"play_id":"dad48eaf-1d8c-41f2-98ca-59ca18bdf6cb","local_time":"20210110095248","is_ascension_mode":true,"campfire_choices":[{"data":"Shrug It Off","floor":6,"key":"SMITH"},{"floor":8,"key":"REST"},{"data":"Shockwave","floor":15,"key":"SMITH"}],"circlet_count":0,"master_deck":["AscendersBane","Strike_R","Strike_R","Strike_R","Strike_R","Strike_R","Defend_R","Defend_R","Defend_R","Defend_R","Bash+1","Shrug It Off+1","Dropkick","Shrug It Off+1","Shockwave+1"],"relics":["Burning Blood","Golden Idol","MawBank","HornCleat"],"acts_visited":["Exordium"],"potions_floor_usage":[],"damage_taken":[{"damage":9,"enemies":"Jaw Worm","floor":1,"turns":6},{"damage":6,"enemies":"Small Slimes","floor":3,"turns":5},{"damage":6,"enemies":"2 Louse","floor":5,"turns":4},{"damage":4,"enemies":"Large Slime","floor":11,"turns":7},{"damage":34,"enemies":"3 Sentries","floor":13,"turns":13},{"damage":0,"enemies":"3 Louse","floor":14,"turns":5},{"damage":35,"enemies":"The Guardian","floor":16,"turns":11}],"seed_played":"7513973378191110518","potions_obtained":[{"floor":1,"key":"EntropicBrew"},{"floor":3,"key":"Dexterity Potion"}],"is_trial":false,"path_per_floor":["M","?","M","?","M","R","?","R","T","?","M","$","E","M","R","B"],"character_chosen":"IRONCLAD","items_purchased":[],"campfire_rested":1,"item_purchase_floors":[],"current_hp_per_floor":[72,61,61,36,36,36,8,32,32,52,54,54,26,32,32,0,0],"gold":375,"neow_bonus":"TEN_PERCENT_HP_BONUS","is_daily":false,"chose_seed":false,"campfire_upgraded":2,"win_rate":0.0,"timestamp":1610243568,"path_taken":["M","?","M","?","M","R","?","R","T","?","M","$","E","M","R","BOSS"],"items_purchased_type":[],"build_version":"2020-12-22","purchased_purges":0,"victory":false,"max_hp_per_floor":[82,82,82,82,82,82,82,82,82,82,82,82,82,82,82,82,82],"card_choices":[{"not_picked":["Heavy Blade","Ghostly Armor"],"picked":"Shrug It Off","floor":1},{"not_picked":["Perfected Strike","Iron Wave"],"picked":"Dropkick","floor":3},{"not_picked":["Feel No Pain","Armaments"],"picked":"Shrug It Off","floor":5},{"not_picked":["Pummel","Iron Wave"],"picked":"Shockwave","floor":11},{"not_picked":["Heavy Blade","Body Slam","Wild Strike"],"picked":"SKIP","floor":13},{"not_picked":["Twin Strike","Shrug It Off","Rampage"],"picked":"SKIP","floor":14}],"player_experience":271349,"relics_obtained":[{"floor":9,"key":"MawBank"},{"floor":13,"key":"HornCleat"}],"event_choices":[{"damage_healed":0,"gold_gain":75,"player_choice":"Gather Gold","damage_taken":11,"max_hp_gain":0,"max_hp_loss":0,"event_name":"World of Goop","floor":2,"gold_loss":0},{"damage_healed":0,"gold_gain":0,"player_choice":"Entered Light","damage_taken":25,"max_hp_gain":0,"max_hp_loss":0,"event_name":"Shining Light","floor":4,"gold_loss":0,"cards_upgraded":["Shrug It Off","Bash"]},{"damage_healed":0,"gold_gain":0,"player_choice":"Take Damage","damage_taken":28,"relics_obtained":["Golden Idol"],"max_hp_gain":0,"max_hp_loss":0,"event_name":"Golden Idol","floor":7,"gold_loss":0},{"damage_healed":20,"gold_gain":0,"player_choice":"Healed","damage_taken":0,"max_hp_gain":0,"max_hp_loss":0,"event_name":"The Cleric","floor":10,"gold_loss":35}],"is_beta":false,"boss_relics":[],"items_purged_floors":[],"is_endless":false,"potions_floor_spawned":[1,3,14],"killed_by":"The Guardian","ascension_level":17}}