{"host":"skr63qsdfgeey3it","time":1610316620,"event":{"mods":["BaseMod","Colored Map","Minty Spire (QoL Compilation)","Replay The Spire","Spicy Shops","StSLib"],"gold_per_floor":[117,292,292,62,80,119,119,156,231,271,288,288,309,309,309,313,313],"floor_reached":16,"playtime":461,"items_purged":["Doubt"],"score":244,"play_id":"59175ccd-7326-4bc0-bdd1-7262a4bde2c0","local_time":"20210110161020","is_ascension_mode":true,"campfire_choices":[{"data":"Sunder","floor":7,"key":"SMITH"},{"floor":12,"key":"REST"},{"data":"Chill","floor":15,"key":"SMITH"}],"circlet_count":0,"master_deck":["Strike_B","Strike_B","Strike_B","Strike_B","Defend_B","Defend_B","Defend_B","Defend_B+1","Zap","Dualcast","Sweeping Beam","Sickly","Sunder+1","Chill+1","Lockon","Tempest","Sunder"],"relics":["Cracked Core","NeowsBlessing","Replay:Bandana","ReplayTheSpireMod:CursedCoin","Chemical X","Pen Nib","Tiny Chest","ReplayTheSpireMod:Ninjato","The Courier"],"acts_visited":["Exordium"],"potions_floor_usage":[8,16,16],"damage_taken":[{"damage":0,"enemies":"2 Louse","floor":1,"turns":1},{"damage":0,"enemies":"Cultist","floor":5,"turns":1},{"damage":0,"enemies":"3 Sentries","floor":6,"turns":1},{"damage":12,"enemies":"Gremlin Nob","floor":8,"turns":2},{"damage":27,"enemies":"3 Sentries","floor":10,"turns":6},{"damage":6,"enemies":"Small Slimes","floor":11,"turns":2},{"damage":11,"enemies":"Looter","floor":13,"turns":2},{"damage":53,"enemies":"Hexaghost","floor":16,"turns":7}],"seed_played":"6111326392622178611","potions_obtained":[{"floor":1,"key":"SteroidPotion"},{"floor":6,"key":"Death Potion"},{"floor":11,"key":"Regen Potion"},{"floor":13,"key":"SpeedPotion"}],"is_trial":false,"path_per_floor":["M","?","?","$","M","E","R","E","T","E","M","R","M","?","R","B"],"character_chosen":"DEFECT","items_purchased":["Replay:Bandana","ReplayTheSpireMod:CursedCoin","Chemical X"],"campfire_rested":1,"item_purchase_floors":[4,4,4],"current_hp_per_floor":[68,68,68,68,68,68,68,56,56,29,23,45,34,34,34,0,0],"gold":313,"neow_bonus":"THREE_ENEMY_KILL","is_daily":false,"chose_seed":false,"campfire_upgraded":2,"win_rate":0.0,"timestamp":1610316620,"path_taken":["M","?","?","$","M","E","R","E","T","E","?","R","M","?","R","BOSS"],"items_purchased_type":["Relic","Relic","Relic"],"build_version":"2020-12-22","purchased_purges":1,"victory":false,"max_hp_per_floor":[75,75,75,75,75,75,75,75,75,75,75,75,75,75,75,75,75],"card_choices":[{"not_picked":["ReplayTheSpireMod:System Scan","Turbo"],"picked":"Sweeping Beam","floor":1},{"not_picked":["Stack","Ball Lightning"],"picked":"Sunder","floor":5},{"not_picked":["Panic Button","Hologram"],"picked":"Chill","floor":6},{"not_picked":["Reprogram","Leap"],"picked":"Lockon","floor":8},{"not_picked":["Reboot","Steam Power"],"picked":"Tempest","floor":10},{"not_picked":["Gash","Chill"],"picked":"Sunder","floor":11},{"not_picked":["Sweeping Beam","Barrage","Time Bomb"],"picked":"SKIP","floor":13}],"player_experience":741043,"relics_obtained":[{"floor":6,"key":"Pen Nib"},{"floor":8,"key":"Tiny Chest"},{"floor":9,"key":"ReplayTheSpireMod:Ninjato"},{"floor":10,"key":"The Courier"}],"event_choices":[{"damage_healed":0,"gold_gain":175,"player_choice":"AGREE","damage_taken":0,"max_hp_gain":0,"max_hp_loss":0,"event_name":"Liars Game","floor":2,"gold_loss":0,"cards_obtained":["Doubt"]},{"damage_healed":0,"gold_gain":0,"player_choice":"Bought 0 Potions","damage_taken":0,"max_hp_gain":0,"max_hp_loss":0,"event_name":"The Woman in Blue","floor":3,"gold_loss":0}],"is_beta":false,"boss_relics":[],"items_purged_floors":[4],"is_endless":false,"potions_floor_spawned":[1,6,11,13],"killed_by":"Hexaghost","ascension_level":9}}