{"host":"rwomhe7k24zy6c7l","time":1610259025,"event":{"mods":["Act Like it!","BaseMod","Colored Powertips","Conspire","Gensokyo","Luminous","Minty Spire (QoL Compilation)","RumiaBox-露米娅的神秘盒子","StSLib","The Bug Knight","Waifu the Spire","WarShipGirlsR/战舰少女R mod"],"gold_per_floor":[366,94,94,114,64,93,93,125,125,125,144,144,64,89,89,191,191,206,219,121,131,81,81,100,100,100,100,100,300,300],"floor_reached":29,"playtime":1722,"items_purged":["conspire:NecroticWound"],"score":252,"play_id":"93d0e86e-ee7f-42df-8920-d52bb858bdf5","local_time":"20210110141025","is_ascension_mode":true,"campfire_choices":[{"data":"HollowMod:MantisMark","floor":10,"key":"SMITH"},{"data":"HollowMod:PogoStrike","floor":12,"key":"SMITH"},{"floor":15,"key":"REST"},{"data":"HollowMod:MothsMistake","floor":23,"key":"SMITH"},{"data":"HollowMod:QuickDashStart","floor":25,"key":"SMITH"},{"floor":27,"key":"REST"}],"circlet_count":0,"master_deck":["HollowMod:NailStrikeStart","HollowMod:NailStrikeStart","HollowMod:NailStrikeStart","HollowMod:QuickDashStart+1","HollowMod:QuickDashStart","HollowMod:QuickDashStart","HollowMod:QuickDashStart","HollowMod:FocusHealStart","HollowMod:PogoStrike+1","HollowMod:SoulStrike","HollowMod:MantisMark+1","HollowMod:MothsMistake+1","HollowMod:NewGlowingWomb","Gensokyo:Shovel","Gensokyo:RustyChest","HollowMod:PureNailStrike"],"relics":["HollowMod:VesselMask","Orichalcum","Strawberry","Bottled Lightning","HornCleat","Toy Ornithopter","SoulBox","Frozen Egg 2","Frozen Eye"],"acts_visited":["Exordium","Exordium"],"potions_floor_usage":[8,19,29],"damage_taken":[{"damage":7,"enemies":"Jaw Worm","floor":1,"turns":3},{"damage":0,"enemies":"Cultist","floor":4,"turns":2},{"damage":40,"enemies":"HollowMod:MossKnight","floor":6,"turns":13},{"damage":22,"enemies":"3 Sentries","floor":8,"turns":7},{"damage":4,"enemies":"conspire:RoseBush","floor":11,"turns":2},{"damage":61,"enemies":"Hexaghost","floor":16,"turns":12},{"damage":12,"enemies":"Gensokyo:AngelMirror","floor":18,"turns":5},{"damage":10,"enemies":"Gensokyo:Chomper","floor":19,"turns":4},{"damage":45,"enemies":"Gensokyo:Swordslinger","floor":21,"turns":5},{"damage":55,"enemies":"Gensokyo:Slime_Group","floor":24,"turns":6},{"damage":61,"enemies":"Gensokyo:Koishi","floor":29,"turns":6}],"seed_played":"6928972790589092427","potions_obtained":[{"floor":6,"key":"GamblersBrew"},{"floor":16,"key":"FearPotion"},{"floor":19,"key":"FairyPotion"},{"floor":24,"key":"SpeedPotion"}],"is_trial":false,"path_per_floor":["M","$","?","M","?","E","?","E","T","R","M","R","$","T","R","B",null,"M","M","COS","M","?","R","M","R","T","R","?","E"],"character_chosen":"THE_BUGKNIGHT","items_purchased":["Orichalcum","HollowMod:SoulStrike","HollowMod:MothsMistake"],"campfire_rested":2,"item_purchase_floors":[2,2,13],"current_hp_per_floor":[68,68,68,68,68,47,47,31,31,31,27,27,27,27,51,2,82,76,71,71,26,33,33,26,26,26,52,52,0,0],"gold":300,"neow_bonus":"TWO_FIFTY_GOLD","is_daily":false,"chose_seed":false,"campfire_upgraded":4,"win_rate":0.0,"timestamp":1610259025,"path_taken":["M","$","?","?","?","E","?","E","T","R","?","R","$","?","R","BOSS","M","M","COS","M","?","R","M","R","T","R","?","E"],"items_purchased_type":["Relic","Card","Card"],"build_version":"2020-12-22","purchased_purges":1,"victory":false,"max_hp_per_floor":[75,75,75,75,75,82,82,82,82,82,82,82,82,82,82,82,82,82,82,82,82,89,89,89,89,89,89,89,89,89],"card_choices":[{"not_picked":["HollowMod:HeavyBlow","HollowMod:DreamGate","HollowMod:InfectedAttack"],"picked":"SKIP","floor":1},{"not_picked":["HollowMod:GoodIntentions","HollowMod:NewJinnsSoul","HollowMod:DescendingDark"],"picked":"SKIP","floor":4},{"not_picked":["HollowMod:FallenFury","HollowMod:DreamGate"],"picked":"HollowMod:MantisMark","floor":6},{"not_picked":["HollowMod:InfectedAttack","HollowMod:SiblingsShadow","HollowMod:DungDefenderAura"],"picked":"SKIP","floor":8},{"not_picked":["HollowMod:SoulEater","HollowMod:ShapeofUnn","HollowMod:TaintedHusks"],"picked":"SKIP","floor":11},{"not_picked":["HollowMod:CloakDash","HollowMod:InfectedAttack","HollowMod:HowlingWraiths+1"],"picked":"SKIP","floor":18},{"not_picked":["HollowMod:NewLittleFool+1","HollowMod:HuntersJournal"],"picked":"HollowMod:NewGlowingWomb","floor":19},{"not_picked":["HollowMod:NewJinnsSoul","HollowMod:SoulEater","HollowMod:CycloneSlash+1"],"picked":"SKIP","floor":21},{"not_picked":["HollowMod:VengefulVoid","HollowMod:HeavyBlow","HollowMod:WraithStrike"],"picked":"SKIP","floor":24}],"player_experience":129282,"relics_obtained":[{"floor":6,"key":"Strawberry"},{"floor":8,"key":"Bottled Lightning"},{"floor":9,"key":"HornCleat"},{"floor":14,"key":"Toy Ornithopter"},{"floor":26,"key":"Frozen Egg 2"}],"event_choices":[{"cards_removed":["HollowMod:NailStrikeStart"],"damage_healed":0,"gold_gain":0,"player_choice":"Card Removal","damage_taken":0,"max_hp_gain":0,"max_hp_loss":0,"event_name":"The Cleric","floor":5,"gold_loss":50},{"damage_healed":0,"gold_gain":0,"player_choice":"Ignored","damage_taken":0,"max_hp_gain":0,"max_hp_loss":0,"event_name":"Golden Wing","floor":7,"gold_loss":0}],"is_beta":false,"boss_relics":[{"not_picked":["Calling Bell","Busted Crown"],"picked":"SoulBox"}],"items_purged_floors":[2],"is_endless":false,"potions_floor_spawned":[6,16,19,24],"killed_by":"Gensokyo:Koishi","ascension_level":2}}