{"host":"56ghxnzsglgdq727","time":1610321353,"event":{"mods":["AchievementEnabler","BaseMod","Downfall","Duelist Mod","Minty Spire (QoL Compilation)","Rare Cards Sparkle","StSLib","The Bug Knight","The Exalted","The Senshi","The Wild Card"],"gold_per_floor":[139,139,139,139,64,64,99,113,139,5,17,17,37,47,47,145,145,163,195,9,9,9,42,42,42,42],"floor_reached":25,"playtime":968,"items_purged":["theDuelist:CastleWalls","theDuelist:Sparks"],"score":217,"play_id":"23081cb3-1ef2-42fb-a37c-0490ff6d04ca","local_time":"20210110182913","is_ascension_mode":false,"campfire_choices":[{"data":"theDuelist:DarkMagician","floor":6,"key":"SMITH"},{"floor":15,"key":"REST"},{"floor":24,"key":"REST"}],"circlet_count":0,"master_deck":["theDuelist:CastleWalls+1","theDuelist:DarkMagician+1","theDuelist:MysticalElf","theDuelist:MysticalElf","theDuelist:NeoMagic","theDuelist:NeoMagic","theDuelist:Sparks+1","theDuelist:ExodiaLA","theDuelist:DarkMagicianGirl","Finesse","theDuelist:ExodiaNecross"],"relics":["theDuelist:MillenniumPuzzle","theDuelist:CardPoolRelic","theDuelist:CardPoolBasicRelic","theDuelist:BoosterPackPoolRelic","theDuelist:CardPoolAddRelic","theDuelist:CardPoolMinusRelic","theDuelist:CardPoolSaveRelic","theDuelist:CardPoolOptionsRelic","Unceasing Top","WingedGreaves","Magic Flower","theDuelist:AeroRelic","Orichalcum","Mark of Pain","Red Mask","Membership Card","Vajra"],"acts_visited":["Exordium","TheCity"],"potions_floor_usage":[7,18,19,23,25],"damage_taken":[{"damage":0,"enemies":"Jaw Worm","floor":1,"turns":3},{"damage":14,"enemies":"Lagavulin","floor":7,"turns":7},{"damage":4,"enemies":"Small Slimes","floor":8,"turns":3},{"damage":0,"enemies":"2 Louse","floor":11,"turns":3},{"damage":0,"enemies":"Looter","floor":13,"turns":4},{"damage":4,"enemies":"Exordium Wildlife","floor":14,"turns":6},{"damage":27,"enemies":"Slime Boss","floor":16,"turns":12},{"damage":0,"enemies":"Spheric Guardian","floor":18,"turns":3},{"damage":22,"enemies":"Masked Bandits","floor":19,"turns":6},{"damage":43,"enemies":"Gremlin Leader","floor":23,"turns":10},{"damage":29,"enemies":"Slavers","floor":25,"turns":4}],"seed_played":"2839418172880185480","potions_obtained":[{"floor":1,"key":"theDuelist:VoidBottle"},{"floor":16,"key":"theDuelist:BigOrbBottle"},{"floor":18,"key":"theDuelist:SealedPackE"},{"floor":19,"key":"theDuelist:FreezingPotion"},{"floor":23,"key":"champ:CounterPotion"}],"is_trial":false,"path_per_floor":["M","?","?","?","$","R","E","M","T","$","M","T","M","M","R","B",null,"M","?","$","?","?","E","R","E"],"character_chosen":"THE_DUELIST","items_purchased":["theDuelist:ExodiaLA","Membership Card","theDuelist:ExodiaNecross"],"campfire_rested":2,"item_purchase_floors":[10,20,20],"current_hp_per_floor":[72,58,58,46,46,46,32,28,28,28,28,28,28,24,45,18,72,72,50,50,50,50,7,28,0,0],"gold":42,"neow_bonus":"ONE_RARE_RELIC","is_daily":false,"chose_seed":false,"campfire_upgraded":1,"win_rate":0.0,"timestamp":1610321353,"path_taken":["M","?","?","?","$","R","E","M","T","$","M","?","M","M","R","BOSS","M","?","$","?","?","E","R","E"],"items_purchased_type":["Card","Relic","Card"],"build_version":"2020-12-22","purchased_purges":2,"victory":false,"max_hp_per_floor":[72,72,72,72,72,72,72,72,72,72,72,72,72,72,72,72,72,72,72,72,72,72,72,72,72,72],"card_choices":[{"not_picked":["theDuelist:BattleOx","theDuelist:ClearKuriboh","theDuelist:Mudora","theDuelist:WormKing","theDuelist:GauntletWarrior"],"picked":"SKIP","floor":1},{"not_picked":["theDuelist:DarkMagician","theDuelist:SpiritHarp","theDuelist:Illusionist","theDuelist:ThousandEyesIdol","theDuelist:CosmoBrain"],"picked":"SKIP","floor":7},{"not_picked":["theDuelist:PowerGiant","theDuelist:HaneHane","theDuelist:EarthquakeGiant","theDuelist:DarkHole","theDuelist:EarthGiant"],"picked":"SKIP","floor":8},{"not_picked":["theDuelist:SilentDoom","theDuelist:GuardianAngel","theDuelist:IcyCrevasse","theDuelist:DoomShaman"],"picked":"theDuelist:DarkMagicianGirl","floor":11},{"not_picked":["theDuelist:NeoMagic","theDuelist:Mudballman","theDuelist:BlueDragonSummoner","theDuelist:OnslaughtFireKings","theDuelist:ApprenticeIllusionMagician"],"picked":"SKIP","floor":13},{"not_picked":["theDuelist:BattleguardKing","theDuelist:GaiaMidNightSun","theDuelist:HammerShot","theDuelist:PowerGiant","theDuelist:SolemnStrike"],"picked":"SKIP","floor":14},{"not_picked":["Mayhem","Secret Technique+1","Secret Weapon"],"picked":"Finesse","floor":18},{"not_picked":["theDuelist:SpellShatteringArrow","theDuelist:InfernoFireBlast+1","theDuelist:OnslaughtFireKings","theDuelist:DiffusionWaveMotion+1","theDuelist:VoidExpansion"],"picked":"SKIP","floor":23}],"player_experience":212308,"relics_obtained":[{"floor":7,"key":"Magic Flower"},{"floor":9,"key":"theDuelist:AeroRelic"},{"floor":12,"key":"Orichalcum"},{"floor":19,"key":"Red Mask"},{"floor":23,"key":"Vajra"}],"event_choices":[{"damage_healed":0,"gold_gain":0,"player_choice":"Entered Light","damage_taken":14,"max_hp_gain":0,"max_hp_loss":0,"event_name":"Shining Light","floor":2,"gold_loss":0,"cards_upgraded":["theDuelist:Sparks","theDuelist:CastleWalls"]},{"damage_healed":0,"gold_gain":0,"player_choice":"Leave","duelist":true,"damage_taken":0,"max_hp_gain":0,"max_hp_loss":0,"event_name":"Battle City","floor":3,"gold_loss":0},{"damage_healed":0,"gold_gain":0,"player_choice":"Success","damage_taken":12,"relics_obtained":["WingedGreaves"],"max_hp_gain":0,"max_hp_loss":0,"event_name":"Scrap Ooze","floor":4,"gold_loss":0},{"damage_healed":0,"gold_gain":0,"player_choice":"Fought Bandits","damage_taken":0,"max_hp_gain":0,"max_hp_loss":0,"event_name":"Masked Bandits","floor":19,"gold_loss":0},{"cards_removed":["theDuelist:Sparks"],"damage_healed":0,"gold_gain":0,"player_choice":"Elegance","damage_taken":0,"max_hp_gain":0,"max_hp_loss":0,"event_name":"Back to Basics","floor":21,"gold_loss":0},{"damage_healed":0,"gold_gain":0,"player_choice":"Ignored","damage_taken":0,"max_hp_gain":0,"max_hp_loss":0,"event_name":"NoteForYourself","floor":22,"gold_loss":0}],"is_beta":false,"boss_relics":[{"not_picked":["theDuelist:MillenniumKey","Busted Crown"],"picked":"Mark of Pain"}],"items_purged_floors":[5,10],"is_endless":false,"potions_floor_spawned":[1,16,18,19,23],"killed_by":"Slavers","ascension_level":0}}