{"host":"rmsq46plbpwfbxcc","time":1610295950,"event":{"mods":["AchievementEnabler","BaseMod","Colored Map","Colored Powertips","DeckTracker","KOR Keyword Fix","Minty Spire (QoL Compilation)","Permanent Neow","Quick Restart","SuperFastMode"],"gold_per_floor":[117,117,42,42,60,60,60,80,134,134,178,31,65,140,140,260,260,281,302,202,220,220,255,255,275,275,299,299,299,320,338,338,463,463,482,501,501,522,115,115,154,154,181,197,241,241,284,340,340,340],"floor_reached":51,"playtime":1676,"items_purged":["Injury","Defend_G"],"score":1074,"play_id":"ebe78032-77b8-4f56-9315-8dc73f575c2c","local_time":"20210111012550","is_ascension_mode":true,"campfire_choices":[{"data":"Neutralize","floor":6.0,"key":"SMITH"},{"data":"Choke","floor":10.0,"key":"SMITH"},{"data":"Terror","floor":15.0,"key":"SMITH"},{"data":"Phantasmal Killer","floor":24.0,"key":"SMITH"},{"floor":28.0,"key":"REST"},{"data":"Cloak And Dagger","floor":32.0,"key":"SMITH"},{"data":"Bullet Time","floor":40,"key":"SMITH"},{"data":"Escape Plan","floor":42,"key":"SMITH"},{"data":"A Thousand Cuts","floor":49,"key":"SMITH"}],"circlet_count":0,"master_deck":["Strike_G+1","Survivor","Neutralize+1","Deflect+1","Footwork+1","Accuracy+1","Choke+1","Backflip","Terror+1","Phantasmal Killer+1","PiercingWail","PiercingWail+1","Dagger Spray","Escape Plan+1","Quick Slash+1","Cloak And Dagger+1","Bullet Time+1","Finisher+1","Blade Dance+1","A Thousand Cuts+1","Well Laid Plans"],"relics":["Astrolabe","Golden Idol","Boot","Whetstone","PreservedInsect","Juzu Bracelet","StoneCalendar","SlaversCollar","Ice Cream","Snake Skull","Coffee Dripper","Shuriken","Pen Nib","Strawberry","Lantern","Eternal Feather","Meat on the Bone","Unceasing Top"],"acts_visited":["Exordium","TheCity","TheBeyond"],"potions_floor_usage":[44,50,50],"damage_taken":[{"damage":0.0,"enemies":"Jaw Worm","floor":1.0,"turns":10.0},{"damage":0.0,"enemies":"Small Slimes","floor":5.0,"turns":4.0},{"damage":0.0,"enemies":"Cultist","floor":8.0,"turns":4.0},{"damage":24.0,"enemies":"3 Sentries","floor":11.0,"turns":14.0},{"damage":5.0,"enemies":"Lagavulin","floor":13.0,"turns":6.0},{"damage":7.0,"enemies":"3 Sentries","floor":14.0,"turns":6.0},{"damage":13.0,"enemies":"Slime Boss","floor":16.0,"turns":7.0},{"damage":14.0,"enemies":"Spheric Guardian","floor":18.0,"turns":7.0},{"damage":4.0,"enemies":"Chosen","floor":19.0,"turns":7.0},{"damage":10.0,"enemies":"Shelled Parasite and Fungi","floor":21.0,"turns":7.0},{"damage":20.0,"enemies":"Gremlin Leader","floor":23.0,"turns":5.0},{"damage":0.0,"enemies":"Snake Plant","floor":25.0,"turns":5.0},{"damage":11.0,"enemies":"Chosen and Byrds","floor":27.0,"turns":7.0},{"damage":2.0,"enemies":"3 Cultists","floor":30.0,"turns":5.0},{"damage":0.0,"enemies":"Snake Plant","floor":31.0,"turns":3.0},{"damage":18.0,"enemies":"Collector","floor":33.0,"turns":7.0},{"damage":16.0,"enemies":"Orb Walker","floor":35.0,"turns":4.0},{"damage":2,"enemies":"3 Shapes","floor":36,"turns":4},{"damage":5,"enemies":"Jaw Worm Horde","floor":38,"turns":4},{"damage":0,"enemies":"Reptomancer","floor":41,"turns":3},{"damage":0,"enemies":"Transient","floor":44,"turns":5},{"damage":0,"enemies":"Giant Head","floor":45,"turns":4},{"damage":26,"enemies":"Reptomancer","floor":47,"turns":3},{"damage":19,"enemies":"2 Orb Walkers","floor":48,"turns":4},{"damage":24,"enemies":"Awakened One","floor":50,"turns":4}],"seed_played":"240854524032958254","potions_obtained":[{"floor":1.0,"key":"SpeedPotion"},{"floor":5.0,"key":"Energy Potion"},{"floor":13.0,"key":"PowerPotion"},{"floor":16.0,"key":"SpeedPotion"},{"floor":18.0,"key":"Strength Potion"},{"floor":23.0,"key":"Regen Potion"},{"floor":30.0,"key":"CultistPotion"},{"floor":35.0,"key":"Ancient Potion"},{"floor":41,"key":"CunningPotion"},{"floor":47,"key":"Strength Potion"}],"is_trial":false,"path_per_floor":["M","?","$","?","M","R","?","M","T","R","E","$","E","?","R","B",null,"M","M","$","M","?","E","R","M","T","M","R","?","M","M","R","B",null,"M","M","?","M","$","R","E","R","T","M","E","?","E","?","R","B",null],"character_chosen":"THE_SILENT","items_purchased":["PreservedInsect","Shuriken","Pen Nib"],"campfire_rested":1,"item_purchase_floors":[12,39,39],"current_hp_per_floor":[63,63,63,63,63,63,56,56,56,56,32,32,27,20,20,7,54,40,36,36,26,26,6,6,20,20,9,30,30,28,28,28,10,55,39,37,37,32,32,32,39,39,39,39,39,67,41,34,46,34],"gold":340,"neow_bonus":"BOSS_RELIC","is_daily":false,"chose_seed":false,"campfire_upgraded":8,"win_rate":0.0,"timestamp":1610295950,"path_taken":["M","?","$","?","M","R","?","M","T","R","E","?","E","?","R","BOSS","M","M","$","M","?","E","R","M","T","M","R","?","M","M","R","BOSS","M","M","?","M","$","R","E","R","T","M","E","?","E","?","R","BOSS"],"items_purchased_type":["Relic","Relic","Relic"],"build_version":"2020-12-22","purchased_purges":2,"victory":true,"max_hp_per_floor":[70,70,70,70,70,70,70,70,70,70,70,70,70,70,70,70,70,70,70,70,70,70,70,70,70,70,70,70,70,70,70,70,70,70,70,70,70,70,70,70,77,77,77,77,77,67,67,67,67,67],"card_choices":[{"not_picked":["Expertise","Dodge and Roll"],"picked":"Choke","floor":1.0},{"not_picked":["Deflect","Dagger Throw","Sucker Punch"],"picked":"SKIP","floor":5.0},{"not_picked":["Outmaneuver","Expertise","Leg Sweep"],"picked":"SKIP","floor":8.0},{"not_picked":["Slice","Flying Knee","Skewer"],"picked":"SKIP","floor":11.0},{"not_picked":["Predator","Endless Agony"],"picked":"Backflip","floor":13.0},{"not_picked":["Grand Finale","Bane"],"picked":"Terror","floor":14.0},{"not_picked":["Grand Finale","Doppelganger"],"picked":"Phantasmal Killer","floor":16.0},{"not_picked":["Slice","Calculated Gamble"],"picked":"PiercingWail","floor":18.0},{"not_picked":["Leg Sweep","Dagger Throw","Backflip"],"picked":"SKIP","floor":19.0},{"not_picked":["Backflip","Deadly Poison"],"picked":"PiercingWail+1","floor":21.0},{"not_picked":["Well Laid Plans","Bane"],"picked":"Dagger Spray","floor":23.0},{"not_picked":["Predator","Well Laid Plans"],"picked":"Escape Plan","floor":25.0},{"not_picked":["Backflip","Masterful Stab"],"picked":"Quick Slash+1","floor":27.0},{"not_picked":["Deadly Poison","Dodge and Roll+1"],"picked":"Cloak And Dagger","floor":30.0},{"not_picked":["Deflect","All Out Attack","Bane+1"],"picked":"SKIP","floor":31.0},{"not_picked":["Corpse Explosion","Malaise"],"picked":"Bullet Time","floor":33.0},{"not_picked":["Flying Knee","Sucker Punch+1"],"picked":"Finisher+1","floor":35.0},{"not_picked":["Dodge and Roll+1","Underhanded Strike","Backflip"],"picked":"SKIP","floor":36},{"not_picked":["Acrobatics","Well Laid Plans+1"],"picked":"Blade Dance+1","floor":38},{"not_picked":["Bane+1","Dagger Spray","Outmaneuver+1"],"picked":"SKIP","floor":41},{"not_picked":["Choke","PiercingWail+1","Quick Slash+1"],"picked":"SKIP","floor":44},{"not_picked":["Escape Plan+1","Poisoned Stab+1"],"picked":"A Thousand Cuts","floor":45},{"not_picked":["Poisoned Stab","Flechettes+1"],"picked":"Well Laid Plans","floor":47}],"player_experience":643561,"relics_obtained":[{"floor":9.0,"key":"Boot"},{"floor":11.0,"key":"Whetstone"},{"floor":13.0,"key":"Juzu Bracelet"},{"floor":14.0,"key":"StoneCalendar"},{"floor":23.0,"key":"Ice Cream"},{"floor":26.0,"key":"Snake Skull"},{"floor":41,"key":"Strawberry"},{"floor":43,"key":"Lantern"},{"floor":45,"key":"Eternal Feather"},{"floor":47,"key":"Meat on the Bone"},{"floor":48,"key":"Unceasing Top"}],"event_choices":[{"damage_healed":0.0,"max_hp_gain":0.0,"max_hp_loss":0.0,"gold_gain":0.0,"event_name":"Golden Idol","player_choice":"Take Wound","floor":2.0,"gold_loss":0.0,"damage_taken":0.0,"relics_obtained":["Golden Idol"],"cards_obtained":["Injury"]},{"cards_removed":["Defend_G"],"damage_healed":0.0,"max_hp_gain":0.0,"max_hp_loss":0.0,"gold_gain":0.0,"event_name":"Living Wall","player_choice":"Forget","floor":4.0,"gold_loss":0.0,"damage_taken":0.0},{"cards_removed":["Strike_G"],"damage_healed":0.0,"max_hp_gain":0.0,"max_hp_loss":0.0,"gold_gain":0.0,"event_name":"Golden Wing","player_choice":"Card Removal","floor":7.0,"gold_loss":0.0,"damage_taken":7.0},{"damage_healed":0.0,"max_hp_gain":0.0,"max_hp_loss":0.0,"gold_gain":0.0,"event_name":"Dead Adventurer","player_choice":"Searched \u00271\u0027 times","floor":14.0,"gold_loss":0.0,"damage_taken":0.0},{"cards_removed":["Defend_G"],"damage_healed":0.0,"max_hp_gain":0.0,"max_hp_loss":0.0,"gold_gain":0.0,"event_name":"Bonfire Elementals","player_choice":"Offered Basic","floor":22.0,"gold_loss":0.0,"damage_taken":0.0},{"cards_removed":["Strike_G"],"damage_healed":0.0,"max_hp_gain":0.0,"max_hp_loss":0.0,"gold_gain":0.0,"event_name":"Back to Basics","player_choice":"Elegance","floor":29.0,"gold_loss":0.0,"damage_taken":0.0},{"cards_removed":["Defend_G"],"damage_healed":0,"gold_gain":0,"player_choice":"Purged","damage_taken":0,"max_hp_gain":0,"max_hp_loss":0,"event_name":"Purifier","floor":37,"gold_loss":0},{"damage_healed":67,"gold_gain":0,"player_choice":"Heal","damage_taken":0,"max_hp_gain":0,"max_hp_loss":10,"event_name":"The Moai Head","floor":46,"gold_loss":0},{"damage_healed":0,"gold_gain":0,"player_choice":"Fight","damage_taken":0,"max_hp_gain":0,"max_hp_loss":0,"event_name":"Mysterious Sphere","floor":48,"gold_loss":0}],"is_beta":false,"boss_relics":[{"not_picked":["Philosopher\u0027s Stone","Runic Pyramid"],"picked":"SlaversCollar"},{"not_picked":["Snecko Eye","Cursed Key"],"picked":"Coffee Dripper"}],"items_purged_floors":[3,20],"is_endless":false,"potions_floor_spawned":[1,5,13,16,18,23,30,35,41,47],"ascension_level":6}}