{"host":"fa35vd3kig5td25x","time":1610277979,"event":{"mods":["BaseMod","Colored Powertips","Minty Spire (QoL Compilation)","Relic Stats","Slay the Relics Exporter"],"gold_per_floor":[16,16,40,54,79,79,112,112,112,147,147,172,172,97,97,187,187,207,34,34,34,52,52,52,52,52,88,106,231,231,244,244,334,334,358,374,374,11,32,32,44,87,168,204,242,292,304,352,364,376,388,400,412,30,70,70,70],"floor_reached":56,"playtime":6384,"items_purged":["Strike_B","Defend_B"],"score":2247,"play_id":"446bec09-e6ac-4207-8f75-90ee8d6bb28a","local_time":"20210110122619","is_ascension_mode":true,"campfire_choices":[{"floor":6,"key":"DIG"},{"floor":11,"key":"REST"},{"floor":13,"key":"DIG"},{"data":"Doom and Gloom","floor":15,"key":"SMITH"},{"data":"Ghostly","floor":23,"key":"SMITH"},{"data":"Ghostly","floor":24,"key":"SMITH"},{"data":"Ghostly","floor":25,"key":"SMITH"},{"floor":30,"key":"REST"},{"data":"Darkness","floor":32,"key":"SMITH"},{"floor":40,"key":"DIG"},{"floor":47,"key":"RECALL"},{"data":"Capacitor","floor":49,"key":"SMITH"},{"floor":53,"key":"DIG"}],"circlet_count":0,"master_deck":["AscendersBane","Defend_B","Defend_B","Defend_B","Dualcast","Doom and Gloom+1","Cold Snap","Beam Cell","Coolheaded","Echo Form","Capacitor+1","Reinforced Body","Force Field","Redo","Ghostly+1","Ghostly+1","Ghostly+1","Go for the Eyes","Conserve Battery","Darkness+1","Fission","Consume+1","Coolheaded","Glacier","Steam Power","Loop+1","Barrage"],"relics":["Cracked Core","Shovel","Golden Idol","Omamori","Darkstone Periapt","Regal Pillow","DataDisk","WingedGreaves","Runic Pyramid","Anchor","Emotion Chip","Thread and Needle","Shuriken","Cursed Key","Medical Kit","Lantern","MawBank","Bag of Preparation","Vajra","Letter Opener","Mercury Hourglass","StrikeDummy","ClockworkSouvenir","Bird Faced Urn"],"acts_visited":["Exordium","TheCity","TheBeyond","TheEnding"],"potions_floor_usage":[7,10,22,28,29,31,42,46,51,56,56],"damage_taken":[{"damage":3,"enemies":"2 Louse","floor":1,"turns":3},{"damage":2,"enemies":"Jaw Worm","floor":3,"turns":3},{"damage":0,"enemies":"Small Slimes","floor":4,"turns":2},{"damage":9,"enemies":"3 Louse","floor":5,"turns":2},{"damage":18,"enemies":"3 Sentries","floor":7,"turns":6},{"damage":6,"enemies":"Gremlin Nob","floor":10,"turns":3},{"damage":4,"enemies":"2 Fungi Beasts","floor":12,"turns":3},{"damage":4,"enemies":"The Guardian","floor":16,"turns":12},{"damage":30,"enemies":"3 Byrds","floor":18,"turns":5},{"damage":3,"enemies":"Chosen","floor":22,"turns":7},{"damage":24,"enemies":"Slavers","floor":27,"turns":7},{"damage":0,"enemies":"Snake Plant","floor":28,"turns":7},{"damage":2,"enemies":"Colosseum Slavers","floor":29,"turns":5},{"damage":0,"enemies":"Colosseum Nobs","floor":29,"turns":7},{"damage":0,"enemies":"Cultist and Chosen","floor":31,"turns":7},{"damage":9,"enemies":"Collector","floor":33,"turns":11},{"damage":6,"enemies":"3 Shapes","floor":35,"turns":5},{"damage":1,"enemies":"3 Darklings","floor":36,"turns":6},{"damage":0,"enemies":"Transient","floor":39,"turns":6},{"damage":5,"enemies":"Giant Head","floor":42,"turns":17},{"damage":0,"enemies":"4 Shapes","floor":44,"turns":9},{"damage":0,"enemies":"Nemesis","floor":46,"turns":9},{"damage":0,"enemies":"Reptomancer","floor":48,"turns":7},{"damage":0,"enemies":"Donu and Deca","floor":50,"turns":14},{"damage":0,"enemies":"Awakened One","floor":51,"turns":16},{"damage":2,"enemies":"Shield and Spear","floor":55,"turns":10},{"damage":45,"enemies":"The Heart","floor":56,"turns":14}],"seed_played":"8604103214792878170","potions_obtained":[{"floor":1,"key":"AttackPotion"},{"floor":5,"key":"DistilledChaos"},{"floor":12,"key":"SpeedPotion"},{"floor":22,"key":"Fire Potion"},{"floor":29,"key":"ColorlessPotion"},{"floor":31,"key":"LiquidMemories"},{"floor":36,"key":"SkillPotion"},{"floor":42,"key":"Dexterity Potion"},{"floor":46,"key":"Strength Potion"},{"floor":48,"key":"SkillPotion"}],"is_trial":false,"path_per_floor":["M","?","M","M","M","R","E","?","T","E","R","M","R","?","R","B",null,"M","$","?","?","M","R","R","R","T","E","M","?","R","M","R","B",null,"M","M","?","$","M","R","?","E","T","M","T","E","R","E","R","B","B",null,"R","$","E","B"],"character_chosen":"DEFECT","items_purchased":["Reinforced Body","Block Potion","Medical Kit","Lantern","Coolheaded","DuplicationPotion","FocusPotion","ClockworkSouvenir"],"campfire_rested":2,"item_purchase_floors":[19,19,38,38,38,54,54,54],"current_hp_per_floor":[61,61,59,59,50,50,32,32,32,26,60,56,56,56,56,52,61,31,31,31,31,28,28,28,28,28,4,4,2,26,26,26,17,28,22,21,21,21,21,21,21,16,16,16,16,16,16,16,16,16,16,28,28,28,26,0,0],"gold":70,"neow_bonus":"ONE_RARE_RELIC","is_daily":false,"chose_seed":false,"campfire_upgraded":6,"win_rate":0.0,"timestamp":1610277979,"path_taken":["M","?","M","M","M","R","E","?","T","E","R","M","R","?","R","BOSS","M","$","?","?","M","R","R","R","T","E","M","?","R","M","R","BOSS","M","M","?","$","?","R","?","E","T","M","?","E","R","E","R","BOSS","BOSS","R","$","E","BOSS"],"items_purchased_type":["Card","Potion","Relic","Relic","Card","Potion","Potion","Relic"],"build_version":"2020-12-22","purchased_purges":2,"victory":false,"max_hp_per_floor":[71,64,64,64,64,64,64,64,64,64,64,64,64,64,64,64,64,64,64,64,32,32,32,32,32,32,32,32,32,32,32,32,32,32,32,32,32,32,32,32,32,32,32,32,32,32,32,32,32,32,32,32,32,32,32,32,32],"relic_stats":{"Darkstone Periapt":0,"Regal Pillow":30,"counters":[27,203],"Golden Idol":198,"Bag of Preparation":[14],"Letter Opener":[300],"Cursed Key":2,"Medical Kit":[29],"MawBank":168,"Mercury Hourglass":[154],"Emotion Chip":[30,7,17,6,0],"Shovel":4,"Shuriken":[9],"Bird Faced Urn":[10],"obtain_stats":[{"Darkstone Periapt":7,"Regal Pillow":9,"Lantern":38,"Golden Idol":2,"Vajra":45,"Thread and Needle":29,"Omamori":6,"Bag of Preparation":42,"Letter Opener":46,"Cursed Key":34,"Medical Kit":38,"MawBank":40,"Mercury Hourglass":48,"ClockworkSouvenir":54,"DataDisk":10,"Anchor":26,"Emotion Chip":27,"Shovel":0,"Shuriken":29,"Bird Faced Urn":55,"WingedGreaves":13,"Cracked Core":0,"StrikeDummy":53,"Runic Pyramid":17},{"Darkstone Periapt":5,"Regal Pillow":5,"Lantern":18,"Golden Idol":1,"Vajra":21,"Thread and Needle":14,"Omamori":4,"Bag of Preparation":20,"Letter Opener":22,"Cursed Key":16,"Medical Kit":18,"MawBank":19,"Mercury Hourglass":23,"ClockworkSouvenir":25,"DataDisk":6,"Anchor":10,"Emotion Chip":11,"Shovel":0,"Shuriken":14,"Bird Faced Urn":26,"WingedGreaves":7,"Cracked Core":0,"StrikeDummy":25,"Runic Pyramid":8},{"Darkstone Periapt":16,"Regal Pillow":16,"Lantern":101,"Golden Idol":3,"Vajra":133,"Thread and Needle":72,"Omamori":10,"Bag of Preparation":124,"Letter Opener":142,"Cursed Key":90,"Medical Kit":101,"MawBank":107,"Mercury Hourglass":149,"ClockworkSouvenir":179,"DataDisk":19,"Anchor":46,"Emotion Chip":53,"Shovel":0,"Shuriken":72,"Bird Faced Urn":189,"WingedGreaves":22,"Cracked Core":0,"StrikeDummy":179,"Runic Pyramid":34}]},"card_choices":[{"not_picked":["Gash","Barrage"],"picked":"Doom and Gloom","floor":1},{"not_picked":["Chill","Compile Driver"],"picked":"Cold Snap","floor":3},{"not_picked":["Rebound","Sweeping Beam"],"picked":"Beam Cell","floor":4},{"not_picked":["Leap","Turbo"],"picked":"FTL","floor":5},{"not_picked":["Reprogram","Heatsinks","Lockon"],"picked":"SKIP","floor":7},{"not_picked":["Storm","Scrape","Skim"],"picked":"SKIP","floor":10},{"not_picked":["Compile Driver","Cold Snap"],"picked":"Coolheaded","floor":12},{"not_picked":["All For One","Hyperbeam"],"picked":"Echo Form","floor":16},{"not_picked":["Conserve Battery","Barrage"],"picked":"Capacitor","floor":18},{"not_picked":["Ball Lightning","Gash"],"picked":"Go for the Eyes","floor":22},{"not_picked":["Coolheaded","Melter"],"picked":"Conserve Battery","floor":27},{"not_picked":["Streamline","Beam Cell","Cold Snap"],"picked":"SKIP","floor":28},{"not_picked":["Hologram","Fission"],"picked":"Darkness","floor":31},{"not_picked":["Rainbow","Multi-Cast"],"picked":"Fission","floor":33},{"not_picked":["Steam","Barrage"],"picked":"Consume+1","floor":35},{"not_picked":["Cold Snap+1","Heatsinks","Streamline+1"],"picked":"SKIP","floor":36},{"not_picked":["Scrape","Leap"],"picked":"Glacier","floor":39},{"not_picked":["FTL","Coolheaded","Steam"],"picked":"SKIP","floor":42},{"not_picked":["Self Repair","Cold Snap","Streamline"],"picked":"SKIP","floor":44},{"not_picked":["Rainbow","Cold Snap"],"picked":"Steam Power","floor":46},{"not_picked":["Leap+1","Steam Power"],"picked":"Loop+1","floor":48},{"not_picked":["Self Repair","Doom and Gloom"],"picked":"Barrage","floor":55}],"player_experience":2890097,"relics_obtained":[{"floor":6,"key":"Omamori"},{"floor":7,"key":"Darkstone Periapt"},{"floor":9,"key":"Regal Pillow"},{"floor":10,"key":"DataDisk"},{"floor":13,"key":"WingedGreaves"},{"floor":26,"key":"Anchor"},{"floor":27,"key":"Emotion Chip"},{"floor":29,"key":"Thread and Needle"},{"floor":29,"key":"Shuriken"},{"floor":40,"key":"MawBank"},{"floor":42,"key":"Bag of Preparation"},{"floor":45,"key":"Vajra"},{"floor":46,"key":"Letter Opener"},{"floor":48,"key":"Mercury Hourglass"},{"floor":53,"key":"StrikeDummy"},{"floor":55,"key":"Bird Faced Urn"}],"event_choices":[{"damage_healed":0,"gold_gain":0,"player_choice":"Lose Max HP","damage_taken":0,"relics_obtained":["Golden Idol"],"max_hp_gain":0,"max_hp_loss":7,"event_name":"Golden Idol","floor":2,"gold_loss":0},{"damage_healed":0,"gold_gain":0,"player_choice":"Searched \u00270\u0027 times","damage_taken":0,"max_hp_gain":0,"max_hp_loss":0,"event_name":"Dead Adventurer","floor":8,"gold_loss":0},{"cards_removed":["Strike_B"],"damage_healed":0,"gold_gain":0,"player_choice":"Card Removal","damage_taken":0,"max_hp_gain":0,"max_hp_loss":0,"event_name":"The Cleric","floor":14,"gold_loss":75},{"damage_healed":0,"gold_gain":0,"cards_transformed":["Strike_B","Strike_B"],"player_choice":"Became Test Subject","damage_taken":0,"max_hp_gain":0,"max_hp_loss":0,"event_name":"Drug Dealer","floor":20,"gold_loss":0,"cards_obtained":["Force Field","Redo"]},{"damage_healed":0,"gold_gain":0,"player_choice":"Became a Ghost","damage_taken":0,"max_hp_gain":0,"max_hp_loss":32,"event_name":"Ghosts","floor":21,"gold_loss":0,"cards_obtained":["Ghostly","Ghostly","Ghostly"]},{"damage_healed":0,"gold_gain":0,"player_choice":"Fight","damage_taken":0,"max_hp_gain":0,"max_hp_loss":0,"event_name":"Colosseum","floor":29,"gold_loss":0},{"damage_healed":0,"gold_gain":0,"player_choice":"Fought Nobs","damage_taken":0,"max_hp_gain":0,"max_hp_loss":0,"event_name":"Colosseum","floor":29,"gold_loss":0},{"cards_removed":["Zap"],"damage_healed":0,"gold_gain":0,"player_choice":"Offered Basic","damage_taken":0,"max_hp_gain":0,"max_hp_loss":0,"event_name":"Bonfire Elementals","floor":37,"gold_loss":0},{"cards_removed":["FTL"],"damage_healed":0,"gold_gain":0,"player_choice":"Removed Attack","damage_taken":0,"max_hp_gain":0,"max_hp_loss":0,"event_name":"Falling","floor":41,"gold_loss":0}],"is_beta":false,"boss_relics":[{"not_picked":["Astrolabe","Coffee Dripper"],"picked":"Runic Pyramid"},{"not_picked":["Sozu","Philosopher\u0027s Stone"],"picked":"Cursed Key"}],"items_purged_floors":[19,54],"is_endless":false,"potions_floor_spawned":[1,5,12,22,27,29,31,36,42,46,48],"killed_by":"The Heart","ascension_level":20}}