{"host":"3qkmyeoym75lj4wn","time":1610304557,"event":{"mods":["2.2 Compatiblity","BaseMod","Block Reminder","Colored Powertips","Highlight Path","Minty Spire (QoL Compilation)","Permanent Neow","Potion Indicator Mod","Rare Cards Sparkle","Relic Stats","StSLib","Unceasing Turn Reminder"],"gold_per_floor":[110,122,133,408,428,428,439,12,39,58,75,117,146,146,146,146,146],"floor_reached":16,"playtime":758,"items_purged":["Regret"],"score":212,"play_id":"feb0dd31-48a6-4bd3-bb87-de54899b5850","local_time":"20210110184917","is_ascension_mode":true,"campfire_choices":[{"data":"Zap","floor":6.0,"key":"SMITH"},{"data":"Go for the Eyes","floor":15,"key":"SMITH"}],"circlet_count":0,"master_deck":["AscendersBane","Strike_B","Strike_B","Strike_B","Defend_B","Defend_B","Defend_B","Defend_B","Zap+1","Dualcast","Coolheaded","Chill","Steam","Cold Snap","Go for the Eyes+1","Glacier","Core Surge","BootSequence","Gash"],"relics":["Cracked Core","Symbiotic Virus","Oddly Smooth Stone","CeramicFish"],"acts_visited":["Exordium"],"potions_floor_usage":[12,16],"damage_taken":[{"damage":4.0,"enemies":"Small Slimes","floor":1.0,"turns":3.0},{"damage":1.0,"enemies":"Cultist","floor":2.0,"turns":3.0},{"damage":0.0,"enemies":"2 Louse","floor":3.0,"turns":3.0},{"damage":25.0,"enemies":"Exordium Thugs","floor":5.0,"turns":6.0},{"damage":2.0,"enemies":"Blue Slaver","floor":7.0,"turns":4.0},{"damage":0.0,"enemies":"3 Louse","floor":10.0,"turns":4.0},{"damage":0.0,"enemies":"Exordium Wildlife","floor":11.0,"turns":2.0},{"damage":3,"enemies":"3 Sentries","floor":12,"turns":16},{"damage":0,"enemies":"Exordium Thugs","floor":13,"turns":4},{"damage":43,"enemies":"Hexaghost","floor":16,"turns":15}],"seed_played":"7240258856844344645","potions_obtained":[{"floor":10.0,"key":"EssenceOfDarkness"},{"floor":11.0,"key":"Weak Potion"}],"is_trial":false,"path_per_floor":["M","M","M","?","M","R","M","$","T","M","M","E","M","?","R","B"],"character_chosen":"DEFECT","items_purchased":["Glacier","Symbiotic Virus"],"campfire_rested":0,"item_purchase_floors":[8,8],"current_hp_per_floor":[67,66,66,66,41,41,39,39,39,39,39,36,36,36,36,0,0],"gold":146,"neow_bonus":"TEN_PERCENT_HP_BONUS","is_daily":false,"chose_seed":false,"campfire_upgraded":2,"win_rate":0.0,"timestamp":1610304557,"path_taken":["M","M","M","?","M","R","M","$","T","?","M","E","M","?","R","BOSS"],"items_purchased_type":["Card","Relic"],"build_version":"2020-12-22","purchased_purges":1,"victory":false,"max_hp_per_floor":[78,78,78,78,78,78,78,78,78,78,78,78,78,78,78,78,78],"relic_stats":{"counters":[10,60],"CeramicFish":18,"obtain_stats":[{"CeramicFish":12,"Oddly Smooth Stone":9,"Cracked Core":0,"Symbiotic Virus":8},{"CeramicFish":8,"Oddly Smooth Stone":5,"Cracked Core":0,"Symbiotic Virus":5},{"CeramicFish":41,"Oddly Smooth Stone":19,"Cracked Core":0,"Symbiotic Virus":19}]},"card_choices":[{"not_picked":["Sweeping Beam","Steam"],"picked":"Coolheaded","floor":1.0},{"not_picked":["Storm","Rebound"],"picked":"Chill","floor":2.0},{"not_picked":["FTL","Reprogram"],"picked":"Steam","floor":3.0},{"not_picked":["Conserve Battery","Streamline"],"picked":"Cold Snap","floor":5.0},{"not_picked":["Stack","Reinforced Body"],"picked":"Go for the Eyes","floor":7.0},{"not_picked":["Turbo","BootSequence"],"picked":"Core Surge","floor":10.0},{"not_picked":["Turbo","Barrage","Steam"],"picked":"SKIP","floor":11.0},{"not_picked":["Reprogram","Storm"],"picked":"BootSequence","floor":12},{"not_picked":["Sweeping Beam","Conserve Battery"],"picked":"Gash","floor":13}],"player_experience":1665878,"relics_obtained":[{"floor":9.0,"key":"Oddly Smooth Stone"},{"floor":12,"key":"CeramicFish"}],"event_choices":[{"damage_healed":0.0,"max_hp_gain":0.0,"max_hp_loss":0.0,"gold_gain":275.0,"event_name":"Golden Shrine","player_choice":"Desecrate","floor":4.0,"gold_loss":0.0,"damage_taken":0.0,"cards_obtained":["Regret"]},{"cards_removed":["Strike_B"],"damage_healed":0,"gold_gain":0,"player_choice":"Purged","damage_taken":0,"max_hp_gain":0,"max_hp_loss":0,"event_name":"Purifier","floor":14,"gold_loss":0}],"is_beta":false,"boss_relics":[],"items_purged_floors":[8],"is_endless":false,"potions_floor_spawned":[10,11],"killed_by":"Hexaghost","ascension_level":20}}