{"host":"minbhrtlkaoly5f0","time":1610283884,"event":{"mods":["Act Like it!","Ascension Reborn","BaseMod","Colored Map","Colored Powertips","Downfall","Minty Spire (QoL Compilation)","Quick Restart","StSLib"],"gold_per_floor":[99,99,24,54,154,171,194,210,227,247,261,271,271,78,88,88,88,88],"floor_reached":16,"playtime":775,"items_purged":["Slimebound:Strike_Slimebound"],"score":94,"play_id":"1146d9c1-003e-473d-89e3-6372c407d6c4","local_time":"20210110210444","is_ascension_mode":true,"campfire_choices":[{"floor":1,"key":"RECALL"}],"circlet_count":0,"master_deck":["Slimebound:Strike_Slimebound","Slimebound:Strike_Slimebound","Slimebound:Tackle","Slimebound:Defend_Slimebound","Slimebound:Defend_Slimebound","Slimebound:Defend_Slimebound","Slimebound:Defend_Slimebound","Slimebound:Split","Slimebound:CorrosiveSpit","Slimebound:SplitMire","Slimebound:FlameTackle","Slimebound:LeechingTouch","Slimebound:RainOfGoop","Slimebound:SamplingLick","Slimebound:ViciousTackle","Slimebound:ForwardTackle","Slimebound:MinionMaster","Parasite","Slimebound:Schlurp","expansioncontent:QuickStudy","Slimebound:SlimeTap"],"relics":["Slimebound:AbsorbEndCombat","downfall:HeartsMalice","downfall:GremlinWheel","Slimebound:AggressiveSlimeRelic"],"acts_visited":["Exordium"],"potions_floor_usage":[10,14,16],"damage_taken":[{"damage":0,"enemies":"Jaw Worm","floor":2,"turns":1},{"damage":0,"enemies":"downfall:FleeingMerchant","floor":3,"turns":1},{"damage":0,"enemies":"downfall:FleeingMerchant","floor":5,"turns":1},{"damage":26,"enemies":"Small Slimes","floor":6,"turns":3},{"damage":14,"enemies":"Cultist","floor":8,"turns":2},{"damage":29,"enemies":"Gremlin Gang","floor":9,"turns":4},{"damage":22,"enemies":"Large Slime","floor":10,"turns":3},{"damage":30,"enemies":"2 Fungi Beasts","floor":11,"turns":3},{"damage":15,"enemies":"3 Louse","floor":12,"turns":4},{"damage":20,"enemies":"downfall:FleeingMerchant","floor":14,"turns":4},{"damage":26,"enemies":"Exordium Wildlife","floor":15,"turns":3},{"damage":48,"enemies":"downfall:Defect","floor":16,"turns":4}],"seed_played":"-63554927991504721","potions_obtained":[{"floor":5,"key":"DuplicationPotion"},{"floor":6,"key":"Ancient Potion"},{"floor":11,"key":"DistilledChaos"},{"floor":12,"key":"champ:CounterPotion"}],"is_trial":false,"path_per_floor":["R","M","$","?","?","M","T","M","M","M","M","M","?","$","M","B"],"character_chosen":"SLIMEBOUND","items_purchased":["expansioncontent:QuickStudy"],"campfire_rested":0,"item_purchase_floors":[14],"current_hp_per_floor":[60,60,60,60,60,44,44,40,31,31,17,16,31,29,19,0,0,0],"gold":88,"neow_bonus":"THREE_ENEMY_KILL","is_daily":false,"chose_seed":false,"campfire_upgraded":0,"win_rate":0.0,"timestamp":1610283884,"path_taken":["R","M","$","?","?","?","T","M","M","M","?","M","?","$","M","BOSS"],"items_purchased_type":["Card"],"build_version":"2020-12-22","purchased_purges":1,"victory":false,"max_hp_per_floor":[60,60,60,60,60,60,60,60,60,60,60,60,60,60,60,60,60,60],"card_choices":[{"not_picked":["Slimebound:ProtectTheBoss","Slimebound:LeechingTouch"],"picked":"Slimebound:SplitMire","floor":2},{"not_picked":["Slimebound:RejuvenatingLick","Slimebound:SlimeBrawl"],"picked":"Slimebound:FlameTackle","floor":3},{"not_picked":["Slimebound:SlimeSpikes","Slimebound:SplitAcid"],"picked":"Slimebound:LeechingTouch","floor":6},{"not_picked":["Slimebound:ProtectTheBoss","Slimebound:PressTheAttack"],"picked":"Slimebound:RainOfGoop","floor":8},{"not_picked":["Slimebound:ForwardTackle","Slimebound:LeechEnergy"],"picked":"Slimebound:SamplingLick","floor":9},{"not_picked":["Slimebound:SplitBruiser","Slimebound:RejuvenatingLick"],"picked":"Slimebound:ViciousTackle","floor":10},{"not_picked":["Slimebound:RollThrough","Slimebound:SplitBruiser"],"picked":"Slimebound:ForwardTackle","floor":11},{"not_picked":["Slimebound:Grow","Slimebound:SlimeSpikes"],"picked":"Slimebound:MinionMaster","floor":12},{"not_picked":["Slimebound:SlimeSpikes","Slimebound:GoopSpray"],"picked":"Slimebound:Schlurp","floor":14},{"not_picked":["Slimebound:SplitMire","Slimebound:ItLooksTasty"],"picked":"Slimebound:SlimeTap","floor":15}],"player_experience":25519,"relics_obtained":[{"floor":5,"key":"downfall:GremlinWheel"},{"floor":7,"key":"Slimebound:AggressiveSlimeRelic"}],"event_choices":[{"damage_healed":15,"gold_gain":0,"player_choice":"Healed and dodged fight","damage_taken":0,"max_hp_gain":0,"max_hp_loss":0,"event_name":"Mushrooms","floor":13,"gold_loss":0,"cards_obtained":["Parasite"]}],"is_beta":false,"boss_relics":[],"items_purged_floors":[3],"is_endless":false,"potions_floor_spawned":[5,6,11,12],"killed_by":"downfall:Defect","ascension_level":0}}