{"host":"1a3cjta80tad0aqj","time":1610266397,"event":{"mods":["2.2 Compatiblity","AchievementEnabler","BaseMod","Colored Map","DeckTracker","KOR Keyword Fix","Keyboard Shortcuts","Minty Spire (QoL Compilation)","Permanent Neow","Quick Restart","Random Character Button","StSLib","SuperFastMode","everything is the same but u backflip on backflip"],"gold_per_floor":[113,132,146,96,113,113,125,140,140,155,184,184,212,112,112,215,215,230,230,230,230,230,259,259,287,355,355,386,286,301,326,326,326,326],"floor_reached":33,"playtime":1656,"items_purged":["Defend_R","Strike_R+1"],"score":329,"play_id":"638da59b-60d6-4d4a-9950-1464a1867a25","local_time":"20210110171317","is_ascension_mode":true,"campfire_choices":[{"data":"Searing Blow","floor":6,"key":"SMITH"},{"data":"Searing Blow+1","floor":12,"key":"SMITH"},{"data":"Searing Blow+2","floor":15,"key":"SMITH"},{"floor":24,"key":"REST"},{"floor":27,"key":"REST"},{"floor":32,"key":"REST"}],"circlet_count":0,"master_deck":["Strike_R+1","Strike_R+1","Strike_R+1","Defend_R+1","Defend_R+1","Bash","Entrench","Searing Blow+3","Flex","Uppercut","Whirlwind","Shrug It Off","Dual Wield","Sword Boomerang","Body Slam","Flex","Double Tap","Flame Barrier","Inflame","Pommel Strike+1","Battle Trance","Immolate"],"relics":["Burning Blood","Potion Belt","Blue Candle","Bronze Scales","SlaversCollar","Nilry\u0027s Codex","Darkstone Periapt","Anchor","Question Card","Red Mask","Smiling Mask"],"acts_visited":["Exordium","TheCity"],"potions_floor_usage":[11,13,16,30,30,31,33,33],"damage_taken":[{"damage":5,"enemies":"2 Louse","floor":1,"turns":4},{"damage":0,"enemies":"Small Slimes","floor":2,"turns":3},{"damage":1,"enemies":"Cultist","floor":3,"turns":3},{"damage":11,"enemies":"Exordium Wildlife","floor":5,"turns":4},{"damage":26,"enemies":"Large Slime","floor":7,"turns":8},{"damage":0,"enemies":"Lots of Slimes","floor":8,"turns":1},{"damage":4,"enemies":"Blue Slaver","floor":10,"turns":5},{"damage":2,"enemies":"Gremlin Nob","floor":11,"turns":3},{"damage":23,"enemies":"3 Sentries","floor":13,"turns":8},{"damage":36,"enemies":"The Guardian","floor":16,"turns":8},{"damage":7,"enemies":"3 Byrds","floor":18,"turns":4},{"damage":33,"enemies":"Book of Stabbing","floor":23,"turns":5},{"damage":26,"enemies":"Gremlin Leader","floor":25,"turns":5},{"damage":49,"enemies":"Masked Bandits","floor":28,"turns":5},{"damage":2,"enemies":"Spheric Guardian","floor":30,"turns":4},{"damage":11,"enemies":"Book of Stabbing","floor":31,"turns":4},{"damage":40,"enemies":"Collector","floor":33,"turns":6}],"seed_played":"-8127488101045649971","potions_obtained":[{"floor":2,"key":"Fire Potion"},{"floor":3,"key":"SpeedPotion"},{"floor":5,"key":"PowerPotion"},{"floor":10,"key":"CultistPotion"},{"floor":13,"key":"SneckoOil"},{"floor":16,"key":"Swift Potion"},{"floor":25,"key":"SkillPotion"},{"floor":28,"key":"Dexterity Potion"},{"floor":30,"key":"SneckoOil"}],"is_trial":false,"path_per_floor":["M","M","M","?","M","R","M","M","T","M","E","R","E","$","R","B",null,"M","?","?","?","?","E","R","E","T","R","?","$","M","E","R","B"],"character_chosen":"IRONCLAD","items_purchased":["Flex"],"campfire_rested":3,"item_purchase_floors":[14],"current_hp_per_floor":[80,80,80,80,75,75,55,61,61,63,67,67,50,50,50,20,80,79,79,63,48,48,21,46,26,26,51,8,8,12,7,32,0,0],"gold":326,"neow_bonus":"REMOVE_CARD","is_daily":false,"chose_seed":false,"campfire_upgraded":3,"win_rate":0.0,"timestamp":1610266397,"path_taken":["M","M","M","?","M","R","M","M","T","M","E","R","E","$","R","BOSS","M","?","?","?","?","E","R","E","T","R","?","?","?","E","R","BOSS"],"items_purchased_type":["Card"],"build_version":"2020-12-22","purchased_purges":2,"victory":false,"max_hp_per_floor":[80,80,80,80,80,80,80,80,80,80,80,80,80,80,80,80,80,80,80,80,85,85,85,85,85,85,85,85,85,85,85,85,85,85],"card_choices":[{"not_picked":["Wild Strike","Body Slam"],"picked":"Entrench","floor":1},{"not_picked":["True Grit","Intimidate"],"picked":"Searing Blow","floor":2},{"not_picked":["Clothesline","Havoc"],"picked":"Flex","floor":3},{"not_picked":["Thunderclap","Wild Strike"],"picked":"Uppercut","floor":5},{"not_picked":["Anger","Thunderclap"],"picked":"Whirlwind","floor":7},{"not_picked":["Sentinel","Pummel"],"picked":"Shrug It Off","floor":8},{"not_picked":["Headbutt","Twin Strike"],"picked":"Dual Wield","floor":10},{"not_picked":["Thunderclap","Evolve"],"picked":"Sword Boomerang","floor":11},{"not_picked":["Corruption","True Grit"],"picked":"Body Slam","floor":13},{"not_picked":["Fiend Fire","Limit Break"],"picked":"Double Tap","floor":16},{"not_picked":["Perfected Strike","Sword Boomerang"],"picked":"Flame Barrier","floor":18},{"not_picked":["Wild Strike","Seeing Red","Thunderclap"],"picked":"SKIP","floor":23},{"not_picked":["Shrug It Off","Thunderclap+1"],"picked":"Pommel Strike+1","floor":25},{"not_picked":["Heavy Blade+1","Sword Boomerang+1","Burning Pact"],"picked":"Battle Trance","floor":28},{"not_picked":["Power Through+1","Havoc","Reckless Charge"],"picked":"Immolate","floor":30},{"not_picked":["Iron Wave","Dual Wield","Clothesline","Perfected Strike"],"picked":"SKIP","floor":31}],"player_experience":265959,"relics_obtained":[{"floor":9,"key":"Potion Belt"},{"floor":11,"key":"Blue Candle"},{"floor":13,"key":"Bronze Scales"},{"floor":20,"key":"Nilry\u0027s Codex"},{"floor":23,"key":"Darkstone Periapt"},{"floor":25,"key":"Anchor"},{"floor":26,"key":"Question Card"},{"floor":28,"key":"Red Mask"},{"floor":31,"key":"Smiling Mask"}],"event_choices":[{"cards_removed":["Strike_R"],"damage_healed":0,"gold_gain":0,"player_choice":"Card Removal","damage_taken":0,"max_hp_gain":0,"max_hp_loss":0,"event_name":"The Cleric","floor":4,"gold_loss":50},{"damage_healed":0,"gold_gain":0,"player_choice":"Simplicity","damage_taken":0,"max_hp_gain":0,"max_hp_loss":0,"event_name":"Back to Basics","floor":19,"gold_loss":0,"cards_upgraded":["Strike_R","Strike_R","Strike_R","Strike_R","Defend_R","Defend_R"]},{"damage_healed":0,"gold_gain":0,"player_choice":"Obtained Book","damage_taken":16,"max_hp_gain":0,"max_hp_loss":0,"event_name":"Cursed Tome","floor":20,"gold_loss":0},{"damage_healed":0,"gold_gain":0,"player_choice":"Shed Blood","damage_taken":20,"max_hp_gain":5,"max_hp_loss":0,"event_name":"Forgotten Altar","floor":21,"gold_loss":0},{"damage_healed":0,"gold_gain":0,"player_choice":"Read","damage_taken":0,"max_hp_gain":0,"max_hp_loss":0,"event_name":"The Library","floor":22,"gold_loss":0,"cards_obtained":["Inflame"]},{"damage_healed":0,"gold_gain":0,"player_choice":"Fought Bandits","damage_taken":0,"max_hp_gain":0,"max_hp_loss":0,"event_name":"Masked Bandits","floor":28,"gold_loss":0}],"is_beta":false,"boss_relics":[{"not_picked":["Runic Dome","Fusion Hammer"],"picked":"SlaversCollar"}],"items_purged_floors":[14,29],"is_endless":false,"potions_floor_spawned":[2,3,5,10,13,16,25,28,30],"killed_by":"Collector","ascension_level":1}}