{"host":"jm9833yuloeli2yd","time":1610247916,"event":{"mods":["BaseMod","Better Altar","Better Match","Better Note","Better Sensory Stone","Better Skull","Better Third Choice","Better Vampires","BetterRewards","Colored Map","Colored Powertips","DeckTracker","Minty Spire (QoL Compilation)","Permanent Neow","Quick Restart","Slay-I","StSLib","SuperFastMode"],"gold_per_floor":[119,119,134,209,224,253,265,299,299,170,190,190,205,234,234,306,306,325,325,305,318,332,332,257,257,257,31,31,51,51,85,85,159,159,175,175,175],"floor_reached":36,"playtime":886,"items_purged":["Strike_R"],"score":1156,"play_id":"7ef1cb47-013d-4ecf-9c71-8599625ccfd0","local_time":"20210109220516","is_ascension_mode":true,"campfire_choices":[{"data":"Offering","floor":12,"key":"SMITH"},{"data":"Evolve","floor":15,"key":"SMITH"},{"data":"Body Slam","floor":23,"key":"SMITH"},{"data":"Fiend Fire","floor":25,"key":"SMITH"},{"data":"Body Slam","floor":28,"key":"SMITH"},{"data":"Body Slam","floor":30,"key":"SMITH"},{"data":"Anger","floor":32,"key":"SMITH"}],"circlet_count":0,"master_deck":["AscendersBane","Strike_R","Defend_R","Defend_R","Defend_R","Defend_R","Bash","Sword Boomerang+1","Reckless Charge","Cleave","Anger+1","Offering+1","Reckless Charge","Feed","Shrug It Off","Evolve+1","Fiend Fire+1","Necronomicurse","Body Slam+1","Body Slam+1","Body Slam+1","Intimidate","Barricade"],"relics":["Burning Blood","Du-Vu Doll","MealTicket","Kunai","Eternal Feather","Odd Mushroom","Akabeko","Empty Cage","Necronomicon","FossilizedHelix","Sling","Orichalcum","Coffee Dripper"],"acts_visited":["Exordium","TheCity","TheBeyond"],"potions_floor_usage":[8,14,16,31,33,33],"damage_taken":[{"damage":2.0,"enemies":"Jaw Worm","floor":1.0,"turns":3.0},{"damage":0.0,"enemies":"Small Slimes","floor":3.0,"turns":2.0},{"damage":0.0,"enemies":"2 Louse","floor":5.0,"turns":2.0},{"damage":5.0,"enemies":"Gremlin Nob","floor":6.0,"turns":3.0},{"damage":6,"enemies":"2 Fungi Beasts","floor":7,"turns":1},{"damage":41,"enemies":"Lagavulin","floor":8,"turns":5},{"damage":10,"enemies":"The Mushroom Lair","floor":11,"turns":4},{"damage":16,"enemies":"Exordium Thugs","floor":13,"turns":3},{"damage":19,"enemies":"3 Sentries","floor":14,"turns":8},{"damage":6,"enemies":"Slime Boss","floor":16,"turns":5},{"damage":0,"enemies":"Chosen","floor":18,"turns":3},{"damage":20,"enemies":"2 Thieves","floor":21,"turns":2},{"damage":12,"enemies":"3 Cultists","floor":22,"turns":5},{"damage":0,"enemies":"Snecko","floor":29,"turns":2},{"damage":6,"enemies":"Book of Stabbing","floor":31,"turns":3},{"damage":59,"enemies":"Champ","floor":33,"turns":10},{"damage":25,"enemies":"Orb Walker","floor":35,"turns":4},{"damage":59,"enemies":"3 Darklings","floor":36,"turns":4}],"seed_played":"545390301127257135","potions_obtained":[{"floor":1.0,"key":"SneckoOil"},{"floor":3.0,"key":"BlessingOfTheForge"},{"floor":6.0,"key":"AttackPotion"},{"floor":14,"key":"SmokeBomb"},{"floor":18,"key":"DistilledChaos"},{"floor":20,"key":"LiquidBronze"},{"floor":31,"key":"Dexterity Potion"},{"floor":33,"key":"SteroidPotion"}],"is_trial":false,"path_per_floor":["M","?","M","?","M","E","M","E","T","$","?","R","M","E","R","B",null,"M","?","?","M","M","R","?","R","T","$","R","M","R","E","R","B",null,"M","M"],"character_chosen":"IRONCLAD","items_purchased":["Sword Boomerang","AttackPotion","Body Slam","Sling"],"campfire_rested":0,"item_purchase_floors":[0,10,27,27],"current_hp_per_floor":[59,59,65,54,60,61,61,26,26,41,40,49,42,29,38,38,70,79,58,58,44,38,50,50,59,59,74,84,84,84,84,84,31,71,52,0,0],"gold":175,"neow_bonus":"","is_daily":false,"chose_seed":false,"campfire_upgraded":7,"win_rate":0.0,"timestamp":1610247916,"path_taken":["M","?","M","?","M","E","M","E","T","$","?","R","M","E","R","BOSS","M","?","?","?","M","R","?","R","T","$","R","M","R","E","R","BOSS","M","M"],"items_purchased_type":["Card","Potion","Card","Relic"],"build_version":"2020-12-22","purchased_purges":1,"victory":false,"max_hp_per_floor":[75,75,75,75,75,75,75,75,75,75,78,78,81,81,81,81,81,84,84,84,84,84,84,84,84,84,84,84,84,84,84,84,84,84,84,84,84],"card_choices":[{"not_picked":["Hemokinesis","Heavy Blade"],"picked":"Reckless Charge","floor":1.0},{"not_picked":["Warcry","Blood for Blood"],"picked":"Cleave","floor":3.0},{"not_picked":["Flex","Clash"],"picked":"Anger","floor":5.0},{"not_picked":["Heavy Blade","Dark Embrace"],"picked":"Offering","floor":6.0},{"not_picked":["Shrug It Off","Clothesline"],"picked":"Reckless Charge","floor":7},{"not_picked":["Uppercut","Headbutt"],"picked":"Feed","floor":8},{"not_picked":["Perfected Strike","Sword Boomerang"],"picked":"Shrug It Off","floor":13},{"not_picked":["Entrench","Cleave"],"picked":"Evolve","floor":14},{"not_picked":["Brutality","Limit Break"],"picked":"Fiend Fire","floor":16},{"not_picked":["Twin Strike","Clash+1","Sword Boomerang"],"picked":"SKIP","floor":18},{"not_picked":["Perfected Strike","Combust"],"picked":"Body Slam","floor":21},{"not_picked":["Hemokinesis","Rupture","Searing Blow"],"picked":"SKIP","floor":22},{"not_picked":["Warcry","Clothesline"],"picked":"Body Slam","floor":29},{"not_picked":["Thunderclap","Rage"],"picked":"Intimidate","floor":31},{"not_picked":["Reaper","Juggernaut"],"picked":"Barricade","floor":33},{"not_picked":["Thunderclap","Wild Strike","Reckless Charge+1"],"picked":"SKIP","floor":35}],"player_experience":1294720,"relics_obtained":[{"floor":6.0,"key":"MealTicket"},{"floor":8,"key":"Kunai"},{"floor":9,"key":"Eternal Feather"},{"floor":11,"key":"Odd Mushroom"},{"floor":14,"key":"Akabeko"},{"floor":19,"key":"Necronomicon"},{"floor":26,"key":"FossilizedHelix"},{"floor":31,"key":"Orichalcum"}],"event_choices":[{"damage_healed":0.0,"max_hp_gain":0.0,"max_hp_loss":0.0,"gold_gain":0.0,"event_name":"Living Wall","player_choice":"Grow","floor":2.0,"gold_loss":0.0,"damage_taken":0.0,"cards_upgraded":["Sword Boomerang"]},{"damage_healed":0.0,"max_hp_gain":0.0,"max_hp_loss":0.0,"gold_gain":75.0,"event_name":"betterThird:BetterGoop","player_choice":"Gold","floor":4.0,"gold_loss":0.0,"damage_taken":11.0},{"damage_healed":0,"gold_gain":0,"player_choice":"Fought Mushrooms","damage_taken":0,"max_hp_gain":0,"max_hp_loss":0,"event_name":"Mushrooms","floor":11,"gold_loss":0},{"damage_healed":0,"gold_gain":0,"player_choice":"Obtained Book","damage_taken":21,"max_hp_gain":0,"max_hp_loss":0,"event_name":"Cursed Tome","floor":19,"gold_loss":0},{"damage_healed":0,"gold_gain":0,"player_choice":"Bought 1 Potion","damage_taken":0,"max_hp_gain":0,"max_hp_loss":0,"event_name":"The Woman in Blue","floor":20,"gold_loss":0},{"cards_removed":["Strike_R"],"damage_healed":0,"gold_gain":0,"player_choice":"Gave Gold","damage_taken":0,"max_hp_gain":0,"max_hp_loss":0,"event_name":"Beggar","floor":24,"gold_loss":75}],"is_beta":false,"boss_relics":[{"not_picked":["Velvet Choker","Black Blood"],"picked":"Empty Cage"},{"not_picked":["SacredBark","Mark of Pain"],"picked":"Coffee Dripper"}],"items_purged_floors":[10],"is_endless":false,"potions_floor_spawned":[1,3,6,14,18,29,31,33],"killed_by":"3 Darklings","ascension_level":17}}