{"host":"y36bp6mnm73x3iob","time":1610279217,"event":{"mods":["2.2 Compatiblity","Aspiration","BaseMod","Downfall","GifTheSpireLib","Hermit","Hubris","Marisa????????","Minty Spire (QoL Compilation)","Replay The Spire","Retaliation","StSLib","Stuff the Spire","The Cursed","The Disciple","The Servant 0.9.4"],"gold_per_floor":[99,114,133,3,16,16,16,27,202,235,11,11,11,25,40,40,40,40],"floor_reached":16,"playtime":933,"items_purged":[],"score":133,"play_id":"bd36eb2e-39a6-4afb-a577-91c6a3f1074d","local_time":"20210110134657","is_ascension_mode":true,"campfire_choices":[{"data":"hexamod:GhostflameInferno","floor":13.0,"key":"SMITH"}],"circlet_count":0,"master_deck":["hexamod:Strike","hexamod:Strike","hexamod:Defend","hexamod:Defend","hexamod:Defend","hexamod:Defend","hexamod:Sear","hexamod:Float","hexamod:ThermalTransfer","hexamod:FastForward","hexamod:SoulSteal","hexamod:GhostShield","hexamod:GhostShield","hexamod:EtherealExpedition","hexamod:ThirdSeal","hexamod:GhostflameInferno+1","hexamod:Firestarter","Doubt","hexamod:NecessarySacrifice","hexamod:Rewind","hexamod:Again","hexamod:CrushingStance","hexamod:GhostOfSpirePresent+1","hexamod:GhostflameInferno","hexamod:GhostOfSpirePast","hexamod:GhostOfSpirePast"],"relics":["hexamod:SpiritBrand","PreservedInsect","Question Card","downfall:BrokenWingStatue"],"acts_visited":["Exordium"],"potions_floor_usage":[],"damage_taken":[{"damage":0.0,"enemies":"Cultist","floor":2.0,"turns":3.0},{"damage":0.0,"enemies":"Small Slimes","floor":3.0,"turns":3.0},{"damage":0.0,"enemies":"downfall:FleeingMerchant","floor":4.0,"turns":4.0},{"damage":0.0,"enemies":"Jaw Worm","floor":5.0,"turns":4.0},{"damage":0.0,"enemies":"Large Slime","floor":8.0,"turns":7.0},{"damage":0.0,"enemies":"Lagavulin","floor":10.0,"turns":4.0},{"damage":0.0,"enemies":"downfall:FleeingMerchant","floor":11.0,"turns":4.0},{"damage":4.0,"enemies":"3 Louse","floor":14.0,"turns":2.0},{"damage":0.0,"enemies":"2 Fungi Beasts","floor":15.0,"turns":4.0},{"damage":81,"enemies":"downfall:Defect","floor":16,"turns":6}],"seed_played":"-4026292597846131920","potions_obtained":[{"floor":3.0,"key":"Reflective Coating"},{"floor":5.0,"key":"AttackPotion"},{"floor":15.0,"key":"DDmod:CleansePotion"}],"is_trial":false,"path_per_floor":["R","M","M","$","M","?","T","M","?","E","$","?","R","M","M","B"],"character_chosen":"THE_SPIRIT","items_purchased":["hexamod:GhostShield","hexamod:EtherealExpedition","hexamod:CrushingStance","hexamod:GhostOfSpirePresent+1"],"campfire_rested":0,"item_purchase_floors":[4,4,11,11],"current_hp_per_floor":[77,77,77,77,77,77,77,77,77,77,77,77,77,73,73,0,0,0],"gold":40,"neow_bonus":"TEN_PERCENT_HP_BONUS","is_daily":false,"chose_seed":false,"campfire_upgraded":1,"win_rate":0.0,"timestamp":1610279217,"path_taken":["R","M","?","$","M","?","T","?","?","E","$","?","R","M","M","BOSS"],"items_purchased_type":["Card","Card","Card","Card"],"build_version":"2020-12-22","purchased_purges":0,"victory":false,"max_hp_per_floor":[77,77,77,77,77,77,77,77,77,77,77,77,77,77,77,77,77,77],"card_choices":[{"not_picked":["hexamod:NightmareGuise","hexamod:ThermalTransfer"],"picked":"hexamod:FastForward","floor":2.0},{"not_picked":["hexamod:HeatCrush","hexamod:Hexaguard"],"picked":"hexamod:SoulSteal","floor":3.0},{"not_picked":["hexamod:HeatMetal","hexamod:PhantomCloak"],"picked":"hexamod:GhostShield","floor":4.0},{"not_picked":["hexamod:HauntingEcho","hexamod:CatchUp"],"picked":"hexamod:ThirdSeal","floor":5.0},{"not_picked":["hexamod:RainOfEmbers","hexamod:BacktrackSmack"],"picked":"hexamod:GhostflameInferno","floor":8.0},{"not_picked":["hexamod:FastForward","hexamod:AdvancingGuard"],"picked":"hexamod:Firestarter","floor":8.0},{"not_picked":["hexamod:GhostOfSpirePast","hexamod:Rewind"],"picked":"hexamod:NecessarySacrifice","floor":10.0},{"not_picked":["hexamod:RainOfEmbers","hexamod:StepThrough"],"picked":"hexamod:Rewind","floor":10.0},{"not_picked":["hexamod:BurningTouch","hexamod:HauntingEcho","hexamod:GhostShield"],"picked":"hexamod:Again","floor":11.0},{"not_picked":["hexamod:CatchUp","hexamod:Again","hexamod:ThermalTransfer"],"picked":"hexamod:GhostflameInferno","floor":14.0},{"not_picked":["hexamod:GhostLash","hexamod:Firestarter","hexamod:SkipABeat"],"picked":"hexamod:GhostOfSpirePast","floor":15.0},{"not_picked":["hexamod:GhostOfSpireFuture","hexamod:BurningTouch","hexamod:GhostOfSpirePresent"],"picked":"hexamod:GhostOfSpirePast","floor":15.0}],"player_experience":457106,"relics_obtained":[{"floor":7.0,"key":"PreservedInsect"},{"floor":10.0,"key":"Question Card"}],"event_choices":[{"cards_removed":["hexamod:Strike"],"damage_healed":0.0,"max_hp_gain":0.0,"max_hp_loss":0.0,"gold_gain":0.0,"event_name":"Purifier","player_choice":"Purged","floor":6.0,"gold_loss":0.0,"damage_taken":0.0}],"is_beta":false,"boss_relics":[],"items_purged_floors":[],"is_endless":false,"potions_floor_spawned":[3,5,15],"killed_by":"downfall:Defect","ascension_level":1}}