{"host":"c3lc60y5x60jlt1y","time":1610282940,"event":{"mods":["AchievementEnabler","BaseMod","Bestiary","Colored Map","Minty Spire (QoL Compilation)","Quick Restart","StSLib","ojb\u0027s Info Mod"],"gold_per_floor":[117,36,36,55,55,55,85,100,100,100,125,155,188,206,206,302,302,317,242,132,132,147,177,177,205,231,251,263,60,77,77,77],"floor_reached":31,"playtime":3701,"items_purged":["Strike_B","Strike_B"],"score":366,"play_id":"c3662d69-41ba-46f1-86cb-e9ff884e75b9","local_time":"20210110144900","is_ascension_mode":true,"campfire_choices":[{"data":"Sunder","floor":6,"key":"SMITH"},{"data":"Loop","floor":10,"key":"SMITH"},{"floor":15,"key":"REST"},{"floor":24,"key":"REST"}],"circlet_count":0,"master_deck":["Strike_B+1","Defend_B","Defend_B","Defend_B","Defend_B","Zap","Dualcast+1","Chill","Sunder+1","Cold Snap","Loop","Loop+1","Capacitor","Doom and Gloom","Darkness","Biased Cognition","Streamline","Defragment","Dramatic Entrance","Doom and Gloom","Compile Driver"],"relics":["Cracked Core","NeowsBlessing","Kunai","Dream Catcher","HornCleat","DataDisk","Cables","Snecko Eye","Bag of Preparation","Ancient Tea Set","Happy Flower"],"acts_visited":["Exordium","TheCity"],"potions_floor_usage":[11,11,25,28,31],"damage_taken":[{"damage":0,"enemies":"Jaw Worm","floor":1,"turns":1},{"damage":0,"enemies":"Small Slimes","floor":4,"turns":1},{"damage":0,"enemies":"Lagavulin","floor":7,"turns":2},{"damage":0,"enemies":"2 Louse","floor":8,"turns":3},{"damage":30,"enemies":"Gremlin Nob","floor":11,"turns":4},{"damage":16,"enemies":"Lagavulin","floor":13,"turns":6},{"damage":0,"enemies":"Blue Slaver","floor":14,"turns":2},{"damage":16,"enemies":"The Guardian","floor":16,"turns":8},{"damage":7,"enemies":"3 Byrds","floor":18,"turns":5},{"damage":0,"enemies":"Spheric Guardian","floor":22,"turns":3},{"damage":40,"enemies":"Book of Stabbing","floor":23,"turns":4},{"damage":13,"enemies":"Gremlin Leader","floor":25,"turns":4},{"damage":15,"enemies":"Shelled Parasite and Fungi","floor":27,"turns":3},{"damage":0,"enemies":"Snecko","floor":28,"turns":3},{"damage":11,"enemies":"Centurion and Healer","floor":30,"turns":3},{"damage":11,"enemies":"Shelled Parasite and Fungi","floor":31,"turns":1}],"seed_played":"9015757645919502421","potions_obtained":[{"floor":8,"key":"EntropicBrew"},{"floor":13,"key":"EssenceOfDarkness"},{"floor":25,"key":"SneckoOil"}],"is_trial":false,"path_per_floor":["M","$","?","M","?","R","E","M","T","R","E","?","E","M","R","B",null,"M","?","$","?","M","E","R","E","T","M","M","$","M","M"],"character_chosen":"DEFECT","items_purchased":["Sunder","Defragment","EssenceOfDarkness"],"campfire_rested":2,"item_purchase_floors":[2,20,29],"current_hp_per_floor":[75,75,60,60,65,65,65,65,65,65,35,35,19,19,43,27,80,73,73,73,61,61,21,45,32,32,17,17,17,6,0,0],"gold":77,"neow_bonus":"THREE_ENEMY_KILL","is_daily":false,"chose_seed":false,"campfire_upgraded":2,"win_rate":0.0,"timestamp":1610282940,"path_taken":["M","$","?","M","?","R","E","M","T","R","E","?","E","M","R","BOSS","M","?","$","?","M","E","R","E","T","M","M","$","?","M"],"items_purchased_type":["Card","Card","Potion"],"build_version":"2020-12-22","purchased_purges":2,"victory":false,"max_hp_per_floor":[75,75,75,75,80,80,80,80,80,80,80,80,80,80,80,80,80,80,80,80,80,80,80,80,80,80,80,80,80,80,80,80],"card_choices":[{"not_picked":["Redo","Go for the Eyes"],"picked":"Chill","floor":1},{"not_picked":["Barrage","Heatsinks"],"picked":"Cold Snap","floor":4},{"not_picked":["Meteor Strike","Coolheaded"],"picked":"Loop","floor":7},{"not_picked":["White Noise","Reprogram"],"picked":"Loop","floor":8},{"not_picked":["Redo","Undo"],"picked":"Capacitor","floor":11},{"not_picked":["Coolheaded","Sweeping Beam"],"picked":"Doom and Gloom","floor":13},{"not_picked":["Hologram","Reinforced Body","Streamline"],"picked":"SKIP","floor":14},{"not_picked":["Rip and Tear","Compile Driver"],"picked":"Darkness","floor":15},{"not_picked":["All For One","Meteor Strike"],"picked":"Biased Cognition","floor":16},{"not_picked":["Genetic Algorithm+1","Stack"],"picked":"Streamline","floor":18},{"not_picked":["Hologram","BootSequence+1"],"picked":"Doom and Gloom","floor":22},{"not_picked":["Cold Snap","Turbo+1","Hello World+1"],"picked":"SKIP","floor":23},{"not_picked":["FTL","Steam Power+1","Scrape"],"picked":"SKIP","floor":25},{"not_picked":["Heatsinks+1","Conserve Battery","Melter+1"],"picked":"SKIP","floor":27},{"not_picked":["Ball Lightning+1","Skim"],"picked":"Compile Driver","floor":28},{"not_picked":["Sweeping Beam","Rip and Tear","Melter"],"picked":"SKIP","floor":30}],"player_experience":7782960,"relics_obtained":[{"floor":7,"key":"Kunai"},{"floor":9,"key":"Dream Catcher"},{"floor":11,"key":"HornCleat"},{"floor":13,"key":"Cables"},{"floor":23,"key":"Bag of Preparation"},{"floor":25,"key":"Ancient Tea Set"},{"floor":26,"key":"Happy Flower"}],"event_choices":[{"damage_healed":0,"gold_gain":0,"player_choice":"Entered Light","damage_taken":15,"max_hp_gain":0,"max_hp_loss":0,"event_name":"Shining Light","floor":3,"gold_loss":0,"cards_upgraded":["Strike_B","Dualcast"]},{"damage_healed":0,"gold_gain":0,"player_choice":"Donut","damage_taken":0,"max_hp_gain":5,"max_hp_loss":0,"event_name":"Big Fish","floor":5,"gold_loss":0},{"damage_healed":0,"gold_gain":30,"player_choice":"Searched \u00272\u0027 times","damage_taken":0,"relics_obtained":["DataDisk"],"max_hp_gain":0,"max_hp_loss":0,"event_name":"Dead Adventurer","floor":12,"gold_loss":0},{"cards_removed":["Strike_B"],"damage_healed":0,"gold_gain":0,"player_choice":"Gave Gold","damage_taken":0,"max_hp_gain":0,"max_hp_loss":0,"event_name":"Beggar","floor":19,"gold_loss":75},{"damage_healed":0,"gold_gain":0,"player_choice":"CARD ","damage_taken":12,"max_hp_gain":0,"max_hp_loss":0,"event_name":"Knowing Skull","floor":21,"potions_obtained":[],"gold_loss":0,"cards_obtained":["Dramatic Entrance"]}],"is_beta":false,"boss_relics":[{"not_picked":["Busted Crown","Runic Pyramid"],"picked":"Snecko Eye"}],"items_purged_floors":[20,29],"is_endless":false,"potions_floor_spawned":[8,13,14,18,23,25,30],"killed_by":"Shelled Parasite and Fungi","ascension_level":3}}