{"host":"49c2zf0lajbcs427","time":1610263382,"event":{"mods":["AchievementEnabler","BaseMod","Colored Map","Colored Powertips","Highlight Path","Key Reminder","Minty Spire (QoL Compilation)","Relic Stats","StSLib"],"gold_per_floor":[110,60,60,74,85,85,102,102,157,189,189,228,251,28,28,154,154,175,189,189,202,202,202,221,221,221,235,235,235,235],"floor_reached":29,"playtime":1759,"items_purged":[],"score":467,"play_id":"f5a8258b-ca9b-4dbb-a1bc-8f0da75018eb","local_time":"20210110202302","is_ascension_mode":true,"campfire_choices":[{"data":"Footwork","floor":6,"key":"SMITH"},{"data":"Poisoned Stab","floor":8,"key":"SMITH"},{"data":"Well Laid Plans","floor":15,"key":"SMITH"},{"floor":23,"key":"REST"},{"data":"Burst","floor":25,"key":"SMITH"}],"circlet_count":0,"master_deck":["AscendersBane","Defend_G","Defend_G","Defend_G","Defend_G","Survivor","Neutralize","Dodge and Roll","Footwork+1","Poisoned Stab+1","Deflect","Poisoned Stab","Dash","Storm of Steel","Sucker Punch","Well Laid Plans+1","Burst+1","Well Laid Plans+1","Bite","Bite","Bite","Bite","Bite","Acrobatics","Poisoned Stab"],"relics":["Busted Crown","Bronze Scales","Nunchaku","Golden Idol","HornCleat","Orrery","Sozu","Smiling Mask"],"acts_visited":["Exordium","TheCity"],"potions_floor_usage":[10,16,18],"damage_taken":[{"damage":3,"enemies":"Cultist","floor":1,"turns":4},{"damage":4,"enemies":"Jaw Worm","floor":4,"turns":5},{"damage":0,"enemies":"Small Slimes","floor":5,"turns":5},{"damage":4,"enemies":"2 Fungi Beasts","floor":7,"turns":4},{"damage":4,"enemies":"Lagavulin","floor":10,"turns":9},{"damage":11,"enemies":"3 Sentries","floor":12,"turns":10},{"damage":4,"enemies":"Gremlin Gang","floor":13,"turns":6},{"damage":0,"enemies":"Hexaghost","floor":16,"turns":8},{"damage":18,"enemies":"Spheric Guardian","floor":18,"turns":5},{"damage":0,"enemies":"3 Byrds","floor":19,"turns":3},{"damage":22,"enemies":"Cultist and Chosen","floor":21,"turns":10},{"damage":2,"enemies":"Centurion and Healer","floor":24,"turns":9},{"damage":30,"enemies":"3 Cultists","floor":27,"turns":7},{"damage":63,"enemies":"Gremlin Leader","floor":29,"turns":11}],"seed_played":"8943219610398815987","potions_obtained":[{"floor":4,"key":"SneckoOil"},{"floor":7,"key":"Fire Potion"},{"floor":10,"key":"CultistPotion"}],"is_trial":false,"path_per_floor":["M","?","?","M","M","R","M","R","T","E","?","E","M","$","R","B",null,"M","M","?","M","?","R","M","R","T","M","?","E"],"character_chosen":"THE_SILENT","items_purchased":["Orrery","Well Laid Plans"],"campfire_rested":1,"item_purchase_floors":[14,14],"current_hp_per_floor":[60,60,60,56,56,56,52,52,52,48,31,20,16,16,16,16,57,39,39,39,17,17,31,49,49,49,25,25,0,0],"gold":235,"neow_bonus":"BOSS_RELIC","is_daily":false,"chose_seed":false,"campfire_upgraded":4,"win_rate":0.0,"timestamp":1610263382,"path_taken":["M","?","?","M","M","R","M","R","T","E","?","E","M","$","R","BOSS","M","M","?","?","?","R","M","R","T","M","?","E"],"items_purchased_type":["Relic","Card"],"build_version":"2020-12-22","purchased_purges":0,"victory":false,"max_hp_per_floor":[70,70,70,70,70,70,70,70,70,70,70,70,70,70,70,70,70,70,70,70,70,49,49,49,49,49,49,49,49,49],"relic_stats":{"Sozu":2,"Nunchaku":[17],"Busted Crown":36,"counters":[14,96],"Golden Idol":55,"Bronze Scales":[274],"Smiling Mask":0,"obtain_stats":[{"Sozu":17,"Nunchaku":10,"Busted Crown":0,"HornCleat":12,"Golden Idol":11,"Bronze Scales":9,"Orrery":14,"Smiling Mask":26,"Ring of the Snake":0},{"Sozu":8,"Nunchaku":5,"Busted Crown":0,"HornCleat":6,"Golden Idol":5,"Bronze Scales":4,"Orrery":7,"Smiling Mask":12,"Ring of the Snake":0},{"Sozu":51,"Nunchaku":27,"Busted Crown":0,"HornCleat":37,"Golden Idol":27,"Bronze Scales":18,"Orrery":43,"Smiling Mask":78,"Ring of the Snake":0}]},"card_choices":[{"not_picked":[],"picked":"Dodge and Roll","floor":1},{"not_picked":[],"picked":"Footwork","floor":4},{"not_picked":[],"picked":"Poisoned Stab","floor":5},{"not_picked":[],"picked":"Deflect","floor":7},{"not_picked":[],"picked":"Poisoned Stab","floor":10},{"not_picked":["Underhanded Strike"],"picked":"SKIP","floor":12},{"not_picked":["Underhanded Strike"],"picked":"SKIP","floor":13},{"not_picked":[],"picked":"Dash","floor":14},{"not_picked":[],"picked":"Storm of Steel","floor":14},{"not_picked":[],"picked":"Sucker Punch","floor":14},{"not_picked":[],"picked":"Burst","floor":16},{"not_picked":["Sucker Punch"],"picked":"SKIP","floor":18},{"not_picked":[],"picked":"Well Laid Plans+1","floor":19},{"not_picked":["Eviscerate"],"picked":"SKIP","floor":21},{"not_picked":[],"picked":"Acrobatics","floor":24},{"not_picked":[],"picked":"Poisoned Stab","floor":27}],"player_experience":2284126,"relics_obtained":[{"floor":9,"key":"Bronze Scales"},{"floor":10,"key":"Nunchaku"},{"floor":12,"key":"HornCleat"},{"floor":26,"key":"Smiling Mask"}],"event_choices":[{"cards_removed":["Defend_G"],"damage_healed":0,"gold_gain":0,"player_choice":"Card Removal","damage_taken":0,"max_hp_gain":0,"max_hp_loss":0,"event_name":"The Cleric","floor":2,"gold_loss":50},{"damage_healed":0,"gold_gain":0,"player_choice":"Ignored","damage_taken":0,"max_hp_gain":0,"max_hp_loss":0,"event_name":"Liars Game","floor":3,"gold_loss":0},{"damage_healed":0,"gold_gain":0,"player_choice":"Take Damage","damage_taken":17,"relics_obtained":["Golden Idol"],"max_hp_gain":0,"max_hp_loss":0,"event_name":"Golden Idol","floor":11,"gold_loss":0},{"damage_healed":0,"gold_gain":0,"player_choice":"Got Potions","damage_taken":0,"max_hp_gain":0,"max_hp_loss":0,"event_name":"Lab","floor":20,"gold_loss":0},{"damage_healed":0,"gold_gain":0,"player_choice":"Became a vampire","damage_taken":0,"max_hp_gain":0,"max_hp_loss":21,"event_name":"Vampires","floor":22,"gold_loss":0,"cards_obtained":["Bite","Bite","Bite","Bite","Bite"]},{"damage_healed":0,"gold_gain":0,"player_choice":"Ignored","damage_taken":0,"max_hp_gain":0,"max_hp_loss":0,"event_name":"Cursed Tome","floor":28,"gold_loss":0}],"is_beta":false,"boss_relics":[{"not_picked":["HoveringKite","Cursed Key"],"picked":"Sozu"}],"items_purged_floors":[],"is_endless":false,"potions_floor_spawned":[4,7,10,21,27],"killed_by":"Gremlin Leader","ascension_level":11}}