{"host":"x7xd4wkamhrqrrvw","time":1610257908,"event":{"mods":["BaseMod","Minty Spire (QoL Compilation)","StSLib"],"gold_per_floor":[114,130,145,76,93,93,118,118,118,153,153,178,190,204,204,305,305,316,415,433,433,45,45,62,91,138,138,171,171,206,222,222,323,323,342,54,101,101,101,101,13,40,40,70,70,70,70,90,90,90,90,90,16,48,48],"floor_reached":56,"playtime":3346,"items_purged":["Tactician","Shame","Bane"],"score":1793,"play_id":"e6b68853-a0f6-410c-90a0-2e26cc951892","local_time":"20210110035147","is_ascension_mode":true,"campfire_choices":[{"data":"Glass Knife","floor":6.0,"key":"SMITH"},{"data":"A Thousand Cuts","floor":8.0,"key":"SMITH"},{"data":"Well Laid Plans","floor":11.0,"key":"SMITH"},{"data":"Bullet Time","floor":15.0,"key":"SMITH"},{"data":"After Image","floor":23.0,"key":"SMITH"},{"data":"After Image","floor":27.0,"key":"SMITH"},{"data":"Bane","floor":29.0,"key":"SMITH"},{"data":"Bouncing Flask","floor":32.0,"key":"SMITH"},{"floor":40,"key":"RECALL"},{"data":"Neutralize","floor":47,"key":"SMITH"},{"data":"Tools of the Trade","floor":49,"key":"SMITH"},{"data":"Terror","floor":52,"key":"SMITH"}],"circlet_count":0,"master_deck":["Neutralize+1","Bane+1","Bouncing Flask+1","Well Laid Plans+1","Die Die Die","A Thousand Cuts+1","Crippling Poison","Terror+1","Glass Knife+1","After Image+1","Bullet Time+1","Backflip+1","Blade Dance+1","Burst+1","Cloak And Dagger+1","After Image+1","Finesse+1","Tools of the Trade+1","Backflip+1","Master of Strategy+1","Acrobatics+1","Corpse Explosion+1","After Image"],"relics":["Pandora\u0027s Box","Ice Cream","Gremlin Horn","Toxic Egg 2","Meat on the Bone","Darkstone Periapt","Cursed Key","Membership Card","Question Card","CaptainsWheel","Singing Bowl","Sundial","SlaversCollar","Mango","Calipers","HornCleat","Boot","Kunai"],"acts_visited":["Exordium","TheCity","TheBeyond","TheEnding"],"potions_floor_usage":[37,44,55],"damage_taken":[{"damage":9.0,"enemies":"Jaw Worm","floor":1.0,"turns":3.0},{"damage":4.0,"enemies":"Cultist","floor":2.0,"turns":3.0},{"damage":0.0,"enemies":"Small Slimes","floor":3.0,"turns":2.0},{"damage":10.0,"enemies":"Exordium Wildlife","floor":5.0,"turns":3.0},{"damage":0.0,"enemies":"Lagavulin","floor":7.0,"turns":4.0},{"damage":12.0,"enemies":"Gremlin Nob","floor":10.0,"turns":3.0},{"damage":0.0,"enemies":"Lagavulin","floor":12.0,"turns":4.0},{"damage":0.0,"enemies":"Looter","floor":13.0,"turns":1.0},{"damage":0.0,"enemies":"Blue Slaver","floor":14.0,"turns":3.0},{"damage":12.0,"enemies":"Hexaghost","floor":16.0,"turns":6.0},{"damage":7.0,"enemies":"Shell Parasite","floor":18.0,"turns":3.0},{"damage":0.0,"enemies":"Chosen","floor":20.0,"turns":4.0},{"damage":0.0,"enemies":"Shelled Parasite and Fungi","floor":24.0,"turns":2.0},{"damage":1.0,"enemies":"Book of Stabbing","floor":25.0,"turns":4.0},{"damage":0.0,"enemies":"Gremlin Leader","floor":28.0,"turns":4.0},{"damage":29.0,"enemies":"Slavers","floor":30.0,"turns":4.0},{"damage":6.0,"enemies":"Centurion and Healer","floor":31.0,"turns":5.0},{"damage":1.0,"enemies":"Collector","floor":33.0,"turns":5.0},{"damage":9,"enemies":"3 Darklings","floor":35,"turns":4},{"damage":5,"enemies":"2 Orb Walkers","floor":37,"turns":4},{"damage":0,"enemies":"Giant Head","floor":42,"turns":4},{"damage":0,"enemies":"Nemesis","floor":44,"turns":3},{"damage":0,"enemies":"3 Shapes","floor":48,"turns":2},{"damage":5,"enemies":"Donu and Deca","floor":50,"turns":4},{"damage":12,"enemies":"Shield and Spear","floor":54,"turns":3},{"damage":1,"enemies":"The Heart","floor":55,"turns":6}],"seed_played":"5975689588960889975","potions_obtained":[{"floor":5.0,"key":"SteroidPotion"},{"floor":10.0,"key":"ColorlessPotion"},{"floor":13.0,"key":"Poison Potion"},{"floor":14.0,"key":"LiquidBronze"},{"floor":20.0,"key":"Swift Potion"},{"floor":28.0,"key":"Regen Potion"},{"floor":30.0,"key":"Energy Potion"},{"floor":31.0,"key":"Weak Potion"},{"floor":35,"key":"Regen Potion"},{"floor":42,"key":"Strength Potion"}],"is_trial":false,"path_per_floor":["M","M","M","?","M","R","E","R","T","E","R","E","M","M","R","B",null,"M","?","M","?","$","R","M","E","T","R","E","R","E","M","R","B",null,"M","$","?","?","$","R","$","E","T","E","T","?","R","M","R","B",null,"R","$","E","B",null],"character_chosen":"THE_SILENT","items_purchased":["Membership Card","After Image","Finesse+1","Question Card","Master of Strategy+1","Mango","Acrobatics+1","GhostInAJar","Block Potion"],"campfire_rested":0,"item_purchase_floors":[22,22,22,22,36,36,41,53,53],"current_hp_per_floor":[54,50,50,50,40,40,40,40,40,28,28,40,40,40,40,40,63,56,56,56,43,43,43,43,42,48,48,50,50,47,55,55,54,79,70,84,81,81,81,81,81,83,83,94,94,94,94,96,96,91,101,101,101,89,88],"gold":48,"neow_bonus":"BOSS_RELIC","is_daily":false,"chose_seed":false,"campfire_upgraded":11,"win_rate":0.0,"timestamp":1610257907,"path_taken":["M","M","M","?","M","R","E","R","T","E","R","E","?","M","R","BOSS","M","?","M","?","$","R","M","E","T","R","E","R","E","M","R","BOSS","M","$","?","?","?","R","$","E","T","E","?","?","R","M","R","BOSS","R","$","E","BOSS"],"items_purchased_type":["Relic","Card","Card","Relic","Card","Relic","Card","Potion","Potion"],"build_version":"2020-12-22","purchased_purges":3,"victory":true,"max_hp_per_floor":[70,70,70,70,70,70,70,70,70,70,70,70,70,70,70,70,70,70,70,70,75,75,75,75,75,81,81,83,83,85,87,87,87,87,87,101,103,98,98,98,98,100,100,102,102,102,102,104,104,104,104,104,104,104,104],"card_choices":[{"not_picked":["Quick Slash","Underhanded Strike","Bane"],"picked":"SKIP","floor":1.0},{"not_picked":["Slice","Sucker Punch","Flechettes"],"picked":"SKIP","floor":2.0},{"not_picked":["Bane","Slice","Choke"],"picked":"SKIP","floor":3.0},{"not_picked":["Acrobatics","Underhanded Strike"],"picked":"After Image","floor":5.0},{"not_picked":["Heel Hook","Predator"],"picked":"Bullet Time","floor":7.0},{"not_picked":["Riddle With Holes","Bane","Prepared+1"],"picked":"SKIP","floor":10.0},{"not_picked":["Underhanded Strike","Dagger Spray","Outmaneuver+1"],"picked":"SKIP","floor":12.0},{"not_picked":["Blur+1","Heel Hook"],"picked":"Backflip+1","floor":13.0},{"not_picked":["Escape Plan+1","Underhanded Strike"],"picked":"Blade Dance+1","floor":14.0},{"not_picked":["Die Die Die","Glass Knife"],"picked":"Burst+1","floor":16.0},{"not_picked":["Poisoned Stab","Dagger Spray","All Out Attack"],"picked":"SKIP","floor":18.0},{"not_picked":["Poisoned Stab","Crippling Poison+1"],"picked":"Cloak And Dagger+1","floor":20.0},{"not_picked":["Eviscerate","Underhanded Strike","Blade Dance+1","Dagger Spray"],"picked":"SKIP","floor":24.0},{"not_picked":["Sucker Punch+1","Masterful Stab","Poisoned Stab","Grand Finale"],"picked":"SKIP","floor":25.0},{"not_picked":["Masterful Stab","Infinite Blades","Glass Knife","Outmaneuver+1"],"picked":"Singing Bowl","floor":28.0},{"not_picked":["Choke+1","Glass Knife","Riddle With Holes","Outmaneuver+1"],"picked":"Singing Bowl","floor":30.0},{"not_picked":["Noxious Fumes","Outmaneuver+1","Deflect+1","Dodge and Roll+1"],"picked":"Singing Bowl","floor":31.0},{"not_picked":["Malaise+1","Envenom","Storm of Steel+1"],"picked":"Tools of the Trade","floor":33.0},{"not_picked":["Expertise+1","Poisoned Stab+1","PiercingWail+1"],"picked":"Backflip+1","floor":35},{"not_picked":["Flying Knee","Poisoned Stab+1","Catalyst+1","Deflect+1"],"picked":"Singing Bowl","floor":37},{"not_picked":["Dodge and Roll+1","All Out Attack+1","Grand Finale","Sucker Punch+1"],"picked":"Singing Bowl","floor":42},{"not_picked":["Leg Sweep+1","Deflect+1","Tools of the Trade","Deadly Poison+1"],"picked":"Singing Bowl","floor":44},{"not_picked":["Dagger Throw","Well Laid Plans+1","Blade Dance+1","Sucker Punch"],"picked":"Singing Bowl","floor":48},{"not_picked":["Predator+1","Finisher","Dodge and Roll+1"],"picked":"After Image","floor":54}],"player_experience":280744,"relics_obtained":[{"floor":7.0,"key":"Gremlin Horn"},{"floor":9.0,"key":"Toxic Egg 2"},{"floor":10.0,"key":"Meat on the Bone"},{"floor":12.0,"key":"Darkstone Periapt"},{"floor":25.0,"key":"CaptainsWheel"},{"floor":28.0,"key":"Singing Bowl"},{"floor":30.0,"key":"Sundial"},{"floor":37,"key":"Calipers"},{"floor":42,"key":"HornCleat"},{"floor":44,"key":"Boot"},{"floor":54,"key":"Kunai"}],"event_choices":[{"damage_healed":0.0,"max_hp_gain":0.0,"max_hp_loss":0.0,"gold_gain":0.0,"event_name":"WeMeetAgain","player_choice":"Paid Gold","floor":4.0,"gold_loss":69.0,"damage_taken":0.0,"relics_obtained":["Ice Cream"]},{"damage_healed":0.0,"max_hp_gain":0.0,"max_hp_loss":0.0,"gold_gain":99.0,"event_name":"Nest","player_choice":"Stole From Cult","floor":19.0,"gold_loss":0.0,"damage_taken":0.0},{"damage_healed":0.0,"max_hp_gain":5.0,"max_hp_loss":0.0,"gold_gain":0.0,"event_name":"Forgotten Altar","player_choice":"Shed Blood","floor":21.0,"gold_loss":0.0,"damage_taken":18.0},{"damage_healed":0,"gold_gain":0,"player_choice":"Fight","damage_taken":0,"max_hp_gain":0,"max_hp_loss":0,"event_name":"Mysterious Sphere","floor":37,"gold_loss":0},{"damage_healed":0,"gold_gain":0,"player_choice":"Max HP","damage_taken":0,"max_hp_gain":0,"max_hp_loss":5,"event_name":"Winding Halls","floor":38,"gold_loss":0},{"damage_healed":0,"gold_gain":0,"cards_transformed":["Survivor"],"player_choice":"Transformed","damage_taken":0,"max_hp_gain":0,"max_hp_loss":0,"event_name":"Transmorgrifier","floor":46,"gold_loss":0,"cards_obtained":["Corpse Explosion"]}],"is_beta":false,"boss_relics":[{"not_picked":["Astrolabe","SacredBark"],"picked":"Cursed Key"},{"not_picked":["Runic Dome","Coffee Dripper"],"picked":"SlaversCollar"}],"items_purged_floors":[22,36,41],"is_endless":false,"potions_floor_spawned":[5,10,13,14,20,28,30,31,35,42],"ascension_level":6}}