{"host":"1p0ug38l8q9et435","time":1610247308,"event":{"mods":["AchievementEnabler","BaseMod","BetterRewards","Colored Powertips","Downfall","Hermit","Minty Spire (QoL Compilation)","Spicy Shops","StSLib","UnlockEverythingMod"],"gold_per_floor":[113,113,113,136,136,171,171,189,189,203,246,261,97,137,137,137,137],"floor_reached":16,"playtime":695,"items_purged":[],"score":145,"play_id":"7cca6423-8513-4555-a695-6d0ba3333cd9","local_time":"20210109185508","is_ascension_mode":false,"campfire_choices":[{"floor":7,"key":"REST"},{"floor":15,"key":"REST"}],"circlet_count":0,"master_deck":["hermit:Strike_Hermit","hermit:Strike_Hermit","hermit:Strike_Hermit","hermit:Strike_Hermit","hermit:Defend_Hermit","hermit:Defend_Hermit","hermit:Defend_Hermit","hermit:Defend_Hermit","hermit:Snapshot","hermit:TakeAim","hermit:Headshot","hermit:CalledShot","hermit:Quickdraw","hermit:Headshot","expansioncontent:Chronoboost","hermit:BigShot","hermit:TrackingShot"],"relics":["hermit:Momento","NeowsBlessing","Golden Idol","Singing Bowl","Art of War","Strawberry","Centennial Puzzle"],"acts_visited":["Exordium"],"potions_floor_usage":[11,14],"damage_taken":[{"damage":0,"enemies":"2 Louse","floor":1,"turns":1},{"damage":0,"enemies":"Jaw Worm","floor":4,"turns":1},{"damage":0,"enemies":"Lagavulin","floor":6,"turns":1},{"damage":2,"enemies":"Small Slimes","floor":8,"turns":3},{"damage":18,"enemies":"Exordium Thugs","floor":10,"turns":6},{"damage":21,"enemies":"3 Sentries","floor":11,"turns":8},{"damage":7,"enemies":"Lots of Slimes","floor":12,"turns":4},{"damage":21,"enemies":"Lagavulin","floor":14,"turns":5},{"damage":43,"enemies":"The Guardian","floor":16,"turns":6}],"seed_played":"-9164131011972693792","potions_obtained":[{"floor":6,"key":"FearPotion"},{"floor":10,"key":"AttackPotion"}],"is_trial":false,"path_per_floor":["M","?","?","M","?","E","R","M","T","M","E","M","$","E","R","B"],"character_chosen":"HERMIT","items_purchased":["expansioncontent:Chronoboost","hermit:BigShot"],"campfire_rested":2,"item_purchase_floors":[13,13],"current_hp_per_floor":[75,75,57,57,57,57,75,73,73,57,43,38,38,17,42,0,0],"gold":137,"neow_bonus":"THREE_ENEMY_KILL","is_daily":false,"chose_seed":false,"campfire_upgraded":0,"win_rate":0.0,"timestamp":1610247308,"path_taken":["M","?","?","M","?","E","R","M","T","?","E","M","$","E","R","BOSS"],"items_purchased_type":["Card","Card"],"build_version":"2020-12-22","purchased_purges":0,"victory":false,"max_hp_per_floor":[75,75,75,75,75,75,75,75,75,77,84,86,86,86,86,86,86],"card_choices":[{"not_picked":["hermit:Glare","hermit:Horror"],"picked":"hermit:TakeAim","floor":1},{"not_picked":["hermit:Misfire","hermit:Coalescence"],"picked":"hermit:Headshot","floor":4},{"not_picked":["hermit:ItchyTrigger","hermit:DeadOrAlive"],"picked":"hermit:CalledShot","floor":6},{"not_picked":["hermit:WideOpen","hermit:Roulette"],"picked":"hermit:Quickdraw","floor":8},{"not_picked":["hermit:Vantage","hermit:SprayPray","hermit:CalledShot"],"picked":"Singing Bowl","floor":10},{"not_picked":["hermit:Roulette","hermit:Misfire"],"picked":"hermit:Headshot","floor":11},{"not_picked":["hermit:BodyArmor","hermit:HighCaliber","hermit:SprayPray"],"picked":"Singing Bowl","floor":12},{"not_picked":["hermit:Malice","hermit:Roughhouse"],"picked":"hermit:TrackingShot","floor":14}],"player_experience":23326,"relics_obtained":[{"floor":6,"key":"Singing Bowl"},{"floor":9,"key":"Art of War"},{"floor":11,"key":"Strawberry"},{"floor":14,"key":"Centennial Puzzle"}],"event_choices":[{"damage_healed":0,"gold_gain":0,"player_choice":"Leave","damage_taken":0,"max_hp_gain":0,"max_hp_loss":0,"event_name":"The Cleric","floor":2,"gold_loss":0},{"damage_healed":0,"gold_gain":0,"player_choice":"Take Damage","damage_taken":18,"relics_obtained":["Golden Idol"],"max_hp_gain":0,"max_hp_loss":0,"event_name":"Golden Idol","floor":3,"gold_loss":0},{"cards_removed":["hermit:Covet"],"damage_healed":0,"gold_gain":0,"player_choice":"Card Removal","damage_taken":0,"max_hp_gain":0,"max_hp_loss":0,"event_name":"Wheel of Change","floor":5,"gold_loss":0}],"is_beta":false,"boss_relics":[],"items_purged_floors":[],"is_endless":false,"potions_floor_spawned":[6,10],"killed_by":"The Guardian","ascension_level":0}}