{"host":"760a56s19xsdubqb","time":1610322896,"event":{"mods":["BaseMod","Minty Spire (QoL Compilation)","Quick Restart","Remove Card Discount Mod","StSLib"],"gold_per_floor":[112,123,123,223,235,267,267,4,4,35,50,69,94,109,109,204,204,204,204,204,204,204,204,204,204,204,204,204,204,204,55,55,55,55,55,55,55,55,55,55,55,55,55,55,55,55,55,55,55,55],"floor_reached":51,"playtime":2732,"items_purged":[],"score":1175,"play_id":"2231ed6e-c376-4c4b-a468-47072a4d06e9","local_time":"20210110185456","daily_mods":["SealedDeck","Hoarder","Heirloom","DeadlyEvents","Elite Swarm"],"is_ascension_mode":false,"campfire_choices":[{"data":"Cold Snap","floor":7.0,"key":"SMITH"},{"floor":15.0,"key":"REST"},{"floor":24.0,"key":"REST"},{"floor":27,"key":"REST"},{"floor":32,"key":"REST"},{"floor":40,"key":"REST"},{"floor":45,"key":"REST"},{"floor":49,"key":"REST"}],"circlet_count":0,"master_deck":["Cold Snap+1","Cold Snap","Cold Snap","Steam","Steam","Steam","Conserve Battery","Conserve Battery","Conserve Battery","Leap","Leap+1","Leap","Defragment","Defragment","Defragment","Ball Lightning","Ball Lightning","Ball Lightning","Ball Lightning","Ball Lightning","Ball Lightning","Gash","Gash","Gash","Gash","Gash","Gash","Gash","Gash","Gash","Go for the Eyes","Go for the Eyes","Go for the Eyes","Biased Cognition","Biased Cognition","Biased Cognition","Apotheosis","Apotheosis+1","Apotheosis","Bandage Up","Bandage Up","Bandage Up","Electrodynamics","Electrodynamics","Electrodynamics","Undo","Undo","Undo","All For One","All For One","All For One","Buffer","Buffer","Buffer","Ball Lightning","Ball Lightning","Ball Lightning","Conserve Battery","Conserve Battery","Conserve Battery","Core Surge","Core Surge","Core Surge","Echo Form","Echo Form","Echo Form","Thunder Strike","Thunder Strike","Thunder Strike","Scrape+1","Scrape+1","Scrape+1","Parasite","Parasite","Parasite","Shame","Shame","Shame","Biased Cognition","Biased Cognition","Biased Cognition","Gash+1","Gash+1","Gash+1","Hyperbeam","Hyperbeam","Hyperbeam"],"relics":["Cracked Core","Pocketwatch","Shuriken","Akabeko","War Paint","Toy Ornithopter","Ectoplasm","Art of War","Singing Bowl","Gremlin Horn","Ancient Tea Set","Sling","Cursed Key","StoneCalendar","Mercury Hourglass","Blue Candle","PreservedInsect","Bottled Tornado"],"acts_visited":["Exordium","TheCity","TheBeyond"],"potions_floor_usage":[29,29,46],"damage_taken":[{"damage":0.0,"enemies":"Jaw Worm","floor":1.0,"turns":2.0},{"damage":0.0,"enemies":"Cultist","floor":2.0,"turns":2.0},{"damage":0.0,"enemies":"2 Louse","floor":5.0,"turns":2.0},{"damage":6.0,"enemies":"Gremlin Nob","floor":6.0,"turns":3.0},{"damage":18.0,"enemies":"Lagavulin","floor":10.0,"turns":3.0},{"damage":0.0,"enemies":"Exordium Wildlife","floor":11.0,"turns":2.0},{"damage":0.0,"enemies":"Large Slime","floor":12.0,"turns":3.0},{"damage":2.0,"enemies":"3 Sentries","floor":13.0,"turns":3.0},{"damage":6.0,"enemies":"Red Slaver","floor":14.0,"turns":2.0},{"damage":0.0,"enemies":"Slime Boss","floor":16.0,"turns":5.0},{"damage":13.0,"enemies":"Shell Parasite","floor":18.0,"turns":3.0},{"damage":25.0,"enemies":"3 Byrds","floor":19.0,"turns":3.0},{"damage":0.0,"enemies":"Cultist and Chosen","floor":20.0,"turns":4.0},{"damage":0.0,"enemies":"3 Cultists","floor":21.0,"turns":2.0},{"damage":23.0,"enemies":"Snecko","floor":22.0,"turns":4.0},{"damage":14.0,"enemies":"Book of Stabbing","floor":23.0,"turns":3.0},{"damage":24,"enemies":"Gremlin Leader","floor":25,"turns":5},{"damage":28,"enemies":"Slavers","floor":28,"turns":3},{"damage":8,"enemies":"Centurion and Healer","floor":29,"turns":3},{"damage":0,"enemies":"Sentry and Sphere","floor":30,"turns":3},{"damage":10,"enemies":"Automaton","floor":33,"turns":6},{"damage":7,"enemies":"3 Shapes","floor":35,"turns":2},{"damage":15,"enemies":"Orb Walker","floor":36,"turns":2},{"damage":39,"enemies":"2 Orb Walkers","floor":37,"turns":4},{"damage":3,"enemies":"Maw","floor":38,"turns":5},{"damage":10,"enemies":"3 Darklings","floor":39,"turns":5},{"damage":23,"enemies":"Writhing Mass","floor":41,"turns":6},{"damage":0,"enemies":"Giant Head","floor":42,"turns":7},{"damage":0,"enemies":"Nemesis","floor":44,"turns":5},{"damage":3,"enemies":"4 Shapes","floor":46,"turns":4},{"damage":33,"enemies":"Jaw Worm Horde","floor":47,"turns":5},{"damage":9,"enemies":"Reptomancer","floor":48,"turns":3},{"damage":47,"enemies":"Donu and Deca","floor":50,"turns":6}],"seed_played":"-1467225317521020037","potions_obtained":[{"floor":2.0,"key":"BlessingOfTheForge"},{"floor":11.0,"key":"Weak Potion"},{"floor":12.0,"key":"Regen Potion"},{"floor":23.0,"key":"EssenceOfSteel"},{"floor":37,"key":"Fire Potion"},{"floor":38,"key":"Dexterity Potion"},{"floor":46,"key":"SkillPotion"},{"floor":48,"key":"PotionOfCapacity"}],"is_trial":true,"path_per_floor":["M","M","$","?","M","E","R","$","T","E","M","M","E","M","R","B",null,"M","M","M","M","M","E","R","E","T","R","E","M","M","$","R","B",null,"M","M","?","M","M","R","M","E","T","E","R","M","M","E","R","B",null],"character_chosen":"DEFECT","items_purchased":["Apotheosis","Bandage Up","Sling"],"campfire_rested":7,"item_purchase_floors":[8,8,31],"current_hp_per_floor":[75,75,75,75,75,69,69,69,69,59,59,59,57,51,73,75,75,62,43,47,51,28,32,54,36,36,58,34,44,46,46,69,73,79,74,61,30,35,33,59,46,52,52,52,79,81,58,55,83,40],"gold":55,"neow_bonus":"","is_daily":false,"chose_seed":false,"campfire_upgraded":1,"win_rate":0.0,"timestamp":1610322896,"path_taken":["M","M","$","?","?","E","R","$","T","E","M","M","E","M","R","BOSS","M","M","M","M","M","E","R","E","T","R","E","M","M","$","R","BOSS","M","M","?","M","M","R","?","E","T","E","R","M","M","E","R","BOSS"],"items_purchased_type":["Card","Card","Relic"],"build_version":"2020-12-22","purchased_purges":0,"victory":true,"max_hp_per_floor":[75,75,75,75,75,75,75,75,75,75,75,75,75,75,75,75,75,75,75,75,75,75,75,75,75,75,75,75,75,77,77,77,79,79,81,83,85,87,89,89,91,93,93,93,93,93,95,95,95,95],"card_choices":[{"not_picked":["Turbo","Streamline","Double Energy"],"picked":"SKIP","floor":1.0},{"not_picked":["Turbo","Fusion"],"picked":"Go for the Eyes","floor":2.0},{"not_picked":["Redo","Stack","Static Discharge"],"picked":"SKIP","floor":5.0},{"not_picked":["Machine Learning","Multi-Cast"],"picked":"Biased Cognition","floor":6.0},{"not_picked":["Thunder Strike","All For One"],"picked":"Electrodynamics","floor":10.0},{"not_picked":["Ball Lightning","Compile Driver","Reinforced Body"],"picked":"SKIP","floor":11.0},{"not_picked":["Aggregate","Coolheaded"],"picked":"Undo","floor":12.0},{"not_picked":["Meteor Strike","Fission"],"picked":"All For One","floor":13.0},{"not_picked":["Tempest","Genetic Algorithm","Loop"],"picked":"SKIP","floor":14.0},{"not_picked":["Biased Cognition","Amplify"],"picked":"Buffer","floor":16.0},{"not_picked":["Cold Snap","Undo","Force Field"],"picked":"SKIP","floor":18.0},{"not_picked":["Blizzard","Storm","Turbo"],"picked":"SKIP","floor":19.0},{"not_picked":["Beam Cell+1","Cold Snap"],"picked":"Ball Lightning","floor":20.0},{"not_picked":["FTL","Genetic Algorithm"],"picked":"Conserve Battery","floor":21.0},{"not_picked":["Coolheaded+1","Recycle","Rip and Tear"],"picked":"SKIP","floor":22.0},{"not_picked":["Creative AI","Thunder Strike"],"picked":"Core Surge","floor":23.0},{"not_picked":["All For One","Fission"],"picked":"Echo Form","floor":25},{"not_picked":["Biased Cognition","Echo Form"],"picked":"Thunder Strike","floor":28},{"not_picked":["Steam","Beam Cell"],"picked":"Scrape+1","floor":29},{"not_picked":["Steam+1","Hyperbeam","Barrage"],"picked":"Singing Bowl","floor":30},{"not_picked":["All For One","Hyperbeam","Core Surge"],"picked":"Singing Bowl","floor":33},{"not_picked":["Static Discharge","Reprogram+1","Consume"],"picked":"Singing Bowl","floor":35},{"not_picked":["Rebound","BootSequence","Go for the Eyes"],"picked":"Singing Bowl","floor":36},{"not_picked":["Compile Driver+1","Loop+1","Double Energy+1"],"picked":"Singing Bowl","floor":37},{"not_picked":["Lockon+1","Cold Snap","Recycle+1"],"picked":"Singing Bowl","floor":38},{"not_picked":["Heatsinks","Ball Lightning","Sweeping Beam+1"],"picked":"Singing Bowl","floor":39},{"not_picked":["Ball Lightning+1","Steam","Go for the Eyes"],"picked":"Singing Bowl","floor":41},{"not_picked":["Creative AI","Echo Form","All For One"],"picked":"Singing Bowl","floor":42},{"not_picked":["Thunder Strike","Creative AI"],"picked":"Biased Cognition","floor":44},{"not_picked":["BootSequence","Conserve Battery"],"picked":"Gash+1","floor":46},{"not_picked":["Consume+1","Turbo+1","Rebound"],"picked":"Singing Bowl","floor":47},{"not_picked":["Multi-Cast","Rainbow"],"picked":"Hyperbeam","floor":48}],"player_experience":945430,"relics_obtained":[{"floor":6.0,"key":"Shuriken"},{"floor":9.0,"key":"Akabeko"},{"floor":10.0,"key":"War Paint"},{"floor":13.0,"key":"Toy Ornithopter"},{"floor":23.0,"key":"Art of War"},{"floor":25,"key":"Singing Bowl"},{"floor":26,"key":"Gremlin Horn"},{"floor":28,"key":"Ancient Tea Set"},{"floor":37,"key":"StoneCalendar"},{"floor":42,"key":"Mercury Hourglass"},{"floor":43,"key":"Blue Candle"},{"floor":44,"key":"PreservedInsect"},{"floor":48,"key":"Bottled Tornado"}],"event_choices":[{"damage_healed":0.0,"max_hp_gain":0.0,"max_hp_loss":0.0,"gold_gain":100.0,"event_name":"Wheel of Change","player_choice":"Gold","floor":4.0,"gold_loss":0.0,"damage_taken":0.0},{"damage_healed":0,"gold_gain":0,"player_choice":"Fight","damage_taken":0,"max_hp_gain":0,"max_hp_loss":0,"event_name":"Mysterious Sphere","floor":37,"gold_loss":0}],"is_beta":false,"boss_relics":[{"not_picked":["Empty Cage","Tiny House"],"picked":"Ectoplasm"},{"not_picked":["Snecko Eye","Coffee Dripper"],"picked":"Cursed Key"}],"items_purged_floors":[],"is_endless":false,"potions_floor_spawned":[2,11,12,14,16,18,21,22,23,25,28,37,38,44,46,47,48],"ascension_level":0}}