{"host":"i4yzoangb31cseo0","time":1610258037,"event":{"mods":["AchievementEnabler","BaseMod","Colored Powertips","Hermit","Minty Spire (QoL Compilation)","StSLib","The Servant 0.9.4"],"gold_per_floor":[112,112,129,43,121,121,154,174,242,67,81,81,0,17,17,114,114,114,29,29,29,29,29,29,29,29,29,29,29,29,29,29,29,29,29,29,29,29,29,29,29,29,29,29,29,29,29,29,29,29],"floor_reached":51,"playtime":4683,"items_purged":[],"score":712,"play_id":"939ee46f-b050-4d91-ba23-e51b08e94ebc","local_time":"20210110162357","is_ascension_mode":false,"campfire_choices":[{"data":"hermit:Enervate","floor":6.0,"key":"SMITH"},{"floor":12.0,"key":"REST"},{"data":"hermit:EyeOfTheStorm","floor":15.0,"key":"SMITH"},{"floor":25,"key":"REST"},{"data":"hermit:LuckOfTheDraw","floor":29,"key":"SMITH"},{"floor":32,"key":"REST"},{"floor":40,"key":"REST"},{"data":"hermit:Combo","floor":47,"key":"SMITH"},{"floor":49,"key":"REST"}],"circlet_count":0,"master_deck":["hermit:Strike_Hermit","hermit:Strike_Hermit","hermit:Strike_Hermit+1","hermit:Strike_Hermit","hermit:Defend_Hermit","hermit:Defend_Hermit","hermit:Defend_Hermit","hermit:Defend_Hermit","hermit:Snapshot","hermit:Covet","hermit:CursedWeapon+1","hermit:Enervate+1","Dramatic Entrance","hermit:GoldenBullet+1","hermit:Snipe","Flash of Steel","hermit:Enervate","hermit:EyeOfTheStorm+1","Deep Breath","hermit:Quickdraw+1","hermit:LuckOfTheDraw+1","hermit:Roulette+1","hermit:Feint+1","hermit:ShadowCloak","hermit:GoldenBullet+1","hermit:Headshot","hermit:Combo+1","hermit:FromBeyond+1","hermit:CursedWeapon+1","hermit:Quickdraw+1","hermit:HoleUp+1","hermit:LowProfile+1","hermit:Glare+1","hermit:Quickdraw+1"],"relics":["hermit:Momento","Vajra","hermit:Horseshoe","Ectoplasm","Toy Ornithopter","TungstenRod","InkBottle","Toxic Egg 2","Pantograph","Busted Crown","Thread and Needle","Lantern","Whetstone","Dream Catcher"],"acts_visited":["TheCity","TheBeyond"],"potions_floor_usage":[33,33,33,41,50],"damage_taken":[{"damage":0.0,"enemies":"Small Slimes","floor":1.0,"turns":4.0},{"damage":3.0,"enemies":"Cultist","floor":3.0,"turns":3.0},{"damage":36.0,"enemies":"Gremlin Nob","floor":7.0,"turns":4.0},{"damage":2.0,"enemies":"Jaw Worm","floor":8.0,"turns":2.0},{"damage":2.0,"enemies":"Large Slime","floor":11.0,"turns":4.0},{"damage":4.0,"enemies":"Exordium Wildlife","floor":14.0,"turns":3.0},{"damage":18.0,"enemies":"Hexaghost","floor":16.0,"turns":7.0},{"damage":8,"enemies":"Shell Parasite","floor":18,"turns":3},{"damage":2,"enemies":"Spheric Guardian","floor":22,"turns":2},{"damage":22,"enemies":"Slavers","floor":23,"turns":3},{"damage":1,"enemies":"Cultist and Chosen","floor":24,"turns":3},{"damage":3,"enemies":"Book of Stabbing","floor":27,"turns":2},{"damage":11,"enemies":"Centurion and Healer","floor":28,"turns":2},{"damage":1,"enemies":"Sentry and Sphere","floor":30,"turns":3},{"damage":1,"enemies":"Gremlin Leader","floor":31,"turns":3},{"damage":28,"enemies":"Champ","floor":33,"turns":12},{"damage":13,"enemies":"3 Shapes","floor":35,"turns":2},{"damage":1,"enemies":"3 Darklings","floor":36,"turns":1},{"damage":2,"enemies":"Jaw Worm Horde","floor":37,"turns":2},{"damage":8,"enemies":"2 Orb Walkers","floor":38,"turns":3},{"damage":6,"enemies":"Giant Head","floor":41,"turns":6},{"damage":8,"enemies":"Spire Growth","floor":44,"turns":3},{"damage":2,"enemies":"Transient","floor":46,"turns":5},{"damage":20,"enemies":"4 Shapes","floor":48,"turns":5},{"damage":53,"enemies":"Time Eater","floor":50,"turns":10}],"seed_played":"3543594010768645942","potions_obtained":[{"floor":1.0,"key":"SkillPotion"},{"floor":11.0,"key":"ColorlessPotion"},{"floor":16.0,"key":"LiquidMemories"},{"floor":23,"key":"hermit:BlackBile"},{"floor":24,"key":"SpeedPotion"},{"floor":33,"key":"Fire Potion"},{"floor":35,"key":"Explosive Potion"},{"floor":36,"key":"CultistPotion"}],"is_trial":false,"path_per_floor":["M","?","M","$","?","R","E","M","T","$","M","R","$","M","R","B",null,"M","?","$","?","M","E","M","R","T","E","M","R","M","E","R","B",null,"M","M","M","?","T","R","E","?","T","M","?","M","R","M","R","B",null],"character_chosen":"HERMIT","items_purchased":["Dramatic Entrance","Flash of Steel","hermit:Enervate","Deep Breath"],"campfire_rested":5,"item_purchase_floors":[4,10,10,13],"current_hp_per_floor":[82,82,79,79,79,79,43,41,41,41,39,63,63,59,59,41,82,74,74,74,74,72,50,49,73,73,70,59,59,58,57,81,64,82,69,68,66,58,58,82,81,81,81,73,82,80,80,60,82,34],"gold":29,"neow_bonus":"TEN_PERCENT_HP_BONUS","is_daily":false,"chose_seed":false,"campfire_upgraded":4,"win_rate":0.0,"timestamp":1610258037,"path_taken":["M","?","M","?","?","R","E","M","T","$","M","R","?","M","R","BOSS","M","?","$","?","?","E","M","R","T","E","M","R","M","E","R","BOSS","M","M","M","?","?","R","E","?","T","M","?","?","R","M","R","BOSS"],"items_purchased_type":["Card","Card","Card","Card"],"build_version":"2020-12-22","purchased_purges":0,"victory":true,"max_hp_per_floor":[82,82,82,82,82,82,82,82,82,82,82,82,82,82,82,82,82,82,82,82,82,82,82,82,82,82,82,82,82,82,82,82,82,82,82,82,82,82,82,82,82,82,82,82,82,82,82,82,82,82],"card_choices":[{"not_picked":["hermit:WideOpen","hermit:Headshot"],"picked":"hermit:CursedWeapon","floor":1.0},{"not_picked":["hermit:Quickdraw","hermit:TrackingShot"],"picked":"hermit:Enervate","floor":3.0},{"not_picked":["hermit:LoneWolf","hermit:Headshot"],"picked":"hermit:GoldenBullet","floor":7.0},{"not_picked":["hermit:Glare","hermit:LuckOfTheDraw"],"picked":"hermit:Snipe","floor":8.0},{"not_picked":["hermit:Coalescence","hermit:Glare"],"picked":"hermit:EyeOfTheStorm","floor":11.0},{"not_picked":["hermit:Combo","hermit:Gestalt"],"picked":"hermit:Quickdraw","floor":14.0},{"not_picked":["hermit:Manifest","hermit:SprayPray","hermit:Grudge"],"picked":"SKIP","floor":18},{"not_picked":["hermit:Virtue+1","hermit:Coalescence"],"picked":"hermit:LuckOfTheDraw","floor":22},{"not_picked":["hermit:HoleUp","hermit:Deadeye+1"],"picked":"hermit:Roulette+1","floor":23},{"not_picked":["hermit:HighCaliber","hermit:Ricochet"],"picked":"hermit:Feint+1","floor":24},{"not_picked":["hermit:Spite","hermit:NoHoldsBarred"],"picked":"hermit:ShadowCloak","floor":27},{"not_picked":["hermit:Manifest+1","hermit:Midnight+1"],"picked":"hermit:GoldenBullet+1","floor":28},{"not_picked":["hermit:Feint+1","hermit:Coalescence+1"],"picked":"hermit:Headshot","floor":30},{"not_picked":["hermit:Gambit+1","hermit:Coalescence+1"],"picked":"hermit:Combo","floor":31},{"not_picked":["hermit:BlackWind","hermit:DeadOrAlive"],"picked":"hermit:FromBeyond+1","floor":33},{"not_picked":[],"picked":"hermit:CursedWeapon+1","floor":35},{"not_picked":[],"picked":"hermit:Quickdraw+1","floor":36},{"not_picked":[],"picked":"hermit:Ricochet+1","floor":37},{"not_picked":[],"picked":"hermit:HoleUp+1","floor":38},{"not_picked":[],"picked":"hermit:LowProfile+1","floor":41},{"not_picked":[],"picked":"hermit:Glare+1","floor":44},{"not_picked":[],"picked":"hermit:Quickdraw+1","floor":46},{"not_picked":["hermit:Headshot"],"picked":"SKIP","floor":48}],"player_experience":57427,"relics_obtained":[{"floor":7.0,"key":"Vajra"},{"floor":9.0,"key":"hermit:Horseshoe"},{"floor":23,"key":"TungstenRod"},{"floor":26,"key":"InkBottle"},{"floor":27,"key":"Toxic Egg 2"},{"floor":31,"key":"Pantograph"},{"floor":38,"key":"Thread and Needle"},{"floor":39,"key":"Lantern"},{"floor":41,"key":"Whetstone"},{"floor":43,"key":"Dream Catcher"}],"event_choices":[{"damage_healed":0.0,"max_hp_gain":0.0,"max_hp_loss":0.0,"gold_gain":0.0,"event_name":"Upgrade Shrine","player_choice":"Upgraded","floor":2.0,"gold_loss":0.0,"damage_taken":0.0,"cards_upgraded":["hermit:CursedWeapon"]},{"damage_healed":0.0,"max_hp_gain":0.0,"max_hp_loss":0.0,"gold_gain":78.0,"event_name":"Golden Wing","player_choice":"Gained Gold","floor":5.0,"gold_loss":0.0,"damage_taken":0.0},{"damage_healed":0,"gold_gain":0,"player_choice":"Obtained Relic","damage_taken":0,"relics_obtained":["Toy Ornithopter"],"max_hp_gain":0,"max_hp_loss":0,"event_name":"Addict","floor":19,"gold_loss":85},{"damage_healed":0,"gold_gain":0,"player_choice":"Forge","damage_taken":0,"max_hp_gain":0,"max_hp_loss":0,"event_name":"Accursed Blacksmith","floor":21,"gold_loss":0,"cards_upgraded":["hermit:GoldenBullet"]},{"damage_healed":0,"gold_gain":0,"player_choice":"Fight","damage_taken":0,"max_hp_gain":0,"max_hp_loss":0,"event_name":"Mysterious Sphere","floor":38,"gold_loss":0},{"cards_removed":["hermit:Ricochet"],"damage_healed":0,"gold_gain":0,"player_choice":"Removed Attack","damage_taken":0,"max_hp_gain":0,"max_hp_loss":0,"event_name":"Falling","floor":42,"gold_loss":0},{"damage_healed":9,"gold_gain":0,"player_choice":"Full Heal","damage_taken":0,"max_hp_gain":0,"max_hp_loss":0,"event_name":"Wheel of Change","floor":45,"gold_loss":0}],"is_beta":false,"boss_relics":[{"not_picked":["Tiny House","Coffee Dripper"],"picked":"Ectoplasm"},{"not_picked":["Snecko Eye","Calling Bell"],"picked":"Busted Crown"}],"items_purged_floors":[],"is_endless":false,"potions_floor_spawned":[1,11,16,23,24,33,35,36,38],"ascension_level":0}}