{"host":"egwexuw5uvnxf11j","time":1610252629,"event":{"mods":["2.2 Compatiblity","Aspiration","BaseMod","Better Altar","Better Note","Better Sensory Stone","Better Third Choice","Displayed Cursed Tome","Downfall","Hermit","Key Reminder","Koishi","Marisa????????","Minty Spire (QoL Compilation)","Quick Restart","Shade Mod","Spicy Shops","StSLib","The Construct","The Cursed","The Hierophant","The Runesmith","The Senshi","The Servant 0.9.4","Transform Curses"],"gold_per_floor":[219,232,7,7,7,7,26,52,52,52,17,17,51,67,67,67,67],"floor_reached":16,"playtime":521,"items_purged":[],"score":130,"play_id":"9d9b56d1-7643-4cee-9f67-a172f5924233","local_time":"20210109232349","is_ascension_mode":true,"campfire_choices":[{"data":"Starlight","floor":6,"key":"SMITH"},{"floor":10,"key":"REST"},{"floor":12,"key":"REST"},{"floor":15,"key":"REST"}],"circlet_count":0,"master_deck":["Strike_S","Strike_S","Strike_S","Strike_S","Defend_S","Defend_S","Defend_S","Defend_S","KidneyShot","Exchange","Snipe","Starlight+1","SilverBlades+1","TimeWarp","Rearm","Rearm","KillingDoll","Read","BottledTime"],"relics":["Uniform","Membership Card","Juzu Bracelet","keyreminder:keyreminder","RomanBracelet","KneeBrace"],"acts_visited":["Exordium"],"potions_floor_usage":[1,8],"damage_taken":[{"damage":11,"enemies":"Jaw Worm","floor":1,"turns":4},{"damage":5,"enemies":"2 Louse","floor":2,"turns":3},{"damage":0,"enemies":"Small Slimes","floor":7,"turns":3},{"damage":32,"enemies":"Lagavulin","floor":8,"turns":4},{"damage":9,"enemies":"Gremlin Nob","floor":13,"turns":3},{"damage":7,"enemies":"3 Louse","floor":14,"turns":2},{"damage":72,"enemies":"Slime Boss","floor":16,"turns":10}],"seed_played":"8223061460067032141","potions_obtained":[{"floor":1,"key":"Fruit Juice"},{"floor":2,"key":"AttackPotion"}],"is_trial":false,"path_per_floor":["M","M","$","?","?","R","M","E","T","R","$","R","E","M","R","B"],"character_chosen":"THE_SERVANT","items_purchased":["Membership Card","SilverBlades","TimeWarp","KillingDoll"],"campfire_rested":3,"item_purchase_floors":[3,3,3,11],"current_hp_per_floor":[59,54,54,61,61,61,61,29,29,50,50,70,61,54,70,0,0],"gold":67,"neow_bonus":"HUNDRED_GOLD","is_daily":false,"chose_seed":false,"campfire_upgraded":1,"win_rate":0.0,"timestamp":1610252629,"path_taken":["M","M","$","?","?","R","M","E","T","R","?","R","E","M","R","BOSS"],"items_purchased_type":["Relic","Card","Card","Card"],"build_version":"2020-12-22","purchased_purges":0,"victory":false,"max_hp_per_floor":[70,70,70,70,70,70,70,70,70,70,70,70,70,70,70,70,70],"card_choices":[{"not_picked":["RealityMarble","Potential"],"picked":"Snipe","floor":1},{"not_picked":["DoubleEdge","SpecialFormula"],"picked":"Starlight","floor":2},{"not_picked":["Defy","Alleviate"],"picked":"Rearm","floor":7},{"not_picked":["FastForward","Revamp"],"picked":"Rearm","floor":8},{"not_picked":["ForgedInTime","FastForward"],"picked":"Read","floor":13},{"not_picked":["FastForward","Unruled"],"picked":"BottledTime","floor":14}],"player_experience":2179628,"relics_obtained":[{"floor":8,"key":"Juzu Bracelet"},{"floor":9,"key":"RomanBracelet"},{"floor":13,"key":"KneeBrace"}],"event_choices":[{"damage_healed":0,"gold_gain":0,"player_choice":"Grow","damage_taken":0,"max_hp_gain":0,"max_hp_loss":0,"event_name":"Living Wall","floor":5,"gold_loss":0,"cards_upgraded":["SilverBlades"]}],"is_beta":false,"boss_relics":[],"items_purged_floors":[],"is_endless":false,"potions_floor_spawned":[1,2],"killed_by":"Slime Boss","ascension_level":4}}