{"host":"3lu18h28pc0a6dwf","time":1610306669,"event":{"mods":["2.2 Compatiblity","Act Like it!","BaseMod","Colored Map","Downfall","Jorbs\u0027s Wanderer Trilogy","Melee Mod","Minty Spire (QoL Compilation)","Rare Cards Sparkle","Replay The Spire","StSLib","The Cursed","Treasure Hunter"],"gold_per_floor":[99,99,140,140,140,151,151,251,176,186,186,24,24,38,51,51,51,51],"floor_reached":16,"playtime":968,"items_purged":[],"score":88,"play_id":"d1eb8149-3f29-4651-83c0-c0bbdb55d1da","local_time":"20210110142429","is_ascension_mode":false,"campfire_choices":[{"floor":1,"key":"RECALL"},{"data":"champ:StanceDance","floor":9,"key":"SMITH"},{"data":"champ:EnGarde","floor":11,"key":"SMITH"},{"data":"champ:GladiatorStyle","floor":13,"key":"SMITH"}],"circlet_count":0,"master_deck":["champ:Strike","champ:Strike","champ:Strike","champ:Strike","champ:Defend","champ:Defend","champ:Defend","champ:Defend","champ:Execute","champ:Taunt","champ:HeartStrike","champ:StanceDance+1","champ:ArenaPreparation","champ:RisingSlash","champ:EnGarde+1","champ:GladiatorStyle+1","ReplayTheSpireMod:Brewmster"],"relics":["champ:ChampionCrown","downfall:HeartsMalice","Du-Vu Doll","Onion Ring","downfall:CloakOfManyFaces","CultistMask","FaceOfCleric","NlothsMask","GremlinMask","SsserpentHead","downfall:HeartBlessingRed","PrismaticShard"],"acts_visited":["Exordium"],"potions_floor_usage":[16,16,16,16,16],"damage_taken":[{"damage":0,"enemies":"2 Louse","floor":2,"turns":1},{"damage":0,"enemies":"Cultist","floor":4,"turns":1},{"damage":0,"enemies":"Small Slimes","floor":5,"turns":1},{"damage":37,"enemies":"2 Fungi Beasts","floor":6,"turns":3},{"damage":28,"enemies":"downfall:FaceTrader","floor":8,"turns":6},{"damage":24,"enemies":"Exordium Wildlife","floor":10,"turns":3},{"damage":33,"enemies":"downfall:FleeingMerchant","floor":12,"turns":4},{"damage":31,"enemies":"Exordium Thugs","floor":14,"turns":4},{"damage":7,"enemies":"Blue Slaver","floor":15,"turns":3},{"damage":51,"enemies":"downfall:Defect","floor":16,"turns":4}],"seed_played":"-7666793020442695421","potions_obtained":[{"floor":8,"key":"Block Potion"},{"floor":10,"key":"champ:CounterPotion"},{"floor":15,"key":"Dexterity Potion"}],"is_trial":false,"path_per_floor":["R","M","?","M","M","M","T","?","R","M","R","$","R","M","M","B"],"character_chosen":"THE_CHAMP","items_purchased":["PrismaticShard"],"campfire_rested":0,"item_purchase_floors":[12],"current_hp_per_floor":[90,90,90,90,90,78,78,65,65,65,65,61,61,51,50,0,0,0],"gold":51,"neow_bonus":"THREE_ENEMY_KILL","is_daily":false,"chose_seed":false,"campfire_upgraded":3,"win_rate":0.0,"timestamp":1610306669,"path_taken":["R","M","?","?","?","M","T","?","R","M","R","$","R","M","M","BOSS"],"items_purchased_type":["Relic"],"build_version":"2020-12-22","purchased_purges":0,"victory":false,"max_hp_per_floor":[90,90,90,90,90,90,90,90,90,91,91,92,92,93,94,94,94,94],"card_choices":[{"not_picked":["champ:EnragedBash","champ:FanOfKnives"],"picked":"champ:HeartStrike","floor":2},{"not_picked":["champ:BladeFlurry","champ:FightOn"],"picked":"champ:StanceDance","floor":3},{"not_picked":["champ:Haymaker","champ:FlashCut","champ:BerserkersShout"],"picked":"SKIP","floor":4},{"not_picked":["champ:DefensiveShout","champ:TornadoPunch"],"picked":"champ:ArenaPreparation","floor":5},{"not_picked":["champ:EnragedBash","champ:StanceDance"],"picked":"champ:RisingSlash","floor":6},{"not_picked":["TH:EnergyPotion","TH:CopperCoins"],"picked":"SKIP","floor":7},{"not_picked":["champ:CrookedStrike","champ:DefensiveShout"],"picked":"champ:EnGarde","floor":10},{"not_picked":["champ:BladeFlurry","champ:StanceDance"],"picked":"champ:GladiatorStyle","floor":12},{"not_picked":["Slimebound:SlimeSpikes","stsjorbsmod:DisguiseSelf"],"picked":"ReplayTheSpireMod:Brewmster","floor":14},{"not_picked":["Replay:BluntJabs","sneckomod:QuickBite","Eviscerate"],"picked":"SKIP","floor":15}],"player_experience":233189,"relics_obtained":[{"floor":3,"key":"Du-Vu Doll"},{"floor":7,"key":"Onion Ring"},{"floor":8,"key":"downfall:CloakOfManyFaces"}],"event_choices":[],"is_beta":false,"boss_relics":[],"items_purged_floors":[],"is_endless":false,"potions_floor_spawned":[8,10,15],"killed_by":"downfall:Defect","ascension_level":0}}