{"host":"dx8mnueonnkh60qu","time":1610254047,"event":{"mods":["AchievementEnabler","Act Like it!","Aspiration","BaseMod","Better Silent Start","Better Third Choice","CCEM","Conspire","Defuse TimeMaze Blight","Dota2Spire","Downfall","Evolution","Hubris","Infinite Spire","Marked Mod","Minty Spire (QoL Compilation)","Quarter Circle Forward PUNCH!","Rare Cards Sparkle","Relic Stats","Robot Space Explorer","Spicy Shops","Spikes Relics","StSLib","SuperFastMode","The Blue Laboratory","The Caster"],"gold_per_floor":[199,213,232,242,34,34,58,58,70,90,104,115,145,15,27,128,128,128,147,147,147,197,122,122,122,136,136,153,179,179,214,234,335,335,260,273,273,292,302,227,227,227,227,141,151,36,63,77,96,96],"floor_reached":51,"playtime":10266,"items_purged":["Guardian:Strike_Guardian","Guardian:Defend_Guardian"],"score":862,"play_id":"9fa5e52b-4fb1-4052-84d1-c324f2a152ab","local_time":"20210109234727","is_ascension_mode":true,"campfire_choices":[{"data":"Guardian:TwinSlam","floor":1,"key":"SMITH"},{"data":"Guardian:BaubleBeam","floor":18,"key":"SMITH"},{"data":"Guardian:Harden","floor":23,"key":"SMITH"},{"data":"Guardian:SpikerProtocol","floor":25,"key":"SMITH"},{"data":"Guardian:ShieldSpikes","floor":27,"key":"SMITH"},{"floor":35,"key":"RECALL"},{"data":"Guardian:SphericShield","floor":40,"key":"SMITH"}],"circlet_count":0,"master_deck":["Guardian:Strike_Guardian","Guardian:Strike_Guardian","Guardian:Strike_Guardian","Guardian:Defend_Guardian","Guardian:Defend_Guardian","Guardian:Defend_Guardian","Guardian:CurlUp","Guardian:TwinSlam+1","Guardian:Harden+1","Guardian:PiercingHide+1","Guardian:FloatingOrbs","Guardian:Harden+1","Guardian:Reroute","Guardian:ShieldSpikes+1","Guardian:Reroute","Guardian:SpikerProtocol+1","Guardian:SphericShield+1","Guardian:BaubleBeam+1","hubris:InfiniteBlow+4","Guardian:GuardianWhirl+1","Guardian:AncientConstruct","Guardian:BronzeArmor+1","Guardian:Suspension+1","Guardian:Gem_Green","Guardian:Gem_Yellow","Guardian:Gem_Yellow","Guardian:Emergency+1"],"relics":["Guardian:ModeShifterPlus","EVO:Axolotl","hubris:Towel","Oddly Smooth Stone","Dota2Spire:ShivaGuard","SlaversCollar","downfall:HeartBlessingBlue","Eternal Feather","War Paint","Nunchaku","downfall:HeartBlessingGreen","downfall:HeartBlessingRed","infinitespire:Golems Mask","Dota2Spire:RefresherOrb","CCEMRelics:WarHorn","hubris:CuriousFeather"],"acts_visited":["Exordium","TheCity","TheBeyond"],"potions_floor_usage":[26,39,46,50],"damage_taken":[{"damage":0,"enemies":"Small Slimes","floor":2,"turns":3},{"damage":0,"enemies":"conspire:RoseBush","floor":3,"turns":4},{"damage":8,"enemies":"infinitespire:Voidling","floor":4,"turns":4},{"damage":0,"enemies":"downfall:FleeingMerchant","floor":5,"turns":4},{"damage":0,"enemies":"Exordium Wildlife","floor":9,"turns":8},{"damage":4,"enemies":"Blue Slaver","floor":10,"turns":4},{"damage":6,"enemies":"Large Slime","floor":11,"turns":7},{"damage":4,"enemies":"2 Fungi Beasts","floor":12,"turns":5},{"damage":10,"enemies":"3 Sentries","floor":13,"turns":9},{"damage":0,"enemies":"downfall:FleeingMerchant","floor":14,"turns":4},{"damage":0,"enemies":"3 Louse","floor":15,"turns":5},{"damage":0,"enemies":"downfall:Ironclad","floor":16,"turns":12},{"damage":4,"enemies":"Spheric Guardian","floor":19,"turns":4},{"damage":0,"enemies":"3 Byrds","floor":26,"turns":3},{"damage":4,"enemies":"Shelled Parasite and Fungi","floor":28,"turns":6},{"damage":0,"enemies":"conspire:Head Lice","floor":29,"turns":15},{"damage":0,"enemies":"Book of Stabbing","floor":31,"turns":6},{"damage":3,"enemies":"3 Cultists","floor":32,"turns":8},{"damage":1,"enemies":"downfall:Silent","floor":33,"turns":8},{"damage":32,"enemies":"3 Shapes","floor":36,"turns":9},{"damage":0,"enemies":"Orb Walker","floor":38,"turns":4},{"damage":0,"enemies":"Jaw Worm Horde","floor":39,"turns":7},{"damage":0,"enemies":"downfall:FleeingMerchant","floor":44,"turns":4},{"damage":14,"enemies":"Transient","floor":45,"turns":5},{"damage":0,"enemies":"downfall:FleeingMerchant","floor":46,"turns":4},{"damage":2,"enemies":"Nemesis","floor":47,"turns":7},{"damage":1,"enemies":"Maw","floor":48,"turns":7},{"damage":0,"enemies":"Sphere and 2 Shapes","floor":49,"turns":4},{"damage":0,"enemies":"downfall:Defect","floor":50,"turns":8}],"seed_played":"6262514372342336112","potions_obtained":[{"floor":2,"key":"blueLaboratory:LouseDecoction"},{"floor":3,"key":"blueLaboratory:NullPotion"},{"floor":4,"key":"blueLaboratory:PyrophylliteBrew"},{"floor":11,"key":"blueLaboratory:PhilterOfMotion"},{"floor":33,"key":"SkillPotion"},{"floor":45,"key":"blueLaboratory:CorrosionFlask"},{"floor":48,"key":"SkillPotion"}],"is_trial":false,"path_per_floor":["R","M","M","M","$","?","T","?","M","M","M","M","E","$","M","B",null,"R","M","?","AVR","T","R","T","R","M","R","M","E","?","E","M","B",null,"R","M","?","M","M","R","T","AVR","?","$","M","$","E","M","M","B",null],"character_chosen":"GUARDIAN","items_purchased":["Guardian:Gem_Lightblue","Guardian:EvasiveProtocol","Guardian:SpikerProtocol","Guardian:Gem_Crimson","CCEMRelics:WarHorn"],"campfire_rested":0,"item_purchase_floors":[5,5,14,14,44],"current_hp_per_floor":[80,80,80,72,72,72,72,80,80,76,70,66,56,56,56,56,80,80,76,80,80,80,90,90,90,90,90,86,86,86,86,83,82,90,90,58,58,58,58,73,73,73,73,73,59,59,57,56,56,56],"gold":96,"neow_bonus":"HUNDRED_GOLD","is_daily":false,"chose_seed":false,"campfire_upgraded":6,"win_rate":0.0,"timestamp":1610254047,"path_taken":["R","M","M","M","$","?","T","?","M","M","?","M","E","$","M","BOSS","R","M","?","AVR","?","R","T","R","M","R","?","E","?","E","M","BOSS","R","M","?","M","M","R","T","AVR","?","$","M","$","E","M","M","BOSS"],"items_purchased_type":["Card","Card","Card","Card","Relic"],"build_version":"2020-12-22","purchased_purges":2,"victory":true,"max_hp_per_floor":[80,80,80,80,80,80,80,80,80,80,80,80,80,80,80,80,80,80,80,80,80,80,90,90,90,90,90,90,90,90,90,90,90,90,90,90,90,90,90,90,90,90,90,90,90,90,90,90,90,90],"relic_stats":{"Nunchaku":[10],"counters":[29,178],"Eternal Feather":15,"War Paint":["Guardian:PiercingHide","Guardian:Harden"],"obtain_stats":[{"Guardian:ModeShifterPlus":34,"downfall:HeartBlessingRed":40,"Guardian:ModeShifter":0,"Oddly Smooth Stone":7,"Dota2Spire:ShivaGuard":13,"Eternal Feather":24,"downfall:HeartBlessingGreen":35,"Dota2Spire:RefresherOrb":42,"EVO:Axolotl":0,"hubris:Towel":6,"War Paint":29,"SlaversCollar":17,"Nunchaku":31,"downfall:HeartBlessingBlue":23,"infinitespire:Golems Mask":41,"hubris:CuriousFeather":47,"CCEMRelics:WarHorn":44},{"Guardian:ModeShifterPlus":19,"downfall:HeartBlessingRed":22,"Guardian:ModeShifter":0,"Oddly Smooth Stone":4,"Dota2Spire:ShivaGuard":9,"Eternal Feather":13,"downfall:HeartBlessingGreen":19,"Dota2Spire:RefresherOrb":22,"EVO:Axolotl":0,"hubris:Towel":4,"War Paint":16,"SlaversCollar":12,"Nunchaku":17,"downfall:HeartBlessingBlue":13,"infinitespire:Golems Mask":22,"hubris:CuriousFeather":26,"CCEMRelics:WarHorn":23},{"Guardian:ModeShifterPlus":119,"downfall:HeartBlessingRed":139,"Guardian:ModeShifter":0,"Oddly Smooth Stone":15,"Dota2Spire:ShivaGuard":48,"Eternal Feather":73,"downfall:HeartBlessingGreen":119,"Dota2Spire:RefresherOrb":139,"EVO:Axolotl":0,"hubris:Towel":15,"War Paint":97,"SlaversCollar":69,"Nunchaku":103,"downfall:HeartBlessingBlue":73,"infinitespire:Golems Mask":139,"hubris:CuriousFeather":159,"CCEMRelics:WarHorn":143}]},"card_choices":[{"not_picked":["Guardian:Reroute","Guardian:Gem_Red"],"picked":"Guardian:Harden","floor":2},{"not_picked":["Guardian:ShieldCharger","Guardian:Recover"],"picked":"Guardian:DonusPower","floor":3},{"not_picked":["Guardian:CrystalBeam","Guardian:ShieldSpikes"],"picked":"Guardian:PiercingHide","floor":4},{"not_picked":["Guardian:Clone","Guardian:CrystalBeam"],"picked":"Guardian:Gem_Green","floor":5},{"not_picked":["Guardian:ShieldCharger","Guardian:Incinerate"],"picked":"Guardian:FloatingOrbs","floor":9},{"not_picked":["Guardian:TimeCapacitor","Guardian:RefractedBeam","Guardian:Planning"],"picked":"SKIP","floor":10},{"not_picked":["Guardian:TemporalStrike","Guardian:PrismaticBarrier"],"picked":"Guardian:Harden","floor":11},{"not_picked":["Guardian:RevengeProtocol","Guardian:Preprogram"],"picked":"Guardian:Reroute","floor":12},{"not_picked":["Guardian:Gem_Yellow","Guardian:MultiBeam"],"picked":"Guardian:ShieldSpikes","floor":13},{"not_picked":["Guardian:ChargeCore","Guardian:CrystalBeam"],"picked":"Guardian:Reroute","floor":14},{"not_picked":["Guardian:PrimingBeam","Guardian:ChargeCore"],"picked":"Guardian:SphericShield","floor":15},{"not_picked":["Guardian:FastForward","Guardian:GemFinder"],"picked":"Guardian:BaubleBeam","floor":16},{"not_picked":["Guardian:TimeBomb","Guardian:Emergency+1","Guardian:VentSteam"],"picked":"SKIP","floor":19},{"not_picked":["Guardian:CrystalBeam","Guardian:DonusPower"],"picked":"Guardian:GuardianWhirl+1","floor":26},{"not_picked":["Guardian:RefractedBeam","Guardian:Reroute"],"picked":"Guardian:Gem_Green","floor":28},{"not_picked":["Guardian:WalkerClaw","Guardian:ChargeCore+1","Guardian:PiercingHide"],"picked":"SKIP","floor":29},{"not_picked":["Guardian:TemporalShield","Guardian:Recover+1","Guardian:GuardianWhirl"],"picked":"SKIP","floor":31},{"not_picked":["Guardian:Gem_Red","Guardian:Recover+1","Guardian:TemporalStrike+1"],"picked":"SKIP","floor":32},{"not_picked":["Guardian:RevengeProtocol","Guardian:FierceBash"],"picked":"Guardian:AncientConstruct","floor":33},{"not_picked":["Guardian:DecasProtection+1","Guardian:Gem_Red"],"picked":"Guardian:BronzeArmor+1","floor":36},{"not_picked":["Guardian:VentSteam","Guardian:TemporalShield"],"picked":"Guardian:Suspension+1","floor":38},{"not_picked":["Guardian:Suspension+1","Guardian:TemporalShield","Guardian:ChargeCore"],"picked":"SKIP","floor":39},{"not_picked":["Guardian:PrimingBeam","Guardian:ChargeCore"],"picked":"Guardian:Gem_Green","floor":44},{"not_picked":["Guardian:Emergency","Guardian:PolyBeam+1"],"picked":"Guardian:Gem_Yellow","floor":45},{"not_picked":["Guardian:PrimingBeam+1","Guardian:FierceBash","Guardian:PolyBeam"],"picked":"SKIP","floor":46},{"not_picked":["Guardian:EvasiveProtocol","Guardian:Recover"],"picked":"Guardian:Gem_Yellow","floor":47},{"not_picked":["Guardian:Gem_Cyan","Guardian:Reroute+1"],"picked":"Guardian:Emergency+1","floor":48},{"not_picked":["Guardian:Suspension","Guardian:Harden","Guardian:WalkerClaw+1"],"picked":"SKIP","floor":49}],"player_experience":570522,"relics_obtained":[{"floor":7,"key":"Oddly Smooth Stone"},{"floor":13,"key":"Dota2Spire:ShivaGuard"},{"floor":24,"key":"Eternal Feather"},{"floor":29,"key":"War Paint"},{"floor":31,"key":"Nunchaku"},{"floor":41,"key":"infinitespire:Golems Mask"},{"floor":47,"key":"hubris:CuriousFeather"}],"event_choices":[{"cards_removed":["Guardian:DonusPower"],"damage_healed":8,"gold_gain":0,"player_choice":"Offered Uncommon","damage_taken":0,"max_hp_gain":0,"max_hp_loss":0,"event_name":"Bonfire Elementals","floor":8,"gold_loss":0},{"cards_removed":["Guardian:EvasiveProtocol"],"damage_healed":0,"gold_gain":0,"player_choice":"Removed Power","damage_taken":0,"max_hp_gain":0,"max_hp_loss":0,"event_name":"Falling","floor":37,"gold_loss":0}],"is_beta":false,"boss_relics":[{"not_picked":["aspiration:PoetsPen_weak","hubris:BlackHole"],"picked":"SlaversCollar"},{"not_picked":["expansioncontent:StudyCardRelic","SacredBark"],"picked":"Guardian:ModeShifterPlus"}],"items_purged_floors":[5,46],"is_endless":false,"potions_floor_spawned":[2,3,4,11,15,19,33,45,48,49],"ascension_level":1}}