{"host":"kw4o7b3ro2ktmmbe","time":1610253304,"event":{"mods":["BaseMod","Evolution","Minty Spire (QoL Compilation)","StSLib","The Death Knight"],"gold_per_floor":[118,118,163,173,20,107,122,122,173,173,173,193,208,208,208,337,337,353,367,111,124,124,124,124,124],"floor_reached":24,"playtime":3481,"items_purged":[],"score":267,"play_id":"1e2a2b70-bee6-416d-9ca9-4451821dd39e","local_time":"20210110173504","is_ascension_mode":true,"campfire_choices":[{"floor":8.0,"key":"REST"},{"data":"DeathKnight:Hysteria","floor":10.0,"key":"SMITH"},{"floor":15.0,"key":"REST"},{"floor":23,"key":"REST"}],"circlet_count":0,"master_deck":["DeathKnight:DeathCoil","DeathKnight:DeathCoil","DeathKnight:DeathCoil","DeathKnight:Strike_DeathKnight","DeathKnight:Strike_DeathKnight","DeathKnight:Defend_DeathKnight","DeathKnight:Defend_DeathKnight","DeathKnight:Defend_DeathKnight","DeathKnight:Defend_DeathKnight","DeathKnight:Defend_DeathKnight","DeathKnight:RuneTap","DeathKnight:RuneStrike","DeathKnight:Hysteria+1","DeathKnight:AntiMagicShell","DeathKnight:WraithWalk","DeathKnight:MarkOfBlood","DeathKnight:UnholyAssault","DeathKnight:Contagion"],"relics":["EVO:Axolotl","Philosopher\u0027s Stone","Regal Pillow","Toolbox","PreservedInsect","Boot","Golden Idol","Black Star","Membership Card","Pen Nib"],"acts_visited":["Exordium","TheCity"],"potions_floor_usage":[18,21,21,22],"damage_taken":[{"damage":5.0,"enemies":"Jaw Worm","floor":1.0,"turns":4.0},{"damage":0.0,"enemies":"Cultist","floor":4.0,"turns":3.0},{"damage":41.0,"enemies":"3 Sentries","floor":6.0,"turns":13.0},{"damage":0.0,"enemies":"Small Slimes","floor":7.0,"turns":3.0},{"damage":5.0,"enemies":"Looter","floor":12.0,"turns":3.0},{"damage":7.0,"enemies":"3 Louse","floor":13.0,"turns":3.0},{"damage":12.0,"enemies":"Hexaghost","floor":16.0,"turns":8.0},{"damage":58,"enemies":"3 Byrds","floor":18,"turns":6},{"damage":2,"enemies":"Shell Parasite","floor":19,"turns":5},{"damage":5,"enemies":"Snecko","floor":21,"turns":3},{"damage":0,"enemies":"Centurion and Healer","floor":22,"turns":1},{"damage":51,"enemies":"Gremlin Leader","floor":24,"turns":6}],"seed_played":"5657269866893602327","potions_obtained":[{"floor":1.0,"key":"LiquidMemories"},{"floor":13.0,"key":"PowerPotion"},{"floor":16.0,"key":"DeathKnight:RunicPotion"},{"floor":19,"key":"BlessingOfTheForge"},{"floor":21,"key":"SmokeBomb"}],"is_trial":false,"path_per_floor":["M","?","T","M","$","E","M","R","T","R","?","M","M","?","R","B",null,"M","M","$","M","M","R","E"],"character_chosen":"DEATH_KNIGHT","items_purchased":["Toolbox","Membership Card","Pen Nib","DeathKnight:Contagion"],"campfire_rested":3,"item_purchase_floors":[5,20,20,20],"current_hp_per_floor":[63,63,63,63,63,22,22,59,59,59,41,36,29,29,66,54,70,12,10,10,5,5,42,0,0],"gold":124,"neow_bonus":"BOSS_RELIC","is_daily":false,"chose_seed":false,"campfire_upgraded":1,"win_rate":0.0,"timestamp":1610253304,"path_taken":["M","?","?","M","?","E","?","R","T","R","?","M","M","?","R","BOSS","M","M","$","M","M","R","E"],"items_purchased_type":["Relic","Relic","Relic","Card"],"build_version":"2020-12-22","purchased_purges":0,"victory":false,"max_hp_per_floor":[75,75,75,75,75,75,75,75,75,75,75,75,75,75,75,75,75,75,75,75,75,75,75,75,75],"card_choices":[{"not_picked":["DeathKnight:DeathRune","DeathKnight:Culling","DeathKnight:RunicCorruption"],"picked":"SKIP","floor":1.0},{"not_picked":["DeathKnight:BloodStrike","DeathKnight:GargoyleSkin"],"picked":"DeathKnight:Hysteria","floor":4.0},{"not_picked":["DeathKnight:PillarOfFrost","DeathKnight:FrostStrike","DeathKnight:RaiseAlly"],"picked":"SKIP","floor":6.0},{"not_picked":["DeathKnight:ScourgeStrike","DeathKnight:Runeguard"],"picked":"DeathKnight:AntiMagicShell","floor":7.0},{"not_picked":["DeathKnight:Runeguard","DeathKnight:BoneSpear","DeathKnight:IcyTouch"],"picked":"SKIP","floor":12.0},{"not_picked":["DeathKnight:BludPresence","DeathKnight:IcyTouch"],"picked":"DeathKnight:WraithWalk","floor":13.0},{"not_picked":["DeathKnight:VampiricBlood","DeathKnight:Runesurge"],"picked":"DeathKnight:MarkOfBlood","floor":16.0},{"not_picked":["DeathKnight:BloodBoil","DeathKnight:RuneShock+1","DeathKnight:Hemostasis"],"picked":"SKIP","floor":18},{"not_picked":["DeathKnight:RuneShock","DeathKnight:DeathCoil"],"picked":"DeathKnight:UnholyAssault","floor":19},{"not_picked":["DeathKnight:DeathGrip+1","DeathKnight:PillarOfFrost","DeathKnight:BludPresence"],"picked":"SKIP","floor":21}],"player_experience":1914647,"relics_obtained":[{"floor":3.0,"key":"Regal Pillow"},{"floor":6.0,"key":"PreservedInsect"},{"floor":9.0,"key":"Boot"}],"event_choices":[{"damage_healed":0.0,"max_hp_gain":0.0,"max_hp_loss":0.0,"gold_gain":0.0,"event_name":"Liars Game","player_choice":"Ignored","floor":2.0,"gold_loss":0.0,"damage_taken":0.0},{"damage_healed":0.0,"max_hp_gain":0.0,"max_hp_loss":0.0,"gold_gain":0.0,"event_name":"Golden Idol","player_choice":"Take Damage","floor":11.0,"gold_loss":0.0,"damage_taken":18.0,"relics_obtained":["Golden Idol"]},{"damage_healed":0.0,"max_hp_gain":0.0,"max_hp_loss":0.0,"gold_gain":0.0,"event_name":"The Cleric","player_choice":"Leave","floor":14.0,"gold_loss":0.0,"damage_taken":0.0}],"is_beta":false,"boss_relics":[{"not_picked":["Runic Pyramid","Pandora\u0027s Box"],"picked":"Black Star"}],"items_purged_floors":[],"is_endless":false,"potions_floor_spawned":[1,13,16,19,21,22],"killed_by":"Gremlin Leader","ascension_level":7}}