{"host":"cijhj3091wf4aho3","time":1610246024,"event":{"mods":["BaseMod","Colored Map","Colored Powertips","Downfall","Friendly Minions","GifTheSpireLib","Highlight Path","Minty Spire (QoL Compilation)","Permanent Neow","Random Character Button","Relic Sorter","Relic Stats","StSLib","everything is the same but u backflip on backflip","slay the spire mod where everything is the same but ironclad has a cowboy hat"],"gold_per_floor":[0,10,21,41,141,241,294,313,238,268,278,378,378,396,414,414,414,414],"floor_reached":16,"playtime":999,"items_purged":[],"score":191,"play_id":"038f227b-da3d-47a9-aafc-282868db2443","local_time":"20210109183344","is_ascension_mode":true,"campfire_choices":[{"floor":1,"key":"RECALL"},{"data":"champ:Taunt","floor":9,"key":"SMITH"},{"data":"champ:ViciousMockery","floor":13,"key":"SMITH"}],"circlet_count":0,"master_deck":["AscendersBane","champ:Strike","champ:Strike","champ:Strike","champ:Strike","champ:Defend","champ:Defend","champ:Defend","champ:Defend","champ:Execute","champ:Taunt+1","champ:Haymaker","champ:Lariat","champ:GladiatorStyle","champ:ViciousMockery+1","champ:BladeFlurry"],"relics":["champ:ChampionCrown","Potion Belt","Anchor","downfall:HeartBlessingRed","champ:DeflectingBracers"],"acts_visited":["Exordium"],"potions_floor_usage":[8,10,10,10,10,11,16,16,16,16],"damage_taken":[{"damage":1,"enemies":"2 Louse","floor":2,"turns":4},{"damage":12,"enemies":"Small Slimes","floor":3,"turns":3},{"damage":5,"enemies":"Cultist","floor":4,"turns":3},{"damage":89,"enemies":"downfall:LadyInBlue","floor":6,"turns":14},{"damage":17,"enemies":"3 Louse","floor":8,"turns":7},{"damage":5,"enemies":"3 Sentries","floor":10,"turns":7},{"damage":10,"enemies":"Gremlin Gang","floor":11,"turns":7},{"damage":1,"enemies":"Large Slime","floor":14,"turns":6},{"damage":11,"enemies":"3 Louse","floor":15,"turns":3},{"damage":31,"enemies":"downfall:Defect","floor":16,"turns":6}],"seed_played":"1932334369160827485","potions_obtained":[{"floor":6,"key":"AttackPotion"},{"floor":6,"key":"Regen Potion"},{"floor":6,"key":"EntropicBrew"},{"floor":6,"key":"Block Potion"},{"floor":8,"key":"FearPotion"},{"floor":15,"key":"AttackPotion"}],"is_trial":false,"path_per_floor":["R","M","M","M","?","?","T","M","R","E","M","?","R","M","M","B"],"character_chosen":"THE_CHAMP","items_purchased":[],"campfire_rested":0,"item_purchase_floors":[],"current_hp_per_floor":[99,98,91,91,91,29,29,44,44,39,34,34,34,33,27,0,0,0],"gold":414,"neow_bonus":"TWENTY_PERCENT_HP_BONUS","is_daily":false,"chose_seed":false,"campfire_upgraded":2,"win_rate":0.0,"timestamp":1610246024,"path_taken":["R","M","M","M","?","?","T","M","R","E","?","?","R","?","M","BOSS"],"items_purchased_type":[],"build_version":"2020-12-22","purchased_purges":0,"victory":false,"max_hp_per_floor":[108,108,108,108,108,108,108,108,108,108,108,108,108,108,108,108,108,108],"relic_stats":{"counters":[10,60],"obtain_stats":[{"Potion Belt":6,"Anchor":7,"downfall:HeartBlessingRed":9,"champ:ChampionCrown":0,"champ:DeflectingBracers":10},{"Potion Belt":4,"Anchor":4,"downfall:HeartBlessingRed":5,"champ:ChampionCrown":0,"champ:DeflectingBracers":6},{"Potion Belt":24,"Anchor":24,"downfall:HeartBlessingRed":31,"champ:ChampionCrown":0,"champ:DeflectingBracers":38}]},"card_choices":[{"not_picked":["champ:RageSigil","champ:BladeFlurry"],"picked":"champ:Haymaker","floor":2},{"not_picked":["champ:PerfectedStrike","champ:DefensiveShout"],"picked":"champ:Lariat","floor":3},{"not_picked":["champ:FlashCut","champ:ShieldSigil","champ:GutPunch"],"picked":"SKIP","floor":4},{"not_picked":["champ:TornadoPunch","champ:RageSigil"],"picked":"champ:GladiatorStyle","floor":6},{"not_picked":["champ:GladiatorsShout","champ:Riposte","champ:TornadoPunch"],"picked":"SKIP","floor":8},{"not_picked":["champ:Circumvent","champ:IronFortress"],"picked":"champ:ViciousMockery","floor":10},{"not_picked":["champ:FalseCounter","champ:TornadoPunch"],"picked":"champ:BladeFlurry","floor":11},{"not_picked":["champ:BringItOn","champ:Haymaker","champ:CheapShot"],"picked":"SKIP","floor":14},{"not_picked":["champ:EnragedBash","champ:AdrenalArmor","champ:GutPunch"],"picked":"SKIP","floor":15}],"player_experience":489156,"relics_obtained":[{"floor":6,"key":"Potion Belt"},{"floor":7,"key":"Anchor"},{"floor":10,"key":"champ:DeflectingBracers"}],"event_choices":[{"damage_healed":0,"gold_gain":100,"player_choice":"Gold","damage_taken":0,"max_hp_gain":0,"max_hp_loss":0,"event_name":"Wheel of Change","floor":12,"gold_loss":0}],"is_beta":false,"boss_relics":[],"items_purged_floors":[],"is_endless":false,"potions_floor_spawned":[6,8,15],"killed_by":"downfall:Defect","ascension_level":12}}