{"host":"3y2rtlgteqp2nuo3","time":1610248138,"event":{"mods":["2.2 Compatiblity","AchievementEnabler","BaseMod","Colored Map","DeckTracker","Highlight Path","Keyboard Shortcuts","Minty Spire (QoL Compilation)","Permanent Neow","Quick Restart","StSLib","SuperFastMode","everything is the same but u backflip on backflip"],"gold_per_floor":[109,125,125,139,214,214,237,237,237,252,252,272,292,292,292,413,413,438,211,211,224,244,244,169,169,194,227,243,104,119,119,119,217,217,232,232,250,299,24,24,93,93,148,1,20,48,48,48,48,48,48],"floor_reached":50,"playtime":1097,"items_purged":["Strike_G","Strike_G","Defend_G"],"score":656,"play_id":"e80b192f-ff4c-438c-869b-f8eadfb82952","local_time":"20210110120858","is_ascension_mode":true,"campfire_choices":[{"floor":6.0,"key":"REST"},{"data":"Calculated Gamble","floor":8.0,"key":"SMITH"},{"data":"Neutralize","floor":11.0,"key":"SMITH"},{"data":"Bouncing Flask","floor":15.0,"key":"SMITH"},{"data":"Poisoned Stab","floor":23.0,"key":"SMITH"},{"data":"Noxious Fumes","floor":25.0,"key":"SMITH"},{"floor":32.0,"key":"REST"},{"floor":40,"key":"REST"},{"data":"Deadly Poison","floor":42,"key":"SMITH"},{"data":"PiercingWail","floor":49,"key":"SMITH"}],"circlet_count":0,"master_deck":["Defend_G","Defend_G","Defend_G","Defend_G","Survivor","Neutralize+1","Underhanded Strike","Calculated Gamble+1","Backstab","PiercingWail+1","Bouncing Flask+1","Poisoned Stab+1","Backstab","Noxious Fumes+1","Crippling Poison","Deadly Poison+1","Noxious Fumes","Backflip+1","Adrenaline","Deadly Poison","Calculated Gamble+1","Doubt"],"relics":["Ring of the Snake","Bloody Idol","Pantograph","FossilizedHelix","Runic Dome","Bronze Scales","Centennial Puzzle","Red Mask","SlaversCollar","Tingsha","DollysMirror","Pear","Juzu Bracelet","ClockworkSouvenir","Smiling Mask","Anchor"],"acts_visited":["Exordium","TheCity","TheBeyond"],"potions_floor_usage":[50],"damage_taken":[{"damage":1.0,"enemies":"Jaw Worm","floor":1.0,"turns":5.0},{"damage":12.0,"enemies":"Small Slimes","floor":2.0,"turns":3.0},{"damage":0.0,"enemies":"2 Louse","floor":4.0,"turns":2.0},{"damage":4.0,"enemies":"2 Fungi Beasts","floor":7.0,"turns":3.0},{"damage":4.0,"enemies":"3 Louse","floor":10.0,"turns":2.0},{"damage":0.0,"enemies":"Looter","floor":12.0,"turns":3.0},{"damage":0.0,"enemies":"Blue Slaver","floor":13.0,"turns":3.0},{"damage":36.0,"enemies":"Slime Boss","floor":16.0,"turns":12.0},{"damage":0.0,"enemies":"Shell Parasite","floor":18.0,"turns":5.0},{"damage":0.0,"enemies":"Spheric Guardian","floor":21.0,"turns":3.0},{"damage":15.0,"enemies":"Centurion and Healer","floor":22.0,"turns":6.0},{"damage":7.0,"enemies":"Masked Bandits","floor":27.0,"turns":3.0},{"damage":0.0,"enemies":"Snecko","floor":28.0,"turns":3.0},{"damage":8.0,"enemies":"3 Cultists","floor":30.0,"turns":3.0},{"damage":48.0,"enemies":"Champ","floor":33.0,"turns":10.0},{"damage":0,"enemies":"3 Shapes","floor":35,"turns":5},{"damage":12,"enemies":"Orb Walker","floor":37,"turns":4},{"damage":43,"enemies":"2 Orb Walkers","floor":38,"turns":5},{"damage":22,"enemies":"Writhing Mass","floor":45,"turns":4},{"damage":26,"enemies":"Giant Head","floor":46,"turns":7},{"damage":91,"enemies":"Donu and Deca","floor":50,"turns":6}],"seed_played":"-8473979994464644145","potions_obtained":[{"floor":2.0,"key":"SteroidPotion"},{"floor":7.0,"key":"SpeedPotion"},{"floor":12.0,"key":"PowerPotion"},{"floor":21.0,"key":"Explosive Potion"},{"floor":27.0,"key":"BlessingOfTheForge"},{"floor":28.0,"key":"Block Potion"},{"floor":33.0,"key":"PowerPotion"},{"floor":35,"key":"DuplicationPotion"}],"is_trial":false,"path_per_floor":["M","M","?","M","?","R","M","R","T","M","R","M","M","?","R","B",null,"M","$","?","M","M","R","?","R","T","?","M","$","M","?","R","B",null,"M","?","M","?","$","R","T","R","T","$","M","E","?","T","R","B"],"character_chosen":"THE_SILENT","items_purchased":["Bronze Scales","Noxious Fumes","DollysMirror","ClockworkSouvenir"],"campfire_rested":3,"item_purchase_floors":[19,29,39,44],"current_hp_per_floor":[69,57,38,38,27,50,46,46,46,42,42,42,42,35,35,24,64,64,64,64,64,49,49,49,49,49,42,42,42,34,34,57,34,66,71,71,64,26,26,49,64,64,69,69,52,31,87,87,87,0,0],"gold":48,"neow_bonus":"TEN_PERCENT_HP_BONUS","is_daily":false,"chose_seed":false,"campfire_upgraded":7,"win_rate":0.0,"timestamp":1610248138,"path_taken":["M","M","?","M","?","R","M","R","T","M","R","M","M","?","R","BOSS","M","$","?","M","M","R","?","R","T","?","M","$","M","?","R","BOSS","M","?","M","?","$","R","?","R","T","$","M","E","?","?","R","BOSS"],"items_purchased_type":["Relic","Card","Relic","Relic"],"build_version":"2020-12-22","purchased_purges":3,"victory":false,"max_hp_per_floor":[77,77,77,77,77,77,77,77,77,77,77,77,77,77,77,77,77,77,77,77,77,77,77,77,77,77,77,77,77,77,77,77,77,77,77,77,77,77,77,77,87,87,87,87,87,87,87,87,87,87,87],"card_choices":[{"not_picked":["Dagger Throw","Dodge and Roll"],"picked":"All Out Attack","floor":1.0},{"not_picked":["Backflip","Finisher"],"picked":"Underhanded Strike","floor":2.0},{"not_picked":["Dagger Spray","Quick Slash"],"picked":"Calculated Gamble","floor":4.0},{"not_picked":["Accuracy","Slice"],"picked":"Backstab","floor":7.0},{"not_picked":["Heel Hook","Catalyst"],"picked":"PiercingWail","floor":10.0},{"not_picked":["Sucker Punch","Distraction","Finisher"],"picked":"SKIP","floor":12.0},{"not_picked":["Acrobatics","PiercingWail"],"picked":"Bouncing Flask","floor":13.0},{"not_picked":["Underhanded Strike","Quick Slash"],"picked":"Poisoned Stab","floor":18.0},{"not_picked":["Escape Plan","Slice"],"picked":"Crippling Poison","floor":21.0},{"not_picked":["Flying Knee+1","Sucker Punch","Dagger Throw"],"picked":"SKIP","floor":22.0},{"not_picked":["Infinite Blades","Endless Agony"],"picked":"Deadly Poison","floor":27.0},{"not_picked":["Slice","Prepared","Infinite Blades"],"picked":"SKIP","floor":28.0},{"not_picked":["Skewer","Acrobatics"],"picked":"Backflip+1","floor":30.0},{"not_picked":["Grand Finale","Storm of Steel"],"picked":"Adrenaline","floor":33.0},{"not_picked":["Blade Dance+1","Underhanded Strike","Accuracy"],"picked":"SKIP","floor":35},{"not_picked":["Sucker Punch+1","Eviscerate+1","Quick Slash"],"picked":"SKIP","floor":37},{"not_picked":["Escape Plan+1","Dodge and Roll"],"picked":"Deadly Poison","floor":38},{"not_picked":["Quick Slash+1","Distraction","Accuracy+1"],"picked":"SKIP","floor":45},{"not_picked":["Blur","Heel Hook","Underhanded Strike+1"],"picked":"SKIP","floor":46}],"player_experience":666164,"relics_obtained":[{"floor":9.0,"key":"Pantograph"},{"floor":26.0,"key":"Centennial Puzzle"},{"floor":27.0,"key":"Red Mask"},{"floor":38,"key":"Tingsha"},{"floor":41,"key":"Pear"},{"floor":43,"key":"Juzu Bracelet"},{"floor":46,"key":"Smiling Mask"},{"floor":48,"key":"Anchor"}],"event_choices":[{"damage_healed":0.0,"max_hp_gain":0.0,"max_hp_loss":0.0,"gold_gain":0.0,"event_name":"Golden Idol","player_choice":"Take Damage","floor":3.0,"gold_loss":0.0,"damage_taken":19.0,"relics_obtained":["Golden Idol"]},{"damage_healed":0.0,"max_hp_gain":0.0,"max_hp_loss":0.0,"gold_gain":75.0,"event_name":"World of Goop","player_choice":"Gather Gold","floor":5.0,"gold_loss":0.0,"damage_taken":11.0},{"damage_healed":0.0,"max_hp_gain":0.0,"max_hp_loss":0.0,"gold_gain":0.0,"event_name":"Scrap Ooze","player_choice":"Success","floor":14.0,"gold_loss":0.0,"damage_taken":7.0,"relics_obtained":["FossilizedHelix"]},{"damage_healed":0.0,"max_hp_gain":0.0,"max_hp_loss":0.0,"gold_gain":0.0,"cards_transformed":["Strike_G","Strike_G"],"event_name":"Drug Dealer","player_choice":"Became Test Subject","floor":20.0,"gold_loss":0.0,"damage_taken":0.0,"cards_obtained":["Backstab","Noxious Fumes"]},{"cards_removed":["Strike_G"],"damage_healed":0.0,"max_hp_gain":0.0,"max_hp_loss":0.0,"gold_gain":0.0,"event_name":"Beggar","player_choice":"Gave Gold","floor":24.0,"gold_loss":75.0,"damage_taken":0.0},{"damage_healed":0.0,"max_hp_gain":0.0,"max_hp_loss":0.0,"gold_gain":0.0,"event_name":"Masked Bandits","player_choice":"Fought Bandits","floor":27.0,"gold_loss":0.0,"damage_taken":0.0},{"damage_healed":0.0,"max_hp_gain":0.0,"max_hp_loss":0.0,"gold_gain":0.0,"event_name":"Forgotten Altar","player_choice":"Gave Idol","floor":31.0,"relics_lost":["Golden Idol"],"gold_loss":0.0,"damage_taken":0.0,"relics_obtained":["Bloody Idol"]},{"cards_removed":["All Out Attack"],"damage_healed":0,"gold_gain":0,"player_choice":"Removed Attack","damage_taken":0,"max_hp_gain":0,"max_hp_loss":0,"event_name":"Falling","floor":36,"gold_loss":0},{"damage_healed":0,"gold_gain":0,"player_choice":"Fight","damage_taken":0,"max_hp_gain":0,"max_hp_loss":0,"event_name":"Mysterious Sphere","floor":38,"gold_loss":0},{"damage_healed":56,"gold_gain":0,"player_choice":"Heal","damage_taken":0,"max_hp_gain":0,"max_hp_loss":0,"event_name":"MindBloom","floor":47,"gold_loss":0,"cards_obtained":["Doubt"]}],"is_beta":false,"boss_relics":[{"not_picked":["Coffee Dripper","Velvet Choker"],"picked":"Runic Dome"},{"not_picked":["Pandora\u0027s Box","Tiny House"],"picked":"SlaversCollar"}],"items_purged_floors":[19,29,39],"is_endless":false,"potions_floor_spawned":[2,7,12,21,27,28,33,35,38],"killed_by":"Donu and Deca","ascension_level":6}}