{"host":"xt3o4iokwksypl90","time":1610272609,"event":{"mods":["AchievementEnabler","BaseMod","Googly Eyes","Highlight Path","Minty Spire (QoL Compilation)","Permanent Neow"],"gold_per_floor":[110,120,120,138,138,138,165,182,256,35,35,35,35,65,65,161,161,174,174,174,187,187,218,229,262,262,278,292,309,309,321,321,423,423,434,434,452,139,151,151,161,195,221,240,250,7,21,48,48,48,48,48,48,75,75],"floor_reached":56,"playtime":6608,"items_purged":["Strike_P","Writhe"],"score":1578,"play_id":"22926b82-670a-41d0-83cb-5f0eba61d7d3","local_time":"20210110105649","is_ascension_mode":true,"campfire_choices":[{"data":"Eruption","floor":6.0,"key":"SMITH"},{"floor":11.0,"key":"REST"},{"data":"EmptyFist","floor":15.0,"key":"SMITH"},{"data":"MentalFortress","floor":32.0,"key":"SMITH"},{"data":"Fasting2","floor":40.0,"key":"SMITH"},{"floor":49.0,"key":"RECALL"},{"data":"FlurryOfBlows","floor":52.0,"key":"SMITH"}],"circlet_count":0,"master_deck":["Strike_P+1","Defend_P+1","Defend_P+1","Defend_P+1","Defend_P+1","Eruption+1","Vigilance+1","FlurryOfBlows+1","TalkToTheHand","MentalFortress+1","EmptyFist+1","Crescendo","LessonLearned","Consecrate","InnerPeace+1","Evaluate+1","EmptyMind","EmptyBody","ThirdEye+1","Indignation","Devotion+1","Devotion","FearNoEvil","EmptyBody+1","Wireheading+1","DeusExMachina+1","Fasting2+1","Nirvana+1","MentalFortress+1","FlurryOfBlows+1","MentalFortress+1"],"relics":["SacredBark","Gambling Chip","Question Card","Singing Bowl","War Paint","VioletLotus","Anchor","Pear","Strawberry","Kunai","Mummified Hand","Philosopher\u0027s Stone","Bag of Preparation","Orrery","Peace Pipe","DollysMirror","InkBottle","CloakClasp"],"acts_visited":["Exordium","TheCity","TheBeyond","TheEnding"],"potions_floor_usage":[55,55],"damage_taken":[{"damage":1.0,"enemies":"Cultist","floor":1.0,"turns":4.0},{"damage":0.0,"enemies":"Small Slimes","floor":2.0,"turns":3.0},{"damage":0.0,"enemies":"2 Louse","floor":4.0,"turns":2.0},{"damage":34.0,"enemies":"Lagavulin","floor":7.0,"turns":7.0},{"damage":7.0,"enemies":"Blue Slaver","floor":8.0,"turns":5.0},{"damage":2.0,"enemies":"3 Sentries","floor":14.0,"turns":4.0},{"damage":0.0,"enemies":"Slime Boss","floor":16.0,"turns":5.0},{"damage":0.0,"enemies":"Spheric Guardian","floor":18.0,"turns":3.0},{"damage":0.0,"enemies":"Chosen","floor":21.0,"turns":4.0},{"damage":0.0,"enemies":"Book of Stabbing","floor":23.0,"turns":4.0},{"damage":5.0,"enemies":"Shelled Parasite and Fungi","floor":24.0,"turns":5.0},{"damage":0.0,"enemies":"Gremlin Leader","floor":25.0,"turns":5.0},{"damage":0.0,"enemies":"Cultist and Chosen","floor":27.0,"turns":8.0},{"damage":21.0,"enemies":"Centurion and Healer","floor":28.0,"turns":9.0},{"damage":10.0,"enemies":"Shelled Parasite and Fungi","floor":29.0,"turns":4.0},{"damage":10.0,"enemies":"Snake Plant","floor":31.0,"turns":8.0},{"damage":11.0,"enemies":"Collector","floor":33.0,"turns":13.0},{"damage":21.0,"enemies":"3 Darklings","floor":35.0,"turns":8.0},{"damage":12.0,"enemies":"3 Shapes","floor":37.0,"turns":7.0},{"damage":8.0,"enemies":"Writhing Mass","floor":39.0,"turns":9.0},{"damage":0.0,"enemies":"Maw","floor":41.0,"turns":6.0},{"damage":0.0,"enemies":"Giant Head","floor":42.0,"turns":6.0},{"damage":9.0,"enemies":"4 Shapes","floor":44.0,"turns":5.0},{"damage":16.0,"enemies":"Transient","floor":45.0,"turns":5.0},{"damage":4.0,"enemies":"Maw","floor":47.0,"turns":8.0},{"damage":2.0,"enemies":"Nemesis","floor":48.0,"turns":9.0},{"damage":0.0,"enemies":"Donu and Deca","floor":50.0,"turns":6.0},{"damage":73,"enemies":"Shield and Spear","floor":54,"turns":5},{"damage":40,"enemies":"The Heart","floor":55,"turns":13}],"seed_played":"-1593800761062899268","potions_obtained":[{"floor":1.0,"key":"Strength Potion"},{"floor":4.0,"key":"EntropicBrew"},{"floor":14.0,"key":"SneckoOil"},{"floor":23.0,"key":"Regen Potion"},{"floor":25.0,"key":"Swift Potion"},{"floor":27.0,"key":"Swift Potion"},{"floor":29.0,"key":"PowerPotion"},{"floor":31.0,"key":"FearPotion"},{"floor":33.0,"key":"EntropicBrew"},{"floor":35.0,"key":"Block Potion"},{"floor":39.0,"key":"Fire Potion"},{"floor":42.0,"key":"DistilledChaos"},{"floor":47.0,"key":"Dexterity Potion"}],"is_trial":false,"path_per_floor":["M","M","?","M","?","R","E","M","T","$","R","T","$","E","R","B",null,"M","?","?","M","T","E","M","E","T","M","M","M","?","M","R","B",null,"M","?","M","$","M","R","M","E","T","M","M","$","M","E","R","B",null,"R","$","E","B",null],"character_chosen":"WATCHER","items_purchased":["EmptyFist","Crescendo","SkillPotion","Bag of Preparation","Orrery","DollysMirror"],"campfire_rested":1,"item_purchase_floors":[10,10,10,38,38,46],"current_hp_per_floor":[71,71,57,57,57,57,23,16,16,16,37,37,37,37,37,37,74,74,74,74,76,86,93,90,90,90,92,71,61,61,53,53,97,99,80,80,70,74,66,66,66,68,68,61,47,47,45,43,43,43,115,115,115,42,2],"gold":75,"neow_bonus":"BOSS_RELIC","is_daily":false,"chose_seed":false,"campfire_upgraded":5,"win_rate":0.0,"timestamp":1610272609,"path_taken":["M","?","?","M","?","R","E","M","T","$","R","?","?","E","R","BOSS","M","?","?","M","?","E","M","E","T","M","M","M","?","M","R","BOSS","M","?","M","$","M","R","M","E","T","M","M","$","M","E","R","BOSS","R","$","E","BOSS"],"items_purchased_type":["Card","Card","Potion","Relic","Relic","Relic"],"build_version":"2020-12-22","purchased_purges":2,"victory":true,"max_hp_per_floor":[72,72,72,72,72,72,72,72,72,72,72,72,72,74,74,74,74,74,74,74,76,86,93,95,95,95,97,97,97,97,99,99,99,99,101,101,103,107,107,107,107,109,109,111,113,113,115,115,115,115,115,115,115,115,115],"card_choices":[{"not_picked":["WheelKick","MentalFortress"],"picked":"FlurryOfBlows","floor":1.0},{"not_picked":["CutThroughFate","Protect"],"picked":"TalkToTheHand","floor":2.0},{"not_picked":["Fasting2","Nirvana","Indignation"],"picked":"SKIP","floor":4.0},{"not_picked":["Pray","Perseverance"],"picked":"MentalFortress","floor":7.0},{"not_picked":["BowlingBash","Wireheading"],"picked":"Conclude","floor":8.0},{"not_picked":["Evaluate","Swivel","CutThroughFate","Wireheading"],"picked":"Singing Bowl","floor":14.0},{"not_picked":["Judgement","MasterReality","SpiritShield"],"picked":"LessonLearned","floor":16.0},{"not_picked":["Meditate","FlurryOfBlows","CrushJoints+1"],"picked":"Consecrate","floor":18.0},{"not_picked":["FollowUp","Prostrate","ClearTheMind+1","Collect"],"picked":"Singing Bowl","floor":21.0},{"not_picked":["Prostrate","CrushJoints","Crescendo"],"picked":"Evaluate+1","floor":23.0},{"not_picked":["Swivel+1","Evaluate+1","BattleHymn","Crescendo"],"picked":"Singing Bowl","floor":24.0},{"not_picked":["Wish","ClearTheMind","ThirdEye"],"picked":"EmptyMind","floor":25.0},{"not_picked":["Collect+1","FlyingSleeves","SashWhip","EmptyFist"],"picked":"Singing Bowl","floor":27.0},{"not_picked":["Evaluate+1","SashWhip","ClearTheMind+1"],"picked":"EmptyBody","floor":28.0},{"not_picked":["Fasting2","Nirvana+1","CrushJoints+1"],"picked":"ThirdEye+1","floor":29.0},{"not_picked":["FlurryOfBlows","MasterReality","Prostrate","ClearTheMind"],"picked":"Singing Bowl","floor":31.0},{"not_picked":["SpiritShield","LessonLearned","Judgement"],"picked":"Devotion","floor":33.0},{"not_picked":["Nirvana","FlyingSleeves+1","PathToVictory","Pray"],"picked":"Singing Bowl","floor":35.0},{"not_picked":["Weave+1","BowlingBash+1","Crescendo+1","PathToVictory+1"],"picked":"Singing Bowl","floor":37.0},{"not_picked":["ClearTheMind+1","FlyingSleeves+1","Conclude+1"],"picked":"EmptyBody+1","floor":38.0},{"not_picked":["BowlingBash","ClearTheMind","WaveOfTheHand"],"picked":"Wireheading","floor":38.0},{"not_picked":["FlyingSleeves","SashWhip+1","WreathOfFlame","PathToVictory+1"],"picked":"Singing Bowl","floor":38.0},{"not_picked":["Halt","Wireheading","Vengeance+1","EmptyFist"],"picked":"Singing Bowl","floor":38.0},{"not_picked":["SpiritShield","EmptyBody","ClearTheMind+1"],"picked":"DeusExMachina","floor":38.0},{"not_picked":["Meditate","BattleHymn+1","FlurryOfBlows"],"picked":"Fasting2","floor":39.0},{"not_picked":["Sanctity+1","Vengeance+1","Wallop+1"],"picked":"Nirvana+1","floor":41.0},{"not_picked":["WreathOfFlame+1","Consecrate+1","Wallop","SashWhip"],"picked":"Singing Bowl","floor":42.0},{"not_picked":["Halt+1","ThirdEye+1","Collect+1","JustLucky+1"],"picked":"Singing Bowl","floor":44.0},{"not_picked":["BowlingBash","EmptyMind+1","SashWhip","WreathOfFlame"],"picked":"Singing Bowl","floor":45.0},{"not_picked":["EmptyMind","JustLucky","Swivel+1","BowlingBash+1"],"picked":"Singing Bowl","floor":47.0},{"not_picked":["FearNoEvil","Halt","Sanctity"],"picked":"FlurryOfBlows","floor":48.0},{"not_picked":["ClearTheMind+1","CrushJoints","Scrawl"],"picked":"MentalFortress+1","floor":54}],"player_experience":244739,"relics_obtained":[{"floor":7.0,"key":"Gambling Chip"},{"floor":9.0,"key":"Question Card"},{"floor":12.0,"key":"Singing Bowl"},{"floor":14.0,"key":"War Paint"},{"floor":22.0,"key":"Pear"},{"floor":23.0,"key":"Strawberry"},{"floor":25.0,"key":"Kunai"},{"floor":26.0,"key":"Mummified Hand"},{"floor":42.0,"key":"Peace Pipe"},{"floor":48.0,"key":"InkBottle"},{"floor":54,"key":"CloakClasp"}],"event_choices":[{"damage_healed":0.0,"max_hp_gain":0.0,"max_hp_loss":0.0,"gold_gain":0.0,"event_name":"Shining Light","player_choice":"Entered Light","floor":3.0,"gold_loss":0.0,"damage_taken":14.0,"cards_upgraded":["Defend_P","Strike_P"]},{"damage_healed":0.0,"max_hp_gain":0.0,"max_hp_loss":0.0,"gold_gain":0.0,"event_name":"Liars Game","player_choice":"Ignored","floor":5.0,"gold_loss":0.0,"damage_taken":0.0},{"damage_healed":0.0,"max_hp_gain":0.0,"max_hp_loss":0.0,"gold_gain":0.0,"event_name":"The Library","player_choice":"Read","floor":19.0,"gold_loss":0.0,"damage_taken":0.0,"cards_obtained":["InnerPeace"]},{"damage_healed":0.0,"max_hp_gain":0.0,"max_hp_loss":0.0,"gold_gain":0.0,"event_name":"The Mausoleum","player_choice":"Opened","floor":20.0,"gold_loss":0.0,"damage_taken":0.0,"relics_obtained":["Anchor"],"cards_obtained":["Writhe"]},{"damage_healed":0.0,"max_hp_gain":0.0,"max_hp_loss":0.0,"gold_gain":0.0,"cards_transformed":["Conclude","Strike_P"],"event_name":"Drug Dealer","player_choice":"Became Test Subject","floor":30.0,"gold_loss":0.0,"damage_taken":0.0,"cards_obtained":["Indignation","Devotion"]},{"damage_healed":0.0,"max_hp_gain":0.0,"max_hp_loss":0.0,"gold_gain":0.0,"cards_transformed":["Strike_P"],"event_name":"Transmorgrifier","player_choice":"Transformed","floor":36.0,"gold_loss":0.0,"damage_taken":0.0,"cards_obtained":["FearNoEvil"]}],"is_beta":false,"boss_relics":[{"not_picked":["Tiny House","Black Star"],"picked":"VioletLotus"},{"not_picked":["Sozu","Snecko Eye"],"picked":"Philosopher\u0027s Stone"}],"items_purged_floors":[10,46],"is_endless":false,"potions_floor_spawned":[1,4,14,23,25,27,29,31,33,35,39,42,47],"ascension_level":3}}