{"host":"c97twqu0op5dg8i4","time":1610316159,"event":{"mods":["BaseMod","Minty Spire (QoL Compilation)","Permanent Neow"],"gold_per_floor":[118,83,4,4,4,4,29,29,29,29,29,29,50,50,50,170,170,190,203,203,203],"floor_reached":20,"playtime":2215,"items_purged":[],"score":200,"play_id":"8c1db564-90d0-4604-a8f0-8a43693e7008","local_time":"20210110170239","is_ascension_mode":true,"campfire_choices":[{"floor":6,"key":"DIG"},{"floor":8,"key":"DIG"},{"floor":11,"key":"DIG"},{"floor":15,"key":"DIG"}],"circlet_count":0,"master_deck":["Strike_B","Strike_B","Strike_B","Strike_B","Defend_B+1","Defend_B+1","Defend_B","Defend_B","Zap","Dualcast","Beam Cell","Sunder","Loop","Thunder Strike","CurseOfTheBell","Ball Lightning+1","Ball Lightning+1"],"relics":["Cracked Core","Shovel","Pear","Golden Idol","War Paint","Symbiotic Virus","Shuriken","Sundial","DataDisk","Art of War","Calling Bell","MealTicket","Eternal Feather","StoneCalendar"],"acts_visited":["Exordium","TheCity"],"potions_floor_usage":[19],"damage_taken":[{"damage":7,"enemies":"Small Slimes","floor":1,"turns":3},{"damage":12,"enemies":"Jaw Worm","floor":7,"turns":2},{"damage":1,"enemies":"2 Louse","floor":13,"turns":2},{"damage":35,"enemies":"Hexaghost","floor":16,"turns":7},{"damage":33,"enemies":"3 Byrds","floor":18,"turns":5},{"damage":22,"enemies":"Spheric Guardian","floor":19,"turns":4},{"damage":7,"enemies":"Snake Plant","floor":20,"turns":2}],"seed_played":"5200244791922319111","potions_obtained":[{"floor":1,"key":"EssenceOfDarkness"},{"floor":18,"key":"CultistPotion"}],"is_trial":false,"path_per_floor":["M","?","$","?","?","R","M","R","T","$","R","$","M","?","R","B",null,"M","M","M"],"character_chosen":"DEFECT","items_purchased":["Sunder"],"campfire_rested":0,"item_purchase_floors":[3],"current_hp_per_floor":[61,68,68,75,72,72,60,60,60,60,60,60,59,59,59,24,60,27,5,0,0],"gold":203,"neow_bonus":"ONE_RARE_RELIC","is_daily":false,"chose_seed":false,"campfire_upgraded":0,"win_rate":0.0,"timestamp":1610316159,"path_taken":["M","?","$","?","?","R","?","R","T","$","R","$","M","?","R","BOSS","M","M","M"],"items_purchased_type":["Card"],"build_version":"2020-12-22","purchased_purges":0,"victory":false,"max_hp_per_floor":[68,68,68,78,72,72,72,72,72,72,72,72,72,72,72,72,72,72,72,72,72],"card_choices":[{"not_picked":["Fusion","Barrage"],"picked":"Beam Cell","floor":1},{"not_picked":["Stack","Consume","Hologram"],"picked":"SKIP","floor":7},{"not_picked":["Rebound","Storm"],"picked":"Loop","floor":13},{"not_picked":["Amplify","Meteor Strike"],"picked":"Thunder Strike","floor":16},{"not_picked":["Defragment","Chill"],"picked":"Ball Lightning+1","floor":18},{"not_picked":["Darkness","Compile Driver"],"picked":"Ball Lightning+1","floor":19}],"player_experience":291117,"relics_obtained":[{"floor":6,"key":"War Paint"},{"floor":8,"key":"Symbiotic Virus"},{"floor":9,"key":"Shuriken"},{"floor":11,"key":"Sundial"},{"floor":15,"key":"Art of War"},{"floor":17,"key":"MealTicket"},{"floor":17,"key":"Eternal Feather"},{"floor":17,"key":"StoneCalendar"}],"event_choices":[{"damage_healed":17,"gold_gain":0,"player_choice":"Healed","damage_taken":0,"max_hp_gain":0,"max_hp_loss":0,"event_name":"The Cleric","floor":2,"gold_loss":35},{"damage_healed":0,"gold_gain":0,"player_choice":"Success","damage_taken":3,"relics_obtained":["Pear"],"max_hp_gain":0,"max_hp_loss":0,"event_name":"Scrap Ooze","floor":4,"gold_loss":0},{"damage_healed":0,"gold_gain":0,"player_choice":"Lose Max HP","damage_taken":0,"relics_obtained":["Golden Idol"],"max_hp_gain":0,"max_hp_loss":6,"event_name":"Golden Idol","floor":5,"gold_loss":0},{"damage_healed":0,"gold_gain":0,"player_choice":"Searched \u00271\u0027 times","damage_taken":0,"relics_obtained":["DataDisk"],"max_hp_gain":0,"max_hp_loss":0,"event_name":"Dead Adventurer","floor":14,"gold_loss":0}],"is_beta":false,"boss_relics":[{"not_picked":["Philosopher\u0027s Stone","Runic Pyramid"],"picked":"Calling Bell"}],"items_purged_floors":[],"is_endless":false,"potions_floor_spawned":[1,18],"killed_by":"Snake Plant","ascension_level":5}}