{"host":"l4kdldlios54gl54","time":1610311072,"event":{"mods":["AchievementEnabler","BaseMod","Colored Map","Colored Powertips","Minty Spire (QoL Compilation)","Random Character Button"],"gold_per_floor":[367,367,33,47,47,47,62,75,75,75,96,96,46,60,60,154,154,168,192,192,242,457,457,498,173,196,212,212,212,79,110,110,208,208,222,172,185,203,221,221,246,246,269,282,307,307,307,30,30,30],"floor_reached":51,"playtime":2677,"items_purged":["Strike_G","Defend_G","Distraction","Concentrate","Tactician","All Out Attack+1"],"score":1371,"play_id":"385efc49-056b-4d21-8b30-f20dcd3d499b","local_time":"20210110213752","is_ascension_mode":true,"campfire_choices":[{"data":"Blade Dance","floor":6,"key":"SMITH"},{"floor":10,"key":"REST"},{"data":"Leg Sweep","floor":15,"key":"SMITH"},{"data":"Cloak And Dagger","floor":23,"key":"SMITH"},{"floor":28,"key":"REST"},{"data":"Cloak And Dagger","floor":32,"key":"SMITH"},{"data":"Burst","floor":40,"key":"SMITH"},{"data":"Cloak And Dagger","floor":42,"key":"SMITH"},{"floor":49,"key":"REST"}],"circlet_count":0,"master_deck":["AscendersBane","Survivor+1","Neutralize+1","Blade Dance+1","PiercingWail+1","Leg Sweep+1","Burst+1","Heel Hook+1","Doppelganger+1","Footwork+1","Escape Plan+1","Cloak And Dagger+1","Cloak And Dagger+1","Cloak And Dagger+1","Cloak And Dagger+1"],"relics":["Ring of the Snake","Smiling Mask","Shuriken","Golden Idol","Bottled Lightning","Ninja Scroll","Pandora\u0027s Box","Old Coin","Molten Egg 2","Kunai","Vajra","Mercury Hourglass","Philosopher\u0027s Stone","Toy Ornithopter","Mark of the Bloom","Bronze Scales"],"acts_visited":["Exordium","TheCity","TheBeyond"],"potions_floor_usage":[11,27,31,50,50],"damage_taken":[{"damage":10,"enemies":"Jaw Worm","floor":1,"turns":8},{"damage":2,"enemies":"Small Slimes","floor":4,"turns":6},{"damage":0,"enemies":"Cultist","floor":7,"turns":3},{"damage":0,"enemies":"3 Louse","floor":8,"turns":3},{"damage":5,"enemies":"Exordium Wildlife","floor":11,"turns":5},{"damage":0,"enemies":"2 Fungi Beasts","floor":14,"turns":2},{"damage":28,"enemies":"Hexaghost","floor":16,"turns":11},{"damage":0,"enemies":"3 Byrds","floor":18,"turns":3},{"damage":0,"enemies":"Chosen","floor":19,"turns":5},{"damage":5,"enemies":"Gremlin Leader","floor":24,"turns":4},{"damage":13,"enemies":"Snake Plant","floor":27,"turns":5},{"damage":4,"enemies":"Slavers","floor":31,"turns":3},{"damage":17,"enemies":"Collector","floor":33,"turns":7},{"damage":0,"enemies":"Orb Walker","floor":35,"turns":3},{"damage":0,"enemies":"3 Shapes","floor":37,"turns":5},{"damage":3,"enemies":"3 Darklings","floor":38,"turns":3},{"damage":0,"enemies":"Sphere and 2 Shapes","floor":39,"turns":3},{"damage":0,"enemies":"Transient","floor":41,"turns":6},{"damage":0,"enemies":"Jaw Worm Horde","floor":44,"turns":2},{"damage":0,"enemies":"Maw","floor":45,"turns":4},{"damage":16,"enemies":"Donu and Deca","floor":50,"turns":7}],"seed_played":"1406586898809956051","potions_obtained":[{"floor":1,"key":"SkillPotion"},{"floor":4,"key":"PowerPotion"},{"floor":27,"key":"Fruit Juice"},{"floor":33,"key":"Weak Potion"},{"floor":35,"key":"SteroidPotion"}],"is_trial":false,"path_per_floor":["M","?","$","M","?","R","M","M","T","R","M","T","$","M","R","B",null,"M","M","?","?","?","R","E","$","T","M","R","?","$","E","R","B",null,"M","$","M","M","M","R","M","R","T","M","M","?","?","$","R","B",null],"character_chosen":"THE_SILENT","items_purchased":["Shuriken","Kunai","Regen Potion","PowerPotion","Bronze Scales"],"campfire_rested":3,"item_purchase_floors":[3,25,30,48,48],"current_hp_per_floor":[49,31,31,29,29,29,29,29,29,45,40,40,40,40,40,12,44,44,44,44,44,44,44,39,39,39,31,48,48,48,53,53,36,53,53,53,53,50,50,50,50,50,50,50,50,50,50,50,50,34],"gold":30,"neow_bonus":"TWO_FIFTY_GOLD","is_daily":false,"chose_seed":false,"campfire_upgraded":6,"win_rate":0.0,"timestamp":1610311072,"path_taken":["M","?","$","M","?","R","M","M","T","R","M","?","$","?","R","BOSS","M","M","?","?","?","R","E","$","T","M","R","?","$","E","R","BOSS","M","$","M","M","M","R","M","R","T","M","M","?","?","$","R","BOSS"],"items_purchased_type":["Relic","Relic","Potion","Potion","Relic"],"build_version":"2020-12-22","purchased_purges":6,"victory":true,"max_hp_per_floor":[60,60,60,60,54,54,54,54,54,54,54,54,54,54,54,54,54,54,54,54,54,54,54,54,54,54,59,59,59,59,59,59,59,59,59,59,59,59,59,59,59,59,59,59,59,59,59,59,59,59],"card_choices":[{"not_picked":["Flechettes","Dash"],"picked":"Blade Dance","floor":1},{"not_picked":["Deflect","Crippling Poison"],"picked":"PiercingWail","floor":4},{"not_picked":["Underhanded Strike","Reflex","All Out Attack"],"picked":"SKIP","floor":7},{"not_picked":["Riddle With Holes","Dash","Flying Knee"],"picked":"SKIP","floor":8},{"not_picked":["Dagger Throw","Sucker Punch"],"picked":"Leg Sweep","floor":11},{"not_picked":["Backflip","Dagger Throw","Bouncing Flask"],"picked":"SKIP","floor":14},{"not_picked":["Die Die Die","A Thousand Cuts"],"picked":"Burst","floor":16},{"not_picked":["Quick Slash","Bane","PiercingWail"],"picked":"SKIP","floor":18},{"not_picked":["Underhanded Strike","Crippling Poison"],"picked":"Cloak And Dagger","floor":19},{"not_picked":["Crippling Poison","Caltrops","All Out Attack+1"],"picked":"SKIP","floor":24},{"not_picked":["Crippling Poison","Masterful Stab+1"],"picked":"Cloak And Dagger","floor":27},{"not_picked":["Heel Hook+1","Blade Dance+1"],"picked":"Cloak And Dagger","floor":31},{"not_picked":["Acrobatics+1","Prepared","Skewer+1"],"picked":"SKIP","floor":35},{"not_picked":["Deadly Poison","Dagger Spray+1","Underhanded Strike+1"],"picked":"SKIP","floor":37},{"not_picked":["Backflip","Masterful Stab+1","Phantasmal Killer"],"picked":"SKIP","floor":38},{"not_picked":["Crippling Poison","Dash+1","Flying Knee+1"],"picked":"SKIP","floor":39},{"not_picked":["Slice+1","Deflect"],"picked":"Cloak And Dagger+1","floor":41},{"not_picked":["Distraction+1","Bouncing Flask+1","Well Laid Plans"],"picked":"SKIP","floor":44},{"not_picked":["Outmaneuver","Dagger Spray+1","PiercingWail"],"picked":"SKIP","floor":45}],"player_experience":843397,"relics_obtained":[{"floor":9,"key":"Bottled Lightning"},{"floor":12,"key":"Ninja Scroll"},{"floor":24,"key":"Molten Egg 2"},{"floor":26,"key":"Vajra"},{"floor":31,"key":"Mercury Hourglass"},{"floor":43,"key":"Toy Ornithopter"}],"event_choices":[{"damage_healed":0,"gold_gain":0,"player_choice":"Success","damage_taken":18,"relics_obtained":["Smiling Mask"],"max_hp_gain":0,"max_hp_loss":0,"event_name":"Scrap Ooze","floor":2,"gold_loss":0},{"damage_healed":0,"gold_gain":0,"player_choice":"Lose Max HP","damage_taken":0,"relics_obtained":["Golden Idol"],"max_hp_gain":0,"max_hp_loss":6,"event_name":"Golden Idol","floor":5,"gold_loss":0},{"damage_healed":0,"gold_gain":0,"player_choice":"Ignored","damage_taken":0,"max_hp_gain":0,"max_hp_loss":0,"event_name":"The Mausoleum","floor":20,"gold_loss":0},{"damage_healed":0,"gold_gain":50,"player_choice":"Stole From Cult","damage_taken":0,"max_hp_gain":0,"max_hp_loss":0,"event_name":"Nest","floor":21,"gold_loss":0},{"damage_healed":0,"gold_gain":0,"player_choice":"Obtained Relic","damage_taken":0,"relics_obtained":["Old Coin"],"max_hp_gain":0,"max_hp_loss":0,"event_name":"Addict","floor":22,"gold_loss":85},{"damage_healed":0,"gold_gain":0,"player_choice":"Ignored","damage_taken":0,"max_hp_gain":0,"max_hp_loss":0,"event_name":"Cursed Tome","floor":29,"gold_loss":0},{"damage_healed":0,"gold_gain":0,"player_choice":"Ignored","damage_taken":0,"max_hp_gain":0,"max_hp_loss":0,"event_name":"Tomb of Lord Red Mask","floor":46,"gold_loss":0},{"damage_healed":0,"gold_gain":0,"player_choice":"Upgrade","damage_taken":0,"relics_obtained":["Mark of the Bloom"],"max_hp_gain":0,"max_hp_loss":0,"event_name":"MindBloom","floor":47,"gold_loss":0,"cards_upgraded":["Survivor","Neutralize","PiercingWail","Heel Hook","Doppelganger","Footwork","Escape Plan","All Out Attack"]}],"is_beta":false,"boss_relics":[{"not_picked":["Tiny House","Black Star"],"picked":"Pandora\u0027s Box"},{"not_picked":["Velvet Choker","HoveringKite"],"picked":"Philosopher\u0027s Stone"}],"items_purged_floors":[3,13,25,30,36,48],"is_endless":false,"potions_floor_spawned":[1,4,8,27,33,35,38,39,41],"ascension_level":19}}