{"host":"j4g6ia6asvpyu2b0","time":1610297501,"event":{"mods":["BaseMod","Colored Map","Minty Spire (QoL Compilation)","Permanent Neow","Quick Restart","Relic Stats","StSLib","Unceasing Turn Reminder"],"gold_per_floor":[118,133,103,113,133,169,169,178,178,222,249,278,313,340,340,454,454,474,483,502,521,549,549,592,616,643,664,664,689,404,445,445,554,554,573,632,632,652,652,686,686,713,713,713,748,748,748,800,800,800,800,800,45,88,88,88],"floor_reached":55,"playtime":2571,"items_purged":[],"score":1461,"play_id":"3cd7b1ab-0009-4028-9f33-e231b9a7cec3","local_time":"20210110095141","is_ascension_mode":true,"campfire_choices":[{"data":"Envenom","floor":7.0,"key":"SMITH"},{"data":"Catalyst","floor":15.0,"key":"SMITH"},{"floor":23.0,"key":"REST"},{"floor":28.0,"key":"REST"},{"data":"After Image","floor":32.0,"key":"SMITH"},{"floor":41.0,"key":"DIG"},{"floor":44.0,"key":"DIG"},{"floor":47.0,"key":"RECALL"},{"floor":49.0,"key":"DIG"},{"floor":52.0,"key":"DIG"}],"circlet_count":0,"master_deck":["Survivor","Neutralize","Distraction","Calculated Gamble","Corpse Explosion","Backstab","Corpse Explosion","Footwork","Infinite Blades","Envenom+1","Blade Dance","Catalyst+1","Dagger Spray","Flying Knee","Malaise","Backflip","Backflip","After Image+1","Blur","Crippling Poison","Acrobatics+1","Spot Weakness+1","PiercingWail+1","Caltrops+1","Dodge and Roll+1","Night Terror","Escape Plan+1","Caltrops","Dodge and Roll","Bouncing Flask","Catalyst","Night Terror","Footwork+1","Caltrops+1","Tactician+1","PiercingWail","Metamorphosis","Dark Shackles","Panache","Leg Sweep","Caltrops","Wraith Form v2","Well Laid Plans","PiercingWail"],"relics":["Pandora\u0027s Box","CeramicFish","Snake Skull","Singing Bowl","Ninja Scroll","Philosopher\u0027s Stone","The Courier","Regal Pillow","TwistedFunnel","Oddly Smooth Stone","Pantograph","Fusion Hammer","Shovel","Lantern","Pen Nib","Dream Catcher","Mango","FossilizedHelix","Nunchaku","StrikeDummy","Pear","Bag of Marbles","Toy Ornithopter","Vajra","Bag of Preparation"],"acts_visited":["Exordium","TheCity","TheBeyond","TheEnding"],"potions_floor_usage":[55,55,55],"damage_taken":[{"damage":0.0,"enemies":"2 Louse","floor":1.0,"turns":1.0},{"damage":4.0,"enemies":"Cultist","floor":2.0,"turns":3.0},{"damage":2.0,"enemies":"Jaw Worm","floor":4.0,"turns":2.0},{"damage":14.0,"enemies":"Red Slaver","floor":5.0,"turns":2.0},{"damage":15.0,"enemies":"Lagavulin","floor":6.0,"turns":5.0},{"damage":10.0,"enemies":"3 Sentries","floor":10.0,"turns":2.0},{"damage":12.0,"enemies":"Looter","floor":11.0,"turns":3.0},{"damage":5.0,"enemies":"Gremlin Gang","floor":12.0,"turns":2.0},{"damage":3.0,"enemies":"Lagavulin","floor":13.0,"turns":6.0},{"damage":0.0,"enemies":"Exordium Thugs","floor":14.0,"turns":3.0},{"damage":0.0,"enemies":"Slime Boss","floor":16.0,"turns":5.0},{"damage":5.0,"enemies":"Spheric Guardian","floor":18.0,"turns":7.0},{"damage":8.0,"enemies":"Shell Parasite","floor":20.0,"turns":3.0},{"damage":25.0,"enemies":"Cultist and Chosen","floor":21.0,"turns":6.0},{"damage":8.0,"enemies":"Chosen and Byrds","floor":22.0,"turns":4.0},{"damage":7.0,"enemies":"Gremlin Leader","floor":24.0,"turns":6.0},{"damage":0.0,"enemies":"Sentry and Sphere","floor":25.0,"turns":2.0},{"damage":19.0,"enemies":"Snake Plant","floor":27.0,"turns":4.0},{"damage":4.0,"enemies":"Centurion and Healer","floor":29.0,"turns":4.0},{"damage":0.0,"enemies":"Slavers","floor":31.0,"turns":2.0},{"damage":20.0,"enemies":"Automaton","floor":33.0,"turns":9.0},{"damage":5.0,"enemies":"Orb Walker","floor":35.0,"turns":2.0},{"damage":0.0,"enemies":"Mind Bloom Boss Battle","floor":36.0,"turns":6.0},{"damage":0.0,"enemies":"3 Shapes","floor":38.0,"turns":2.0},{"damage":0.0,"enemies":"Reptomancer","floor":40.0,"turns":3.0},{"damage":0.0,"enemies":"Giant Head","floor":45.0,"turns":6.0},{"damage":17.0,"enemies":"2 Orb Walkers","floor":48.0,"turns":4.0},{"damage":78.0,"enemies":"Awakened One","floor":50.0,"turns":11.0},{"damage":86.0,"enemies":"Shield and Spear","floor":54.0,"turns":9.0},{"damage":76,"enemies":"The Heart","floor":55,"turns":3}],"seed_played":"-2956484713007027809","potions_obtained":[{"floor":2.0,"key":"LiquidBronze"},{"floor":3.0,"key":"GhostInAJar"},{"floor":3.0,"key":"Fruit Juice"},{"floor":6.0,"key":"Strength Potion"},{"floor":11.0,"key":"Fire Potion"},{"floor":13.0,"key":"Fire Potion"},{"floor":22.0,"key":"SneckoOil"},{"floor":24.0,"key":"Strength Potion"},{"floor":25.0,"key":"GamblersBrew"},{"floor":33.0,"key":"PowerPotion"},{"floor":35.0,"key":"Regen Potion"}],"is_trial":false,"path_per_floor":["M","M","?","M","M","E","R","?","T","E","M","M","E","M","R","B",null,"M","?","M","M","M","R","E","M","T","M","R","M","$","E","R","B",null,"M","?","?","M","?","E","R","?","T","R","E","?","R","?","R","B",null,"R","$","E","B"],"character_chosen":"THE_SILENT","items_purchased":["TwistedFunnel","Bouncing Flask","Oddly Smooth Stone","Caltrops","Wraith Form v2","Pear","Bag of Marbles","Toy Ornithopter","Vajra","Well Laid Plans"],"campfire_rested":2,"item_purchase_floors":[30,30,30,53,53,53,53,53,53,53],"current_hp_per_floor":[63,59,64,62,48,33,33,33,33,23,11,6,3,3,3,3,57,52,52,44,19,11,33,26,26,26,7,44,40,40,40,40,45,68,63,75,85,85,81,81,81,71,71,71,85,85,85,70,70,17,77,77,87,1,0,0],"gold":88,"neow_bonus":"BOSS_RELIC","is_daily":false,"chose_seed":false,"campfire_upgraded":3,"win_rate":0.0,"timestamp":1610297501,"path_taken":["M","M","?","?","M","E","R","?","T","E","M","M","E","?","R","BOSS","M","?","M","M","?","R","E","M","T","M","R","M","$","E","R","BOSS","M","?","?","?","?","E","R","?","T","R","E","?","R","?","R","BOSS","R","$","E","BOSS"],"items_purchased_type":["Relic","Card","Relic","Card","Card","Relic","Relic","Relic","Relic","Card"],"build_version":"2020-12-22","purchased_purges":0,"victory":false,"max_hp_per_floor":[70,70,75,75,75,75,75,75,75,75,75,75,75,75,75,75,75,75,75,75,75,75,75,75,75,75,75,75,75,75,75,75,75,75,75,75,85,85,81,81,81,81,81,81,95,95,95,97,97,97,97,97,107,107,107,107],"relic_stats":{"Regal Pillow":15,"Singing Bowl":2,"counters":[30,127],"CeramicFish":288,"Snake Skull":[222],"Pen Nib":[5],"Bag of Preparation":[2],"Dream Catcher":0,"Nunchaku":[3],"Shovel":4,"Pantograph":87,"Pandora\u0027s Box":["Distraction","Calculated Gamble","Corpse Explosion","Backstab","Corpse Explosion","Footwork","Infinite Blades","Slice","Envenom","Phantasmal Killer"],"obtain_stats":[{"TwistedFunnel":30,"Regal Pillow":26,"Lantern":40,"Singing Bowl":10,"CeramicFish":6,"Vajra":53,"Mango":45,"Snake Skull":9,"Bag of Preparation":54,"Dream Catcher":44,"Nunchaku":49,"Shovel":36,"Ninja Scroll":13,"Pantograph":31,"Philosopher\u0027s Stone":17,"Fusion Hammer":34,"Ring of the Snake":0,"Pear":53,"Oddly Smooth Stone":30,"The Courier":24,"Pen Nib":41,"Pandora\u0027s Box":0,"Bag of Marbles":53,"StrikeDummy":52,"FossilizedHelix":48,"Toy Ornithopter":53},{"TwistedFunnel":19,"Regal Pillow":17,"Lantern":25,"Singing Bowl":6,"CeramicFish":5,"Vajra":28,"Mango":26,"Snake Skull":5,"Bag of Preparation":29,"Dream Catcher":25,"Nunchaku":27,"Shovel":23,"Ninja Scroll":9,"Pantograph":20,"Philosopher\u0027s Stone":11,"Fusion Hammer":21,"Ring of the Snake":0,"Pear":28,"Oddly Smooth Stone":19,"The Courier":16,"Pen Nib":25,"Pandora\u0027s Box":0,"Bag of Marbles":28,"StrikeDummy":28,"FossilizedHelix":27,"Toy Ornithopter":28},{"TwistedFunnel":70,"Regal Pillow":62,"Lantern":94,"Singing Bowl":15,"CeramicFish":13,"Vajra":115,"Mango":100,"Snake Skull":13,"Bag of Preparation":124,"Dream Catcher":94,"Nunchaku":104,"Shovel":89,"Ninja Scroll":26,"Pantograph":72,"Philosopher\u0027s Stone":34,"Fusion Hammer":81,"Ring of the Snake":0,"Pear":115,"Oddly Smooth Stone":70,"The Courier":60,"Pen Nib":94,"Pandora\u0027s Box":0,"Bag of Marbles":115,"StrikeDummy":115,"FossilizedHelix":104,"Toy Ornithopter":115}],"Toy Ornithopter":15},"card_choices":[{"not_picked":["Sucker Punch","Prepared"],"picked":"Bane","floor":1.0},{"not_picked":["Backflip","Poisoned Stab"],"picked":"Blade Dance","floor":2.0},{"not_picked":["All Out Attack","Blur"],"picked":"Catalyst","floor":4.0},{"not_picked":["Cloak And Dagger","Quick Slash"],"picked":"Dagger Spray","floor":5.0},{"not_picked":["Infinite Blades","Prepared"],"picked":"Flying Knee","floor":6.0},{"not_picked":["Underhanded Strike","Dodge and Roll"],"picked":"Backflip","floor":10.0},{"not_picked":["Quick Slash","Dagger Spray"],"picked":"Backflip","floor":11.0},{"not_picked":["Backstab","Backflip"],"picked":"After Image","floor":12.0},{"not_picked":["Envenom","Accuracy"],"picked":"Blur","floor":13.0},{"not_picked":["Dagger Throw","All Out Attack"],"picked":"Crippling Poison","floor":14.0},{"not_picked":["Venomology","Envenom"],"picked":"Adrenaline","floor":16.0},{"not_picked":["Blade Dance","All Out Attack+1"],"picked":"Acrobatics+1","floor":18.0},{"not_picked":["Backstab","Acrobatics"],"picked":"PiercingWail+1","floor":20.0},{"not_picked":["Dagger Spray","PiercingWail"],"picked":"Caltrops+1","floor":21.0},{"not_picked":["Acrobatics","Reflex"],"picked":"Dodge and Roll+1","floor":22.0},{"not_picked":["Blade Dance+1","Eviscerate"],"picked":"Night Terror","floor":24.0},{"not_picked":["Finisher","Calculated Gamble+1"],"picked":"Escape Plan+1","floor":25.0},{"not_picked":["Escape Plan","Bane"],"picked":"Caltrops","floor":27.0},{"not_picked":["Underhanded Strike","Prepared"],"picked":"Dodge and Roll","floor":29.0},{"not_picked":["Blur","Grand Finale"],"picked":"Catalyst","floor":31.0},{"not_picked":["Doppelganger","Bullet Time"],"picked":"Night Terror","floor":33.0},{"not_picked":["Terror","Deadly Poison"],"picked":"Footwork+1","floor":35.0},{"not_picked":["Riddle With Holes+1","Bane+1"],"picked":"Caltrops+1","floor":36.0},{"not_picked":["Slice","Underhanded Strike"],"picked":"Tactician+1","floor":38.0},{"not_picked":["Dagger Spray","Dash"],"picked":"PiercingWail","floor":40.0},{"not_picked":["Purity","Blind"],"picked":"Metamorphosis","floor":42.0},{"not_picked":["Purity","Jack Of All Trades"],"picked":"Dark Shackles","floor":42.0},{"not_picked":["Flash of Steel","Blind"],"picked":"Panache","floor":42.0},{"not_picked":["Dodge and Roll+1","Dagger Throw"],"picked":"Leg Sweep","floor":45.0},{"not_picked":["Cloak And Dagger","Deadly Poison","Storm of Steel"],"picked":"Singing Bowl","floor":48.0},{"not_picked":["Infinite Blades","Underhanded Strike"],"picked":"PiercingWail","floor":54.0}],"player_experience":787338,"relics_obtained":[{"floor":6.0,"key":"CeramicFish"},{"floor":9.0,"key":"Snake Skull"},{"floor":10.0,"key":"Singing Bowl"},{"floor":13.0,"key":"Ninja Scroll"},{"floor":24.0,"key":"The Courier"},{"floor":26.0,"key":"Regal Pillow"},{"floor":31.0,"key":"Pantograph"},{"floor":36.0,"key":"Shovel"},{"floor":40.0,"key":"Lantern"},{"floor":41.0,"key":"Pen Nib"},{"floor":44.0,"key":"Dream Catcher"},{"floor":45.0,"key":"Mango"},{"floor":48.0,"key":"FossilizedHelix"},{"floor":49.0,"key":"Nunchaku"},{"floor":52.0,"key":"StrikeDummy"},{"floor":54.0,"key":"Bag of Preparation"}],"event_choices":[{"damage_healed":0.0,"max_hp_gain":0.0,"max_hp_loss":0.0,"gold_gain":0.0,"event_name":"The Woman in Blue","player_choice":"Bought 2 Potions","floor":3.0,"gold_loss":0.0,"damage_taken":0.0},{"damage_healed":0.0,"max_hp_gain":0.0,"max_hp_loss":0.0,"gold_gain":0.0,"cards_transformed":["Slice"],"event_name":"Transmorgrifier","player_choice":"Transformed","floor":8.0,"gold_loss":0.0,"damage_taken":0.0,"cards_obtained":["Malaise"]},{"cards_removed":["Adrenaline"],"damage_healed":0.0,"max_hp_gain":0.0,"max_hp_loss":0.0,"gold_gain":0.0,"event_name":"NoteForYourself","player_choice":"Took Card","floor":19.0,"gold_loss":0.0,"damage_taken":0.0,"cards_obtained":["Spot Weakness"]},{"damage_healed":0.0,"max_hp_gain":0.0,"max_hp_loss":0.0,"gold_gain":0.0,"event_name":"MindBloom","player_choice":"Fight","floor":36.0,"gold_loss":0.0,"damage_taken":0.0},{"cards_removed":["Phantasmal Killer"],"damage_healed":0.0,"max_hp_gain":10.0,"max_hp_loss":0.0,"gold_gain":0.0,"event_name":"Bonfire Elementals","player_choice":"Offered Rare","floor":37.0,"gold_loss":0.0,"damage_taken":0.0},{"damage_healed":0.0,"max_hp_gain":0.0,"max_hp_loss":4.0,"gold_gain":0.0,"event_name":"Winding Halls","player_choice":"Max HP","floor":39.0,"gold_loss":0.0,"damage_taken":0.0},{"damage_healed":0.0,"max_hp_gain":0.0,"max_hp_loss":0.0,"gold_gain":0.0,"event_name":"SensoryStone","player_choice":"Memory 3","floor":42.0,"gold_loss":0.0,"damage_taken":10.0},{"cards_removed":["Bane"],"damage_healed":0.0,"max_hp_gain":0.0,"max_hp_loss":0.0,"gold_gain":0.0,"event_name":"Falling","player_choice":"Removed Attack","floor":46.0,"gold_loss":0.0,"damage_taken":0.0},{"damage_healed":0.0,"max_hp_gain":0.0,"max_hp_loss":0.0,"gold_gain":0.0,"event_name":"Mysterious Sphere","player_choice":"Fight","floor":48.0,"gold_loss":0.0,"damage_taken":0.0}],"is_beta":false,"boss_relics":[{"not_picked":["Tiny House","Velvet Choker"],"picked":"Philosopher\u0027s Stone"},{"not_picked":["Astrolabe","Snecko Eye"],"picked":"Fusion Hammer"}],"items_purged_floors":[],"is_endless":false,"potions_floor_spawned":[2,6,10,11,13,14,22,24,25,33,35,36,48,54],"killed_by":"The Heart","ascension_level":9}}