{"host":"og6lam4kt3nibbw0","time":1610302451,"event":{"mods":["AchievementEnabler","BaseMod","Colored Map","DeckTracker","Highlight Path","Keyboard Shortcuts","Minty Spire (QoL Compilation)","Permanent Neow","Quick Restart","StSLib","SuperFastMode"],"gold_per_floor":[114,114,114,135,135,135,150,188,215,230,230,263,279,302,302,395,395,413,433,246,265,265,265,265],"floor_reached":23,"playtime":912,"items_purged":["Strike_P"],"score":456,"play_id":"3008682e-6850-42de-a49e-6a5b5972462a","local_time":"20210111031411","is_ascension_mode":true,"campfire_choices":[{"data":"Adaptation","floor":6.0,"key":"SMITH"},{"floor":11.0,"key":"REST"},{"data":"Eruption","floor":15.0,"key":"SMITH"}],"circlet_count":0,"master_deck":["AscendersBane","Strike_P","Strike_P","Strike_P","Defend_P","Defend_P","Defend_P","Defend_P","Eruption+1","Vigilance","Metamorphosis","Sanctity","Adaptation+1","FlurryOfBlows","InnerPeace","EmptyMind","TalkToTheHand","Crescendo","MentalFortress","Scrawl","Sanctity","Ghostly","Ghostly","Ghostly"],"relics":["PureWater","Golden Idol","Akabeko","Vajra","Damaru","Bronze Scales","Black Star"],"acts_visited":["Exordium","TheCity"],"potions_floor_usage":[],"damage_taken":[{"damage":2.0,"enemies":"Jaw Worm","floor":1.0,"turns":3.0},{"damage":4.0,"enemies":"2 Louse","floor":4.0,"turns":3.0},{"damage":0.0,"enemies":"Cultist","floor":7.0,"turns":2.0},{"damage":0.0,"enemies":"Lagavulin","floor":8.0,"turns":4.0},{"damage":22.0,"enemies":"Exordium Thugs","floor":10.0,"turns":5.0},{"damage":12.0,"enemies":"3 Sentries","floor":12.0,"turns":4.0},{"damage":4.0,"enemies":"Blue Slaver","floor":13.0,"turns":4.0},{"damage":1.0,"enemies":"2 Fungi Beasts","floor":14.0,"turns":2.0},{"damage":5.0,"enemies":"The Guardian","floor":16.0,"turns":7.0},{"damage":16.0,"enemies":"Shell Parasite","floor":18.0,"turns":2.0},{"damage":9.0,"enemies":"3 Byrds","floor":19.0,"turns":3.0},{"damage":18.0,"enemies":"Snecko","floor":21.0,"turns":3.0},{"damage":0,"enemies":"Slavers","floor":23,"turns":4}],"seed_played":"3748493232806800302","potions_obtained":[{"floor":1.0,"key":"ColorlessPotion"},{"floor":4.0,"key":"Strength Potion"},{"floor":8.0,"key":"Regen Potion"},{"floor":12.0,"key":"Block Potion"},{"floor":14.0,"key":"DuplicationPotion"},{"floor":16.0,"key":"Explosive Potion"}],"is_trial":false,"path_per_floor":["M","?","?","M","?","R","M","E","T","M","R","E","M","M","R","B",null,"M","M","$","M","?","E"],"character_chosen":"WATCHER","items_purchased":["FearPotion","Fire Potion"],"campfire_rested":1,"item_purchase_floors":[20,20],"current_hp_per_floor":[59,56,38,34,34,34,34,34,34,12,28,25,21,20,20,15,46,30,21,21,3,3,3,3],"gold":265,"neow_bonus":"RANDOM_COLORLESS_2","is_daily":false,"chose_seed":false,"campfire_upgraded":2,"win_rate":0.0,"timestamp":1610302451,"path_taken":["M","?","?","M","?","R","M","E","T","?","R","E","M","M","R","BOSS","M","M","$","M","?","E"],"items_purchased_type":["Potion","Potion"],"build_version":"2020-12-22","purchased_purges":1,"victory":false,"max_hp_per_floor":[62,56,56,56,56,56,56,56,56,56,56,56,56,56,56,56,56,56,56,56,56,28,28,28],"card_choices":[{"not_picked":["Secret Technique","Sadistic Nature"],"picked":"Metamorphosis","floor":0.0},{"not_picked":["LikeWater","Protect"],"picked":"Sanctity","floor":1.0},{"not_picked":["BowlingBash","WindmillStrike"],"picked":"Adaptation","floor":4.0},{"not_picked":["Collect","SignatureMove"],"picked":"EmptyMind","floor":7.0},{"not_picked":["SashWhip","FlyingSleeves"],"picked":"TalkToTheHand","floor":8.0},{"not_picked":["DeceiveReality","EmptyBody","PathToVictory"],"picked":"SKIP","floor":10.0},{"not_picked":["FlurryOfBlows","Judgement"],"picked":"Crescendo","floor":12.0},{"not_picked":["FlurryOfBlows","Weave","Evaluate"],"picked":"SKIP","floor":13.0},{"not_picked":["Conclude","Nirvana"],"picked":"MentalFortress","floor":14.0},{"not_picked":["DevaForm","Judgement"],"picked":"Scrawl","floor":16.0},{"not_picked":["FlurryOfBlows","CutThroughFate","ForeignInfluence"],"picked":"SKIP","floor":18.0},{"not_picked":["EmptyFist","SignatureMove"],"picked":"Sanctity","floor":19.0},{"not_picked":["WaveOfTheHand","ThirdEye","EmptyFist+1"],"picked":"SKIP","floor":21.0}],"player_experience":846979,"relics_obtained":[{"floor":8.0,"key":"Vajra"},{"floor":9.0,"key":"Damaru"},{"floor":12.0,"key":"Bronze Scales"}],"event_choices":[{"damage_healed":0.0,"max_hp_gain":0.0,"max_hp_loss":6.0,"gold_gain":0.0,"event_name":"Golden Idol","player_choice":"Lose Max HP","floor":2.0,"gold_loss":0.0,"damage_taken":0.0,"relics_obtained":["Golden Idol"]},{"damage_healed":0.0,"max_hp_gain":0.0,"max_hp_loss":0.0,"gold_gain":0.0,"event_name":"Scrap Ooze","player_choice":"Success","floor":3.0,"gold_loss":0.0,"damage_taken":18.0,"relics_obtained":["Akabeko"]},{"damage_healed":0.0,"max_hp_gain":0.0,"max_hp_loss":0.0,"gold_gain":0.0,"event_name":"Match and Keep!","player_choice":"2 cards matched","floor":5.0,"gold_loss":0.0,"damage_taken":0.0,"cards_obtained":["FlurryOfBlows","InnerPeace"]},{"damage_healed":0.0,"max_hp_gain":0.0,"max_hp_loss":28.0,"gold_gain":0.0,"event_name":"Ghosts","player_choice":"Became a Ghost","floor":22.0,"gold_loss":0.0,"damage_taken":0.0,"cards_obtained":["Ghostly","Ghostly","Ghostly"]}],"is_beta":false,"boss_relics":[{"not_picked":["Velvet Choker","Fusion Hammer"],"picked":"Black Star"}],"items_purged_floors":[20],"is_endless":false,"potions_floor_spawned":[1,4,8,12,14,16],"killed_by":"Slavers","ascension_level":20}}