{"host":"Sean","time":1610321856,"event":{"mods":["BaseMod","Block Reminder","Colored Map","Colored Powertips","Highlight Path","Minty Spire (QoL Compilation)","Permanent Neow","Relic Stats"],"gold_per_floor":[114,128,128,140,159,159,194,206,230,274,286,324,392,404,404],"floor_reached":14,"playtime":796,"items_purged":[],"score":125,"play_id":"f6da2b77-aa5b-40af-b212-d4743eba696a","local_time":"20210110233736","is_ascension_mode":true,"campfire_choices":[{"data":"Multi-Cast","floor":6.0,"key":"SMITH"},{"data":"Coolheaded","floor":11,"key":"SMITH"}],"circlet_count":0,"master_deck":["Strike_B","Strike_B","Strike_B","Strike_B","Defend_B","Defend_B","Defend_B","Defend_B","Zap","Dualcast+1","Skim","Rebound","Multi-Cast+1","Ball Lightning","Coolheaded+1","Conserve Battery","Conserve Battery"],"relics":["Cracked Core","Lantern","Bag of Marbles","MawBank","DataDisk","PreservedInsect","Ancient Tea Set"],"acts_visited":["Exordium"],"potions_floor_usage":[13,13,14],"damage_taken":[{"damage":5.0,"enemies":"2 Louse","floor":1.0,"turns":2.0},{"damage":0.0,"enemies":"Cultist","floor":2.0,"turns":2.0},{"damage":2.0,"enemies":"Jaw Worm","floor":4.0,"turns":3.0},{"damage":6.0,"enemies":"Looter","floor":5.0,"turns":2.0},{"damage":25.0,"enemies":"Lagavulin","floor":7.0,"turns":7.0},{"damage":8.0,"enemies":"Blue Slaver","floor":8.0,"turns":2.0},{"damage":12.0,"enemies":"Gremlin Nob","floor":10.0,"turns":3.0},{"damage":14,"enemies":"3 Sentries","floor":13,"turns":6},{"damage":20,"enemies":"Lagavulin","floor":14,"turns":3}],"seed_played":"3624723883274337083","potions_obtained":[{"floor":1.0,"key":"Ancient Potion"},{"floor":4.0,"key":"Swift Potion"},{"floor":5.0,"key":"Block Potion"},{"floor":10,"key":"AttackPotion"},{"floor":13,"key":"Regen Potion"}],"is_trial":false,"path_per_floor":["M","M","?","M","M","R","E","M","T","E","R","T","?","E"],"character_chosen":"DEFECT","items_purchased":[],"campfire_rested":0,"item_purchase_floors":[],"current_hp_per_floor":[70,70,70,68,62,62,37,29,29,17,17,17,3,0,0],"gold":404,"neow_bonus":"UPGRADE_CARD","is_daily":false,"chose_seed":false,"campfire_upgraded":2,"win_rate":0.0,"timestamp":1610321856,"path_taken":["M","M","?","?","M","R","E","M","T","E","R","?","?","E"],"items_purchased_type":[],"build_version":"2020-12-18","purchased_purges":0,"victory":false,"max_hp_per_floor":[75,75,75,75,75,75,75,75,75,75,75,75,75,75,75],"relic_stats":{"counters":[9,30],"PreservedInsect":59,"MawBank":60,"obtain_stats":[{"Lantern":3,"DataDisk":10,"PreservedInsect":12,"Bag of Marbles":7,"Cracked Core":0,"MawBank":9,"Ancient Tea Set":13},{"Lantern":2,"DataDisk":7,"PreservedInsect":7,"Bag of Marbles":5,"Cracked Core":0,"MawBank":6,"Ancient Tea Set":8},{"Lantern":4,"DataDisk":21,"PreservedInsect":21,"Bag of Marbles":16,"Cracked Core":0,"MawBank":18,"Ancient Tea Set":27}]},"card_choices":[{"not_picked":["Fusion","Leap"],"picked":"Gash","floor":1.0},{"not_picked":["Force Field","Double Energy"],"picked":"Skim","floor":2.0},{"not_picked":["Defragment","Hologram"],"picked":"Rebound","floor":4.0},{"not_picked":["Beam Cell","Compile Driver"],"picked":"Multi-Cast","floor":5.0},{"not_picked":["Scrape","Barrage"],"picked":"Ball Lightning","floor":7.0},{"not_picked":["Aggregate","Cold Snap"],"picked":"Coolheaded","floor":8.0},{"not_picked":["Aggregate","Fusion"],"picked":"Conserve Battery","floor":10},{"not_picked":["Storm","Barrage"],"picked":"Conserve Battery","floor":13}],"player_experience":419374,"relics_obtained":[{"floor":7.0,"key":"Bag of Marbles"},{"floor":9.0,"key":"MawBank"},{"floor":10,"key":"DataDisk"},{"floor":12,"key":"PreservedInsect"},{"floor":13,"key":"Ancient Tea Set"}],"event_choices":[{"cards_removed":["Gash"],"damage_healed":0.0,"max_hp_gain":0.0,"max_hp_loss":0.0,"gold_gain":0.0,"event_name":"WeMeetAgain","player_choice":"Gave Card","floor":3.0,"gold_loss":0.0,"damage_taken":0.0,"relics_obtained":["Lantern"]},{"damage_healed":0,"gold_gain":30,"player_choice":"Searched \u00272\u0027 times","damage_taken":0,"max_hp_gain":0,"max_hp_loss":0,"event_name":"Dead Adventurer","floor":13,"gold_loss":0}],"is_beta":true,"boss_relics":[],"items_purged_floors":[],"is_endless":false,"potions_floor_spawned":[1,4,5,10,13],"killed_by":"Lagavulin","ascension_level":5}}