{"host":"h4390p13uu6iw1q5","time":1610258143,"event":{"mods":["BaseMod","Colored Map","Minty Spire (QoL Compilation)"],"gold_per_floor":[113,38,38,56,56,56,76,91,167,186,186,186,215,233,233,233,233],"floor_reached":16,"playtime":487,"items_purged":["Strike_P"],"score":158,"play_id":"71a8c7c8-ef8c-4d28-92d6-f3f74eaf9151","local_time":"20210110005543","is_ascension_mode":true,"campfire_choices":[{"data":"Ragnarok","floor":6,"key":"SMITH"},{"floor":12,"key":"REST"},{"floor":15,"key":"REST"}],"circlet_count":0,"master_deck":["AscendersBane","Strike_P","Strike_P","Strike_P","Defend_P","Defend_P","Defend_P","Defend_P","Eruption","Vigilance","CurseOfTheBell","Ragnarok+1","Wallop","TalkToTheHand","Protect","Conclude","Crescendo"],"relics":["Calling Bell","Toy Ornithopter","HornCleat","Thread and Needle","Strawberry","Mummified Hand","Bottled Flame"],"acts_visited":["Exordium"],"potions_floor_usage":[13,13,13,13,16],"damage_taken":[{"damage":0,"enemies":"Small Slimes","floor":1,"turns":4},{"damage":0,"enemies":"Cultist","floor":4,"turns":3},{"damage":0,"enemies":"2 Louse","floor":7,"turns":1},{"damage":14,"enemies":"Lots of Slimes","floor":8,"turns":4},{"damage":0,"enemies":"Blue Slaver","floor":10,"turns":6},{"damage":16,"enemies":"3 Sentries","floor":13,"turns":5},{"damage":0,"enemies":"Looter","floor":14,"turns":3},{"damage":74,"enemies":"Slime Boss","floor":16,"turns":6}],"seed_played":"-7942940330391762947","potions_obtained":[{"floor":4,"key":"Strength Potion"},{"floor":8,"key":"SpeedPotion"},{"floor":11,"key":"EntropicBrew"},{"floor":11,"key":"AttackPotion"},{"floor":14,"key":"Swift Potion"}],"is_trial":false,"path_per_floor":["M","$","?","M","?","R","M","M","T","M","?","R","E","M","R","B"],"character_chosen":"WATCHER","items_purchased":[],"campfire_rested":2,"item_purchase_floors":[],"current_hp_per_floor":[65,65,65,65,20,20,20,6,6,6,6,29,33,33,56,0,0],"gold":233,"neow_bonus":"BOSS_RELIC","is_daily":false,"chose_seed":false,"campfire_upgraded":1,"win_rate":0.0,"timestamp":1610258143,"path_taken":["M","$","?","?","?","R","M","M","T","M","?","R","E","M","R","BOSS"],"items_purchased_type":[],"build_version":"2020-12-22","purchased_purges":1,"victory":false,"max_hp_per_floor":[72,72,72,72,79,79,79,79,79,79,79,79,79,79,79,79,79],"card_choices":[{"not_picked":["Halt","EmptyFist"],"picked":"Ragnarok","floor":1},{"not_picked":["Crescendo","CrushJoints"],"picked":"Wallop","floor":4},{"not_picked":["PathToVictory","EmptyBody"],"picked":"TalkToTheHand","floor":7},{"not_picked":["CrushJoints","CutThroughFate"],"picked":"Protect","floor":8},{"not_picked":["Prostrate","DeceiveReality","Protect"],"picked":"SKIP","floor":10},{"not_picked":["Consecrate","Wish","Conclude"],"picked":"SKIP","floor":13},{"not_picked":["Consecrate","Wish"],"picked":"Conclude","floor":13},{"not_picked":["Perseverance","CrushJoints"],"picked":"Crescendo","floor":14}],"player_experience":2431682,"relics_obtained":[{"floor":0,"key":"Toy Ornithopter"},{"floor":0,"key":"HornCleat"},{"floor":0,"key":"Thread and Needle"},{"floor":9,"key":"Mummified Hand"},{"floor":13,"key":"Bottled Flame"}],"event_choices":[{"damage_healed":0,"gold_gain":0,"player_choice":"Ignored","damage_taken":0,"max_hp_gain":0,"max_hp_loss":0,"event_name":"WeMeetAgain","floor":3,"gold_loss":0},{"damage_healed":0,"gold_gain":0,"player_choice":"Success","damage_taken":52,"relics_obtained":["Strawberry"],"max_hp_gain":0,"max_hp_loss":0,"event_name":"Scrap Ooze","floor":5,"gold_loss":0},{"damage_healed":0,"gold_gain":0,"player_choice":"Got Potions","damage_taken":0,"max_hp_gain":0,"max_hp_loss":0,"event_name":"Lab","floor":11,"gold_loss":0}],"is_beta":false,"boss_relics":[],"items_purged_floors":[2],"is_endless":false,"potions_floor_spawned":[4,8,13,14],"killed_by":"Slime Boss","ascension_level":11}}