{"host":"c7y19xegjhmhlks5","time":1610267197,"event":{"mods":["AchievementEnabler","BaseMod","Better Note","Block Reminder","Colored Map","Downfall","Highlight Path","Infinite Spire","Minty Spire (QoL Compilation)","Replay The Spire","StSLib","everything is the same but u backflip on backflip"],"gold_per_floor":[99,119,131,146,246,171,171,171,96,110,15,43,43,72,89,191,191,116,116,134,134,234,259,284,234,234,234,234,248,5,40,50,152,152,152,164,13,113,131,145,196,196,206,206,206,206,216,230,244,244,244,277,1,1,1],"floor_reached":56,"playtime":7798,"items_purged":["Pride"],"score":1275,"play_id":"c6aedd61-1449-4c4c-960e-982b910b0b42","local_time":"20210110032637","is_ascension_mode":false,"campfire_choices":[{"floor":1.0,"key":"RECALL"},{"data":"sneckomod:TrashToTreasure","floor":6.0,"key":"SMITH"},{"data":"sneckomod:MasterEye","floor":9.0,"key":"SMITH"},{"floor":13.0,"key":"REST"},{"data":"sneckomod:SoulCleanse","floor":18,"key":"SMITH"},{"data":"sneckomod:SnakeSap","floor":26,"key":"SMITH"},{"floor":28,"key":"REST"},{"data":"sneckomod:QuickBite","floor":35,"key":"SMITH"},{"data":"sneckomod:UnknownRareSkill","floor":42,"key":"SMITH"},{"floor":45,"key":"REST"},{"data":"infinitespire:UltimateForm","floor":54,"key":"SMITH"}],"circlet_count":0,"master_deck":["sneckomod:Strike","sneckomod:Strike","sneckomod:Strike","sneckomod:Defend","sneckomod:Defend","sneckomod:Defend","sneckomod:TailWhip+1","sneckomod:SnekBite","sneckomod:Unknown","sneckomod:Unknown","sneckomod:UnknownClassSLIMEBOUND","sneckomod:TrashToTreasure+1","sneckomod:QuickBite","sneckomod:MasterEye+1","Slimebound:SplitBruiser","sneckomod:Restock","sneckomod:Nope","sneckomod:UnknownRareSkill+1","sneckomod:SoulCleanse+1","sneckomod:SnakeSap+1","sneckomod:QuickBite+1","sneckomod:SerpentMind","sneckomod:CheapStock+1","sneckomod:UnknownStrike","Pot Of Greed","Pot Of Greed","Pot Of Greed","RitualDagger","sneckomod:SoulExchange","sneckomod:UnknownVulnerable+1","sneckomod:UnknownClassINFINITE_BLACK","sneckomod:UnknownBlock","sneckomod:Mudshield","sneckomod:IronFang+1","sneckomod:DefensiveFlair+1","sneckomod:DiceBlock+1","sneckomod:UnknownClassBLUE+1","infinitespire:TheBestDefense","Pot Of Greed","infinitespire:UltimateForm+1","sneckomod:QuickMove","sneckomod:SoulDraw","sneckomod:UnknownEthereal+1","sneckomod:SerpentIdol+1","sneckomod:UnknownRareAttack","sneckomod:UnknownClassTHE_CHAMP_GRAY","sneckomod:UnknownClassTHE_CHAMP_GRAY","sneckomod:MasterEye"],"relics":["sneckomod:SneckoSoul","downfall:HeartBlessingRed","downfall:HeartBlessingBlue","Replay:Wax Seal","Potion Belt","Sundial","Replay:Bronze Core","downfall:HeartBlessingGreen","infinitespire:CursedDice","Grinning Jar","sneckomod:LoadedDie","Pondfish Scales","Honey Jar","Strange Spoon","Replay:Mystery Machine","Busted Crown","Mirror","Art of War"],"acts_visited":["Exordium","TheCity","TheBeyond","TheEnding"],"potions_floor_usage":[23,33,55,55,55],"damage_taken":[{"damage":3.0,"enemies":"Jaw Worm","floor":2.0,"turns":4.0},{"damage":0.0,"enemies":"Small Slimes","floor":3.0,"turns":2.0},{"damage":4.0,"enemies":"Cultist","floor":4.0,"turns":3.0},{"damage":14.0,"enemies":"2 Fungi Beasts","floor":10.0,"turns":3.0},{"damage":13.0,"enemies":"downfall:FleeingMerchant","floor":11.0,"turns":4.0},{"damage":25.0,"enemies":"Replay:BlueRogue","floor":12.0,"turns":6.0},{"damage":37.0,"enemies":"Lagavulin","floor":14.0,"turns":4.0},{"damage":15.0,"enemies":"Exordium Wildlife","floor":15.0,"turns":3.0},{"damage":10.0,"enemies":"downfall:Watcher","floor":16.0,"turns":4.0},{"damage":0,"enemies":"Chosen","floor":20,"turns":3},{"damage":67,"enemies":"Slavers","floor":23,"turns":6},{"damage":39,"enemies":"Spheric Guardian","floor":29,"turns":4},{"damage":19,"enemies":"downfall:FleeingMerchant","floor":30,"turns":5},{"damage":14,"enemies":"downfall:FleeingMerchant","floor":31,"turns":3},{"damage":10,"enemies":"Snake Plant","floor":32,"turns":4},{"damage":19,"enemies":"downfall:Defect","floor":33,"turns":5},{"damage":4,"enemies":"Orb Walker","floor":36,"turns":2},{"damage":10,"enemies":"3 Shapes","floor":39,"turns":4},{"damage":23,"enemies":"Writhing Mass","floor":40,"turns":5},{"damage":9,"enemies":"4 Shapes","floor":43,"turns":5},{"damage":4,"enemies":"Maw","floor":47,"turns":5},{"damage":0,"enemies":"Transient","floor":48,"turns":5},{"damage":4,"enemies":"Writhing Mass","floor":49,"turns":4},{"damage":40,"enemies":"downfall:Silent","floor":50,"turns":5},{"damage":6,"enemies":"downfall:CharBossMerchant","floor":52,"turns":3},{"damage":19,"enemies":"downfall:NeowBoss","floor":55,"turns":13}],"seed_played":"8918640293277680526","potions_obtained":[{"floor":4.0,"key":"sneckomod:MuddlingPotion"},{"floor":10.0,"key":"sneckomod:OffclassReductionPotion"},{"floor":15.0,"key":"Strength Potion"},{"floor":16.0,"key":"FearPotion"},{"floor":29,"key":"PowerPotion"},{"floor":32,"key":"FearPotion"},{"floor":33,"key":"Elixir"},{"floor":40,"key":"champ:CounterPotion"},{"floor":43,"key":"champ:CounterPotion"},{"floor":47,"key":"Block Potion"}],"is_trial":false,"path_per_floor":["R","M","M","M","?","R","T","?","R","M","$","E","R","E","M","B",null,"R","?","M","?","?","E","T","?","R","?","R","M","$","$","M","B",null,"R","M","$","?","M","M","T","R","M","?","R","AVR","M","M","M","B",null,"E","$","R","B",null],"character_chosen":"THE_SNECKO","items_purchased":["Replay:Wax Seal","sneckomod:LoadedDie","Pondfish Scales","Strange Spoon","sneckomod:UnknownRareAttack","sneckomod:UnknownClassTHE_CHAMP_GRAY","sneckomod:MasterEye"],"campfire_rested":3,"item_purchase_floors":[11,30,31,37,53,53,53],"current_hp_per_floor":[99,97,97,97,97,97,97,97,107,99,95,70,103,78,63,64,111,111,111,111,111,111,49,49,87,87,81,112,96,82,69,64,49,115,115,115,115,115,105,90,90,90,86,57,91,91,91,91,94,58,117,111,114,114,115],"gold":1,"neow_bonus":"TEN_PERCENT_HP_BONUS","is_daily":false,"chose_seed":false,"campfire_upgraded":7,"win_rate":0.0,"timestamp":1610267197,"path_taken":["R","M","M","M","?","R","T","?","R","?","$","E","R","E","M","BOSS","R","?","M","?","?","E","T","?","R","?","R","M","?","$","M","BOSS","R","M","$","?","M","?","T","R","M","?","R","AVR","M","M","M","BOSS","E","$","R","BOSS"],"items_purchased_type":["Relic","Relic","Relic","Relic","Card","Card","Card"],"build_version":"2020-12-22","purchased_purges":1,"victory":true,"max_hp_per_floor":[99,100,100,100,100,100,100,100,110,110,111,111,111,111,111,111,111,111,111,111,111,111,112,112,112,112,112,112,112,113,114,115,115,115,115,115,115,115,115,115,115,115,116,116,116,116,116,116,117,117,117,117,120,120,120],"card_choices":[{"not_picked":["sneckomod:SoulRoll","sneckomod:UnknownVulnerable"],"picked":"sneckomod:UnknownClassSLIMEBOUND","floor":2.0},{"not_picked":["sneckomod:UnknownCommonSkill","sneckomod:UnknownBlock"],"picked":"sneckomod:TrashToTreasure","floor":3.0},{"not_picked":["sneckomod:DiceBlock","sneckomod:DiceCrush"],"picked":"sneckomod:QuickBite","floor":4.0},{"not_picked":["sneckomod:Unknown1Cost","sneckomod:QuickBite"],"picked":"sneckomod:Nope","floor":10.0},{"not_picked":["sneckomod:UnknownUncommonSkill","sneckomod:UnknownWeak"],"picked":"sneckomod:UnknownRareSkill","floor":11.0},{"not_picked":["sneckomod:UnknownUncommonSkill","sneckomod:RainOfDice"],"picked":"sneckomod:SoulCleanse","floor":12.0},{"not_picked":["sneckomod:IronFang","sneckomod:UnknownClassRED"],"picked":"sneckomod:SnakeSap","floor":14.0},{"not_picked":["sneckomod:SnakeSap","sneckomod:DiceBlock"],"picked":"sneckomod:QuickBite","floor":15.0},{"not_picked":["sneckomod:DangerNoodle","sneckomod:UnknownRareSkill"],"picked":"sneckomod:SerpentMind","floor":16.0},{"not_picked":["sneckomod:UnknownCommonSkill","sneckomod:UnknownX+1"],"picked":"sneckomod:CheapStock+1","floor":20},{"not_picked":["sneckomod:SoulRoll","sneckomod:WideSting"],"picked":"sneckomod:UnknownStrike","floor":23},{"not_picked":["sneckomod:TrashToTreasure","sneckomod:UnknownCommonSkill"],"picked":"sneckomod:SoulExchange","floor":29},{"not_picked":["sneckomod:UnknownX","sneckomod:SoulRoll"],"picked":"sneckomod:UnknownVulnerable+1","floor":30},{"not_picked":["sneckomod:SoulDraw+1","sneckomod:UnknownUncommonPower+1"],"picked":"sneckomod:UnknownClassINFINITE_BLACK","floor":31},{"not_picked":["sneckomod:UnknownWeak","sneckomod:UnknownExhaust"],"picked":"sneckomod:UnknownBlock","floor":32},{"not_picked":["sneckomod:Restock","sneckomod:DangerNoodle"],"picked":"sneckomod:Mudshield","floor":33},{"not_picked":["sneckomod:DiceCrush","sneckomod:QuickBite","sneckomod:SoulRoll+1"],"picked":"sneckomod:IronFang+1","floor":36},{"not_picked":["sneckomod:UnknownBlock","sneckomod:SlitherStrike","sneckomod:DiceBlock"],"picked":"sneckomod:DefensiveFlair+1","floor":39},{"not_picked":["sneckomod:IronFang+1","sneckomod:UnknownVulnerable+1","sneckomod:UnknownClassHEXA_GHOST_PURPLE"],"picked":"sneckomod:DiceBlock+1","floor":40},{"not_picked":["sneckomod:UnknownX+1","sneckomod:DiceBlock+1","sneckomod:IronFang+1"],"picked":"sneckomod:UnknownClassBLUE+1","floor":43},{"not_picked":["infinitespire:Gouge","Replay:Fractal Strike"],"picked":"infinitespire:TheBestDefense","floor":44},{"not_picked":["sneckomod:SoulRoll"],"picked":"sneckomod:QuickMove","floor":47},{"not_picked":["sneckomod:UnknownBlock"],"picked":"sneckomod:SoulDraw","floor":48},{"not_picked":["sneckomod:ImprovisedAttack"],"picked":"sneckomod:UnknownEthereal+1","floor":49},{"not_picked":["sneckomod:Unknown2Cost"],"picked":"sneckomod:SerpentIdol+1","floor":52}],"player_experience":598529,"relics_obtained":[{"floor":12.0,"key":"Potion Belt"},{"floor":14.0,"key":"Sundial"},{"floor":23,"key":"infinitespire:CursedDice"},{"floor":24,"key":"Grinning Jar"},{"floor":41,"key":"Replay:Mystery Machine"},{"floor":52,"key":"Art of War"}],"event_choices":[{"cards_removed":["sneckomod:Strike"],"damage_healed":0,"gold_gain":0,"player_choice":"Give","damage_taken":0,"max_hp_gain":0,"max_hp_loss":0,"event_name":"betterNote:BetterNote","floor":19,"gold_loss":0,"cards_obtained":["Slimebound:Defend_Slimebound"]},{"damage_healed":0,"gold_gain":0,"player_choice":"Ignored","damage_taken":0,"max_hp_gain":0,"max_hp_loss":0,"event_name":"Ghosts","floor":21,"gold_loss":0}],"is_beta":false,"boss_relics":[{"not_picked":["Astrolabe","Calling Bell"],"picked":"Replay:Bronze Core"},{"not_picked":["Pandora\u0027s Box","Runic Pyramid"],"picked":"Honey Jar"}],"items_purged_floors":[30],"is_endless":false,"potions_floor_spawned":[4,10,15,16,29,32,33,40,43,47],"ascension_level":0}}