{"host":"s41rn2jhghpwfrvz","time":1610276562,"event":{"mods":["BaseMod","Minty Spire (QoL Compilation)","Quick Restart","Relic Stats","SuperFastMode"],"gold_per_floor":[116,136,152,77,95,125,125,150,150,162,162,24,40,52,52,126,126,137,151,163,177,192,222,222,256,279,279,279,310,323,335,335,417,417,431,447,459,476,494,1493,1493,1521,1591,1618,1665,668,668,678,678,678,678,678,678,23,57,57],"floor_reached":57,"playtime":1497,"items_purged":["Calculated Gamble","Heatsinks+1"],"score":3330,"play_id":"f86991bb-6dbd-41b4-90af-f7541b919f3f","local_time":"20210110130242","daily_mods":["SealedDeck","Vintage","Diverse"],"is_ascension_mode":true,"campfire_choices":[{"data":"Pommel Strike","floor":7,"key":"SMITH"},{"data":"Acrobatics","floor":11,"key":"SMITH"},{"data":"Shrug It Off","floor":15,"key":"SMITH"},{"floor":24,"key":"RECALL"},{"data":"Conserve Battery","floor":28,"key":"SMITH"},{"data":"Evolve","floor":32,"key":"SMITH"},{"data":"Heatsinks","floor":41,"key":"SMITH"},{"floor":47,"key":"REST"},{"floor":49,"key":"REST"},{"floor":53,"key":"REST"}],"circlet_count":0,"master_deck":["AscendersBane","Conserve Battery+1","Beam Cell+1","PiercingWail+1","Gash+1","Pommel Strike+1","Evolve+1","Acrobatics+1","Shrug It Off+1","Gash+1","Offering+1","Impatience+1","Master of Strategy+1","Panacea+1"],"relics":["Burning Blood","Akabeko","Pocketwatch","Darkstone Periapt","Tiny Chest","Juzu Bracelet","Pantograph","The Courier","Toxic Egg 2","ClockworkSouvenir","Omamori","Calling Bell","Smiling Mask","Singing Bowl","Pen Nib","CeramicFish","Art of War","Ginger","Boot","PreservedInsect","Whetstone","War Paint","Bag of Preparation","Self Forming Clay","Runic Pyramid","Gremlin Horn","Letter Opener","Shuriken","StrikeDummy","StoneCalendar","Strawberry","Frozen Egg 2","Turnip","Ice Cream","Nunchaku","Blood Vial","Vajra","Centennial Puzzle","Champion Belt","MealTicket","Medical Kit","Lantern","Bag of Marbles","HornCleat","Anchor"],"acts_visited":["Exordium","TheCity","TheBeyond","TheEnding"],"potions_floor_usage":[25,56,56],"damage_taken":[{"damage":0,"enemies":"Cultist","floor":1,"turns":4},{"damage":0,"enemies":"Jaw Worm","floor":2,"turns":4},{"damage":3,"enemies":"Small Slimes","floor":3,"turns":3},{"damage":0,"enemies":"Exordium Wildlife","floor":5,"turns":3},{"damage":13,"enemies":"3 Sentries","floor":6,"turns":6},{"damage":1,"enemies":"Gremlin Nob","floor":8,"turns":3},{"damage":1,"enemies":"Gremlin Gang","floor":10,"turns":3},{"damage":4,"enemies":"3 Louse","floor":13,"turns":3},{"damage":6,"enemies":"Exordium Thugs","floor":14,"turns":4},{"damage":5,"enemies":"Hexaghost","floor":16,"turns":5},{"damage":0,"enemies":"3 Byrds","floor":18,"turns":4},{"damage":0,"enemies":"2 Thieves","floor":19,"turns":3},{"damage":8,"enemies":"Sentry and Sphere","floor":20,"turns":5},{"damage":6,"enemies":"Snake Plant","floor":21,"turns":4},{"damage":14,"enemies":"Shelled Parasite and Fungi","floor":22,"turns":5},{"damage":9,"enemies":"Gremlin Leader","floor":23,"turns":5},{"damage":22,"enemies":"Slavers","floor":25,"turns":4},{"damage":0,"enemies":"Gremlin Leader","floor":29,"turns":3},{"damage":0,"enemies":"Centurion and Healer","floor":30,"turns":4},{"damage":4,"enemies":"Chosen and Byrds","floor":31,"turns":4},{"damage":2,"enemies":"Collector","floor":33,"turns":4},{"damage":6,"enemies":"3 Shapes","floor":35,"turns":2},{"damage":6,"enemies":"Orb Walker","floor":36,"turns":2},{"damage":6,"enemies":"4 Shapes","floor":37,"turns":1},{"damage":6,"enemies":"Writhing Mass","floor":38,"turns":3},{"damage":6,"enemies":"Maw","floor":39,"turns":3},{"damage":6,"enemies":"Reptomancer","floor":42,"turns":1},{"damage":6,"enemies":"Nemesis","floor":44,"turns":1},{"damage":6,"enemies":"2 Orb Walkers","floor":45,"turns":1},{"damage":6,"enemies":"4 Shapes","floor":48,"turns":1},{"damage":6,"enemies":"Time Eater","floor":50,"turns":3},{"damage":6,"enemies":"Donu and Deca","floor":51,"turns":1},{"damage":6,"enemies":"Shield and Spear","floor":55,"turns":1},{"damage":17,"enemies":"The Heart","floor":56,"turns":4}],"seed_played":"923346818525044316","potions_obtained":[{"floor":2,"key":"FearPotion"},{"floor":5,"key":"Regen Potion"},{"floor":14,"key":"PowerPotion"},{"floor":20,"key":"Swift Potion"},{"floor":29,"key":"Swift Potion"},{"floor":38,"key":"SteroidPotion"}],"is_trial":true,"path_per_floor":["M","M","M","$","M","E","R","E","T","M","R","$","M","M","R","B",null,"M","M","M","M","M","E","R","E","T","?","R","E","M","M","R","B",null,"M","M","M","M","M","?","R","E","T","E","?","$","R","M","R","B","B",null,"R","$","E","B",null],"character_chosen":"IRONCLAD","items_purchased":["ClockworkSouvenir","Nunchaku","Blood Vial","Vajra","Centennial Puzzle","Champion Belt","Impatience+1","Master of Strategy+1","Medical Kit","Lantern","Bag of Marbles","HornCleat","Panacea+1"],"campfire_rested":3,"item_purchase_floors":[12,46,46,46,46,46,46,46,54,54,54,54,54],"current_hp_per_floor":[74,75,75,75,75,68,68,73,73,75,75,75,75,75,75,75,75,75,75,73,73,65,64,64,48,48,26,26,34,40,42,42,71,81,81,81,81,81,81,81,81,90,90,92,94,94,97,97,97,97,97,97,97,97,99,88],"gold":57,"neow_bonus":"","is_daily":false,"chose_seed":false,"campfire_upgraded":6,"win_rate":0.0,"timestamp":1610276562,"path_taken":["M","M","M","$","M","E","R","E","T","M","R","$","M","M","R","BOSS","M","M","M","M","M","E","R","E","T","?","R","E","M","M","R","BOSS","M","M","M","M","M","?","R","E","T","E","?","$","R","M","R","BOSS","BOSS","R","$","E","BOSS"],"items_purchased_type":["Relic","Relic","Relic","Relic","Relic","Relic","Card","Card","Relic","Relic","Relic","Relic","Card"],"build_version":"2020-12-22","purchased_purges":2,"victory":true,"max_hp_per_floor":[75,75,75,75,75,75,75,75,75,75,75,75,75,75,75,75,75,75,75,75,75,75,77,77,77,77,82,82,84,84,84,84,84,84,84,84,84,84,84,84,84,93,93,95,97,97,97,97,97,97,97,97,97,97,99,99],"relic_stats":{"Darkstone Periapt":0,"Singing Bowl":12,"Gremlin Horn":[11,11],"CeramicFish":45,"StoneCalendar":[0],"Juzu Bracelet":1,"Bag of Preparation":[30],"Ginger":[15],"Whetstone":["Gash","Beam Cell"],"Smiling Mask":30,"Boot":[46],"Burning Blood":172,"Blood Vial":0,"Nunchaku":[9],"Centennial Puzzle":[15],"Pantograph":25,"Tiny Chest":0,"MealTicket":0,"counters":[34,107],"Self Forming Clay":[21],"Pen Nib":[35],"PreservedInsect":274,"Letter Opener":[128],"War Paint":["PiercingWail"],"Medical Kit":[4],"Shuriken":[46],"Turnip":[3],"Art of War":[0],"Champion Belt":[17],"obtain_stats":[{"Darkstone Periapt":3,"Ice Cream":45,"Lantern":54,"Singing Bowl":17,"Gremlin Horn":35,"CeramicFish":19,"Vajra":46,"StoneCalendar":39,"Juzu Bracelet":6,"Bag of Preparation":30,"Ginger":21,"Whetstone":25,"Smiling Mask":17,"Boot":22,"Burning Blood":0,"ClockworkSouvenir":12,"Blood Vial":46,"Nunchaku":46,"Centennial Puzzle":46,"HornCleat":54,"Pantograph":8,"Strawberry":42,"Tiny Chest":5,"MealTicket":48,"Toxic Egg 2":10,"Runic Pyramid":34,"Self Forming Clay":31,"The Courier":9,"Pen Nib":18,"PreservedInsect":23,"Omamori":13,"Letter Opener":36,"War Paint":29,"Frozen Egg 2":43,"Medical Kit":54,"Akabeko":1,"Calling Bell":17,"Anchor":55,"Shuriken":37,"Turnip":44,"Art of War":20,"Bag of Marbles":54,"Champion Belt":46,"StrikeDummy":38,"Pocketwatch":2},{"Darkstone Periapt":3,"Ice Cream":29,"Lantern":32,"Singing Bowl":10,"Gremlin Horn":22,"CeramicFish":12,"Vajra":29,"StoneCalendar":26,"Juzu Bracelet":5,"Bag of Preparation":19,"Ginger":14,"Whetstone":17,"Smiling Mask":10,"Boot":15,"Burning Blood":0,"ClockworkSouvenir":7,"Blood Vial":29,"Nunchaku":29,"Centennial Puzzle":29,"HornCleat":32,"Pantograph":6,"Strawberry":27,"Tiny Chest":4,"MealTicket":30,"Toxic Egg 2":7,"Runic Pyramid":21,"Self Forming Clay":20,"The Courier":6,"Pen Nib":11,"PreservedInsect":16,"Omamori":8,"Letter Opener":23,"War Paint":18,"Frozen Egg 2":27,"Medical Kit":32,"Akabeko":1,"Calling Bell":10,"Anchor":33,"Shuriken":24,"Turnip":28,"Art of War":13,"Bag of Marbles":32,"Champion Belt":29,"StrikeDummy":25,"Pocketwatch":2},{"Darkstone Periapt":11,"Ice Cream":97,"Lantern":102,"Singing Bowl":38,"Gremlin Horn":85,"CeramicFish":45,"Vajra":97,"StoneCalendar":94,"Juzu Bracelet":20,"Bag of Preparation":75,"Ginger":54,"Whetstone":68,"Smiling Mask":38,"Boot":59,"Burning Blood":0,"ClockworkSouvenir":26,"Blood Vial":97,"Nunchaku":97,"Centennial Puzzle":97,"HornCleat":102,"Pantograph":23,"Strawberry":95,"Tiny Chest":14,"MealTicket":98,"Toxic Egg 2":26,"Runic Pyramid":83,"Self Forming Clay":79,"The Courier":23,"Pen Nib":42,"PreservedInsect":64,"Omamori":29,"Letter Opener":87,"War Paint":71,"Frozen Egg 2":95,"Medical Kit":102,"Akabeko":4,"Calling Bell":38,"Anchor":103,"Shuriken":88,"Turnip":96,"Art of War":50,"Bag of Marbles":102,"Champion Belt":97,"StrikeDummy":91,"Pocketwatch":8}],"Pocketwatch":[11]},"card_choices":[{"not_picked":["Battle Trance","Undo","Consume"],"picked":"SKIP","floor":6},{"not_picked":["Ghostly Armor","FlyingSleeves","CutThroughFate"],"picked":"SKIP","floor":8},{"not_picked":["Sever Soul","Deflect+1","Flex+1"],"picked":"Singing Bowl","floor":23},{"not_picked":["Dodge and Roll+1","Well Laid Plans+1"],"picked":"Gash+1","floor":25},{"not_picked":["Body Slam","Adaptation","Terror+1"],"picked":"Singing Bowl","floor":29},{"not_picked":["Biased Cognition","Juggernaut"],"picked":"Offering+1","floor":33},{"not_picked":["Deadly Poison+1","EmptyFist","Blur+1"],"picked":"Singing Bowl","floor":42},{"not_picked":["PathToVictory+1","WaveOfTheHand+1","Fasting2+1"],"picked":"Singing Bowl","floor":44},{"not_picked":["Distraction+1","Headbutt","PathToVictory+1"],"picked":"Singing Bowl","floor":45},{"not_picked":["Anger+1","Brilliance","LikeWater+1"],"picked":"Singing Bowl","floor":55}],"player_experience":1705823,"relics_obtained":[{"floor":1,"key":"Akabeko"},{"floor":2,"key":"Pocketwatch"},{"floor":3,"key":"Darkstone Periapt"},{"floor":5,"key":"Tiny Chest"},{"floor":6,"key":"Juzu Bracelet"},{"floor":8,"key":"Pantograph"},{"floor":9,"key":"The Courier"},{"floor":10,"key":"Toxic Egg 2"},{"floor":13,"key":"Omamori"},{"floor":17,"key":"Smiling Mask"},{"floor":17,"key":"Singing Bowl"},{"floor":18,"key":"Pen Nib"},{"floor":19,"key":"CeramicFish"},{"floor":20,"key":"Art of War"},{"floor":21,"key":"Ginger"},{"floor":22,"key":"Boot"},{"floor":23,"key":"PreservedInsect"},{"floor":25,"key":"Whetstone"},{"floor":29,"key":"War Paint"},{"floor":30,"key":"Bag of Preparation"},{"floor":31,"key":"Self Forming Clay"},{"floor":35,"key":"Gremlin Horn"},{"floor":36,"key":"Letter Opener"},{"floor":37,"key":"Shuriken"},{"floor":38,"key":"StrikeDummy"},{"floor":39,"key":"StoneCalendar"},{"floor":42,"key":"Strawberry"},{"floor":43,"key":"Frozen Egg 2"},{"floor":44,"key":"Turnip"},{"floor":45,"key":"Ice Cream"},{"floor":48,"key":"MealTicket"},{"floor":55,"key":"Anchor"}],"event_choices":[{"damage_healed":0,"gold_gain":0,"player_choice":"Shed Blood","damage_taken":27,"max_hp_gain":5,"max_hp_loss":0,"event_name":"Forgotten Altar","floor":27,"gold_loss":0},{"damage_healed":0,"gold_gain":999,"player_choice":"Gold","damage_taken":0,"max_hp_gain":0,"max_hp_loss":0,"event_name":"MindBloom","floor":40,"gold_loss":0,"cards_obtained":["Normality","Normality"]},{"damage_healed":0,"gold_gain":0,"player_choice":"Fight","damage_taken":0,"max_hp_gain":0,"max_hp_loss":0,"event_name":"Mysterious Sphere","floor":45,"gold_loss":0}],"is_beta":false,"boss_relics":[{"not_picked":["Ectoplasm","Empty Cage"],"picked":"Calling Bell"},{"not_picked":["Runic Dome","Astrolabe"],"picked":"Runic Pyramid"}],"items_purged_floors":[4,46],"is_endless":false,"potions_floor_spawned":[2,5,14,16,20,21,22,29,31,38,39,45,48],"ascension_level":20}}