{"host":"5wf60zc4jjt9ov65","time":1610243091,"event":{"mods":["AchievementEnabler","BaseMod","Beaked The Cultist","Better Altar","Better Match","Better Note","Better Sensory Stone","Better Skull","Better Third Choice","BetterRewards","Colored Map","Colored Powertips","Downfall","Googly Eyes","Halation","Highlight Path","Hubris","Infinite Spire","Minty Spire (QoL Compilation)","Permanent Neow","Quick Restart","Replay The Spire","StSLib","The Bug Knight","The Construct"],"gold_per_floor":[212,229,241,241,241,268,268,268,268,281,281,292,309,322,322,426,426,445,445,111,111,127,127,141,141,167,167,186,116,116,126,126,229,229,249,249,264,264,280,280,280,280],"floor_reached":41,"playtime":3317,"items_purged":["hexamod:Sear"],"score":395,"play_id":"331fe126-9d13-47f4-96bd-b277f0d9ad01","local_time":"20210109204451","is_ascension_mode":false,"campfire_choices":[{"data":"HollowMod:CycloneSlash","floor":8,"key":"SMITH"},{"data":"HollowMod:MantisMark","floor":11,"key":"SMITH"},{"floor":15,"key":"REST"},{"data":"HollowMod:SlysStrikes","floor":23,"key":"SMITH"},{"floor":32,"key":"REST"},{"floor":40,"key":"REST"}],"circlet_count":0,"master_deck":["HollowMod:NailStrikeStart","HollowMod:NailStrikeStart","HollowMod:NailStrikeStart","HollowMod:QuickDashStart","HollowMod:QuickDashStart","HollowMod:QuickDashStart","HollowMod:FocusHealStart","HollowMod:PogoStrike","HollowMod:PerfectDash","HollowMod:CycloneSlash+1","HollowMod:MantisMark+1","infinitespire:NeuralNetwork+1","HollowMod:CloakDash","HollowMod:VengefulSpirit","HollowMod:MonarchWings","HollowMod:Hiveblood","CommonCold","HollowMod:SlysStrikes+1","ReplayTheSpireMod:Chaos Vortex","expansioncontent:TimeRipple","HollowMod:LifebloodCocoon+1","HollowMod:SoulStrike","HollowMod:MantisMark","HollowMod:HuntersJournal","HollowMod:Weaversong","HollowMod:GreatSlash","HollowMod:MantisMark","HollowMod:SiblingsSouls+1","HollowMod:PerfectDash+1","HollowMod:QuirrelsAssistance"],"relics":["HollowMod:VesselMask","hubris:Icosahedron","Onion Ring","hubris:MysteriousPyramids","ReplayTheSpireMod:SealedPack","Bottled Lightning","hubris:Towel","betterThird:NestCultRelic","Juzu Bracelet","hubris:PeanutButter","Replay:Bronze Core"],"acts_visited":["Exordium","TheCity","TheBeyond"],"potions_floor_usage":[28,28,31,41],"damage_taken":[{"damage":5,"enemies":"Small Slimes","floor":1,"turns":3},{"damage":5,"enemies":"2 Louse","floor":2,"turns":3},{"damage":0,"enemies":"Cultist","floor":3,"turns":3},{"damage":37,"enemies":"Lagavulin","floor":6,"turns":9},{"damage":0,"enemies":"Large Slime","floor":10,"turns":5},{"damage":7,"enemies":"3 Louse","floor":12,"turns":4},{"damage":0,"enemies":"Exordium Thugs","floor":13,"turns":3},{"damage":2,"enemies":"Blue Slaver","floor":14,"turns":3},{"damage":47,"enemies":"The Guardian","floor":16,"turns":9},{"damage":3,"enemies":"Shell Parasite","floor":18,"turns":6},{"damage":0,"enemies":"Spheric Guardian","floor":22,"turns":4},{"damage":19,"enemies":"Snake Plant","floor":24,"turns":5},{"damage":54,"enemies":"Cultist and Chosen","floor":28,"turns":8},{"damage":0,"enemies":"Sentry and Sphere","floor":31,"turns":7},{"damage":44,"enemies":"Collector","floor":33,"turns":9},{"damage":5,"enemies":"3 Darklings","floor":35,"turns":5},{"damage":39,"enemies":"3 Shapes","floor":37,"turns":3},{"damage":0,"enemies":"Maw","floor":39,"turns":7},{"damage":1,"enemies":"infinitespire:Three Voidlings","floor":41,"turns":5},{"damage":117,"enemies":"Nightmare_Alpha","floor":41,"turns":12}],"seed_played":"1874298770653671785","potions_obtained":[{"floor":3,"key":"SkillPotion"},{"floor":10,"key":"FairyPotion"},{"floor":16,"key":"sneckomod:MuddlingPotion"},{"floor":18,"key":"ColorlessPotion"},{"floor":28,"key":"ColorlessPotion"},{"floor":39,"key":"BlessingOfTheForge"}],"is_trial":false,"path_per_floor":["M","M","M","?","?","E","?","R","T","M","R","M","M","M","R","B",null,"M","?","$","?","M","R","M","?","T","?","M","$","T","M","R","B",null,"M","?","M","?","M","R","?"],"character_chosen":"THE_BUGKNIGHT","items_purchased":["Bottled Lightning","HollowMod:GreatSlash"],"campfire_rested":3,"item_purchase_floors":[20,29],"current_hp_per_floor":[75,75,75,75,57,30,30,30,30,40,40,39,45,49,71,24,75,75,75,75,75,75,75,66,66,66,66,33,33,33,39,61,17,75,75,75,36,36,46,68,0,0],"gold":280,"neow_bonus":"HUNDRED_GOLD","is_daily":false,"chose_seed":false,"campfire_upgraded":3,"win_rate":0.0,"timestamp":1610243091,"path_taken":["M","M","M","?","?","E","?","R","T","M","R","?","M","M","R","BOSS","M","?","$","?","M","R","M","?","T","?","M","?","?","M","R","BOSS","M","?","M","?","M","R","?"],"items_purchased_type":["Relic","Card"],"build_version":"2020-12-22","purchased_purges":1,"victory":false,"max_hp_per_floor":[75,75,75,75,75,75,75,75,75,75,75,75,75,75,75,75,75,75,75,75,75,75,75,75,75,75,75,75,75,75,75,75,75,75,75,75,75,75,75,75,75,75],"card_choices":[{"not_picked":["HollowMod:HeavyBlow","HollowMod:LifebloodCocoon"],"picked":"HollowMod:PerfectDash","floor":1},{"not_picked":["HollowMod:DesolateDive","HollowMod:SoulEater"],"picked":"HollowMod:CycloneSlash","floor":2},{"not_picked":["HollowMod:NewJinnsSoul","HollowMod:NewLittleFool"],"picked":"HollowMod:MantisMark","floor":3},{"not_picked":["infinitespire:Fortify","Replay:Fractal Strike"],"picked":"infinitespire:NeuralNetwork","floor":5},{"not_picked":["HollowMod:BaldurShell","HollowMod:HowlingWraiths","HollowMod:VoidDash"],"picked":"SKIP","floor":6},{"not_picked":["HollowMod:NewJinnsSoul","HollowMod:SoulShaman"],"picked":"HollowMod:CloakDash","floor":10},{"not_picked":["HollowMod:DungDefenderAura","HollowMod:ChannelNail","HollowMod:TaintedHusks"],"picked":"SKIP","floor":12},{"not_picked":["HollowMod:HowlingWraiths","HollowMod:NewJinnsSoul"],"picked":"HollowMod:VengefulSpirit","floor":13},{"not_picked":["HollowMod:HowlingWraiths","HollowMod:FallenFury"],"picked":"HollowMod:MonarchWings","floor":14},{"not_picked":["HollowMod:PureVessel","HollowMod:LordofShades"],"picked":"HollowMod:Hiveblood","floor":16},{"not_picked":["HollowMod:AwokenDreamNail","HollowMod:theNailsmith"],"picked":"HollowMod:SlysStrikes","floor":17},{"not_picked":["Replay:Fractal Strike","ReplayTheSpireMod:Black Plague"],"picked":"ReplayTheSpireMod:Chaos Vortex","floor":17},{"not_picked":["expansioncontent:ManipulateTime","expansioncontent:PrepareCrush"],"picked":"expansioncontent:TimeRipple","floor":17},{"not_picked":["Eruption","hexamod:Float"],"picked":"hexamod:Sear","floor":17},{"not_picked":["HollowMod:CoiledNail","HollowMod:WraithStrike"],"picked":"HollowMod:LifebloodCocoon+1","floor":18},{"not_picked":["HollowMod:CloakDash+1","HollowMod:Grubsong"],"picked":"HollowMod:SoulStrike","floor":22},{"not_picked":["HollowMod:SoulSplash","HollowMod:CycloneSlash"],"picked":"HollowMod:MantisMark","floor":24},{"not_picked":["HollowMod:SoulSplash","HollowMod:TaintedHusks"],"picked":"HollowMod:Weaversong","floor":28},{"not_picked":["HollowMod:SiblingsSouls","HollowMod:InfectedAttack"],"picked":"HollowMod:MantisMark","floor":31},{"not_picked":["HollowMod:ChannelNail+1","HollowMod:VengefulVoid+1"],"picked":"HollowMod:SiblingsSouls+1","floor":35},{"not_picked":["HollowMod:VengefulVoid","HollowMod:LifebloodCocoon+1"],"picked":"HollowMod:PerfectDash+1","floor":37},{"not_picked":["HollowMod:InfectionAssault","HollowMod:VengefulVoid","HollowMod:SoulVessel"],"picked":"SKIP","floor":39}],"player_experience":54949,"relics_obtained":[{"floor":6,"key":"Onion Ring"},{"floor":9,"key":"hubris:MysteriousPyramids"},{"floor":26,"key":"Juzu Bracelet"},{"floor":30,"key":"hubris:PeanutButter"}],"event_choices":[{"damage_healed":0,"gold_gain":0,"player_choice":"Forge","damage_taken":0,"max_hp_gain":0,"max_hp_loss":0,"event_name":"Accursed Blacksmith","floor":7,"gold_loss":0,"cards_upgraded":["infinitespire:NeuralNetwork"]},{"damage_healed":0,"gold_gain":0,"player_choice":"Ignored","damage_taken":0,"max_hp_gain":0,"max_hp_loss":0,"event_name":"betterNote:BetterNote","floor":19,"gold_loss":0,"cards_obtained":["ReplayTheSpireMod:Fabricate Wheel"]},{"damage_healed":0,"gold_gain":0,"player_choice":"Madness","damage_taken":0,"relics_obtained":["betterThird:NestCultRelic"],"max_hp_gain":0,"max_hp_loss":0,"event_name":"betterThird:BetterNest","floor":25,"gold_loss":0},{"damage_healed":0,"gold_gain":0,"cards_transformed":["HollowMod:NailStrikeStart"],"player_choice":"Transformed","damage_taken":0,"max_hp_gain":0,"max_hp_loss":0,"event_name":"Transmorgrifier","floor":27,"gold_loss":0,"cards_obtained":["HollowMod:HuntersJournal"]},{"damage_healed":0,"gold_gain":0,"cards_transformed":["HollowMod:QuickDashStart"],"player_choice":"Transformed","damage_taken":0,"max_hp_gain":0,"max_hp_loss":0,"event_name":"Transmorgrifier","floor":38,"gold_loss":0,"cards_obtained":["HollowMod:QuirrelsAssistance"]}],"is_beta":false,"boss_relics":[{"not_picked":["hubris:Backtick","Honey Jar"],"picked":"ReplayTheSpireMod:SealedPack"},{"not_picked":["infinitespire:Cupcake","SacredBark"],"picked":"Replay:Bronze Core"}],"items_purged_floors":[20],"is_endless":false,"potions_floor_spawned":[3,10,16,18,24,28,39,41],"killed_by":"Nightmare_Alpha","ascension_level":0}}