{"host":"acw864156wjp8gcv","time":1610274050,"event":{"mods":["2.2 Compatiblity","AchievementEnabler","Aspiration","BaseMod","Beaked The Cultist","Better Altar","Better Match","Better Note","Better Sensory Stone","Better Silent Start","Better Skull","Better Third Choice","Better Vampires","BetterRewards","Challenge The Spire","Colored Map","Colored Powertips","Conspire","Curses Come First","Downfall","Energized Spire","GifTheSpireLib","Halation","Hubris","Infinite Spire","Ironclad Rager","Jedi Mod","Mimic Mod","Minty Spire (QoL Compilation)","Permanent Neow","Relic Sorter","Replay The Spire","Shop Mod","Spicy Shops","Spikes Relics","StSLib","Stuff the Spire","The Blue Laboratory","The Construct","The Jungle","Wandering Minibosses","everything is the same but u backflip on backflip","vexMod"],"gold_per_floor":[109,120,139,139,159,159,176,176,176,176,209,209,227,244,244,343,343,358,104,104,122,358,384,384,415,415,427,427,427,427,427,447,447,552,552,563,579,579,413,432,432,464,464,464,482,482,482,492,504,504,504],"floor_reached":52,"playtime":2574,"items_purged":["construct:Defend_Gold+2"],"score":886,"play_id":"79e8496b-4e14-4272-83ec-847194dbe628","local_time":"20210110042050","is_ascension_mode":true,"campfire_choices":[{"data":"construct:PowerUp","floor":6.0,"key":"SMITH"},{"data":"construct:PowerUp+1","floor":8.0,"key":"SMITH"},{"data":"construct:ForceCore","floor":10.0,"key":"SMITH"},{"data":"construct:ForceCore+1","floor":12.0,"key":"SMITH"},{"floor":15.0,"key":"RECALL"},{"data":"construct:PanicFire","floor":24.0,"key":"SMITH"},{"data":"construct:PanicFire+1","floor":24.0,"key":"SMITH"},{"data":"construct:FlakBarrage+1","floor":30.0,"key":"SMITH"},{"data":"construct:LaserCore+1","floor":30.0,"key":"SMITH"},{"data":"construct:VentSteam+1","floor":33,"key":"SMITH"},{"data":"expansioncontent:DashGenerateEvil","floor":33,"key":"SMITH"},{"data":"construct:Backup+1","floor":41,"key":"SMITH"},{"data":"construct:LaserCore","floor":41,"key":"SMITH"},{"data":"construct:LaserCore+1","floor":43,"key":"SMITH"},{"data":"construct:Reserves","floor":43,"key":"SMITH"},{"data":"construct:Reserves+1","floor":47,"key":"SMITH"},{"data":"construct:GuardCore","floor":50,"key":"SMITH"}],"circlet_count":0,"master_deck":["construct:Strike_Gold+2","construct:Strike_Gold+2","construct:Strike_Gold+2","construct:Strike_Gold+2","construct:Strike_Gold+2","construct:Defend_Gold+2","construct:Defend_Gold+2","construct:Defend_Gold+2","construct:Defend_Gold+2","construct:AttackMode+2","construct:DefenseMode+2","construct:ForceCore+2","construct:PanicFire+2","construct:FlakBarrage+2","Master of Strategy+1","construct:LaserCore+2","expansioncontent:DashGenerateEvil+1","construct:GuardCore+2","construct:SweepLaser+2","construct:VentSteam+2","construct:Backup+2","construct:LaserCore+2","construct:Reserves+2","construct:GuardCore+1"],"relics":["conspire:DeflatedDodgeball","construct:ClockworkPhoenix","vexMod:MysteryBossChallenge","jedi:bottledfury","wanderingMiniBosses:ThiefScarf","Painkiller Herb","HornCleat","StuffTheSpire:Saxophone","Replay:Arrowhead","Replay:Multitool","conspire:BottledYoYo","vexMod:InvisibilityCloak","aspiration:RitualStick","aspiration:Legacy_Headhunter","Replay:Lucky Slots","Sozu","infinitespire:Joker Card","StuffTheSpire:Gunfinga","jedi:cryingmask"],"acts_visited":["Exordium","TheCity","TheBeyond"],"potions_floor_usage":[],"damage_taken":[{"damage":0.0,"enemies":"infinitespire:Voidling","floor":1.0,"turns":2.0},{"damage":0.0,"enemies":"2 Louse","floor":2.0,"turns":2.0},{"damage":0.0,"enemies":"Jaw Worm","floor":3.0,"turns":2.0},{"damage":0.0,"enemies":"2 Fungi Beasts","floor":5.0,"turns":3.0},{"damage":0.0,"enemies":"Exordium Wildlife","floor":7.0,"turns":2.0},{"damage":10.0,"enemies":"3 Sentries","floor":11.0,"turns":5.0},{"damage":5.0,"enemies":"Looter","floor":13.0,"turns":5.0},{"damage":0.0,"enemies":"Large Slime","floor":14.0,"turns":4.0},{"damage":45.0,"enemies":"Hexaghost","floor":16.0,"turns":6.0},{"damage":0.0,"enemies":"Spheric Guardian","floor":18.0,"turns":2.0},{"damage":0.0,"enemies":"Shell Parasite","floor":21.0,"turns":4.0},{"damage":0.0,"enemies":"conspire:Head Lice","floor":23.0,"turns":6.0},{"damage":14.0,"enemies":"Book of Stabbing","floor":25.0,"turns":4.0},{"damage":0.0,"enemies":"Sentry and Sphere","floor":27.0,"turns":3.0},{"damage":0,"enemies":"2 Fungi Beasts","floor":32,"turns":2},{"damage":0,"enemies":"Champ","floor":34,"turns":4},{"damage":0,"enemies":"Orb Walker","floor":36,"turns":1},{"damage":0,"enemies":"3 Shapes","floor":37,"turns":2},{"damage":0,"enemies":"Transient","floor":40,"turns":5},{"damage":0,"enemies":"Nemesis","floor":42,"turns":3},{"damage":8,"enemies":"Sphere and 2 Shapes","floor":45,"turns":1},{"damage":0,"enemies":"Spire Growth","floor":48,"turns":2},{"damage":0,"enemies":"Maw","floor":49,"turns":2},{"damage":0,"enemies":"Replay:Hell Engine","floor":51,"turns":3}],"seed_played":"5093079359938564080","potions_obtained":[{"floor":1.0,"key":"Ancient Potion"},{"floor":7.0,"key":"blueLaboratory:LouseDecoction"},{"floor":16.0,"key":"SkillPotion"}],"is_trial":false,"path_per_floor":["M","M","M","?","M","R","M","R","T","R","E","R","M","M","R","B",null,"?","T","?","?","T","E","T","E","T","?","?","?","T","?","?","T","B",null,"?","?","?","T","?","T","E","T","T","?","?","T","?","?","T","B",null],"character_chosen":"THE_CONSTRUCT_MOD","items_purchased":["Master of Strategy","construct:LaserCore","construct:SweepLaser","HornCleat","StuffTheSpire:Saxophone","expansioncontent:DashGenerateEvil","infinitespire:Joker Card","construct:LaserCore"],"campfire_rested":0,"item_purchase_floors":[19,22,22,22,22,22,39,39],"current_hp_per_floor":[93,93,93,93,93,93,93,93,93,93,83,83,78,78,78,33,78,78,78,78,78,78,78,78,64,64,64,45,45,45,45,45,45,45,81,81,81,81,81,81,81,81,81,81,73,53,53,53,55,55,55],"gold":504,"neow_bonus":"TEN_PERCENT_HP_BONUS","is_daily":false,"chose_seed":false,"campfire_upgraded":16,"win_rate":0.0,"timestamp":1610274050,"path_taken":["M","?","M","?","M","R","M","R","T","R","E","R","M","M","R","BOSS","?","T","?","?","T","E","T","E","T","?","?","?","T","?","T","BOSS","?","?","?","T","?","T","E","T","T","?","?","T","?","?","T","BOSS"],"items_purchased_type":["Card","Card","Card","Relic","Relic","Card","Relic","Card"],"build_version":"2020-12-22","purchased_purges":1,"victory":true,"max_hp_per_floor":[93,93,93,93,93,93,93,93,93,93,93,93,93,93,93,93,93,93,93,93,93,93,93,93,93,93,93,93,93,93,93,93,93,93,93,93,93,93,93,93,93,93,93,93,93,93,93,93,93,93,93],"card_choices":[{"not_picked":["construct:Construct_Overclock","construct:Backfire"],"picked":"construct:PowerUp","floor":1.0},{"not_picked":["construct:Hazardproof","construct:Backfire","construct:Impenetrable"],"picked":"SKIP","floor":2.0},{"not_picked":["construct:Impenetrable","construct:Backup"],"picked":"construct:ForceCore","floor":3.0},{"not_picked":["construct:ShiftGuard","construct:ModeShift","construct:ReactiveShield"],"picked":"SKIP","floor":5.0},{"not_picked":["construct:Versatility","construct:Tumble","construct:PowerUp"],"picked":"SKIP","floor":7.0},{"not_picked":["construct:HeavyBolt","construct:FierceBash","construct:Anticipate"],"picked":"SKIP","floor":11.0},{"not_picked":["construct:VentSteam","construct:SuppressiveFire","construct:HeavyBolt"],"picked":"SKIP","floor":13.0},{"not_picked":["construct:FocusedBeam","construct:ClockworkEgg","construct:ReactiveShield"],"picked":"SKIP","floor":14.0},{"not_picked":["construct:HammerDown","construct:ShiftingStance"],"picked":"construct:PanicFire","floor":16.0},{"not_picked":["construct:ScrapCannon","construct:SyphonStrike+1"],"picked":"construct:FlakBarrage","floor":18.0},{"not_picked":["construct:ScrapCannon","construct:FlakBarrage","construct:CripplingShot"],"picked":"SKIP","floor":21.0},{"not_picked":["construct:HyperBeam","construct:HeavyBolt"],"picked":"construct:GuardCore","floor":23.0},{"not_picked":["construct:ClusterMines","construct:Backfire","construct:Antimatter"],"picked":"SKIP","floor":25.0},{"not_picked":["construct:ScrapCannon","construct:CripplingShot"],"picked":"construct:SweepLaser+1","floor":27.0},{"not_picked":["StuffTheSpire:Rapture","StuffTheSpire:Harmony"],"picked":"StuffTheSpire:Perfection","floor":29.0},{"not_picked":["construct:FocusedBeam+1","construct:PanicFire"],"picked":"construct:VentSteam+1","floor":32},{"not_picked":["construct:ScrapCannon","construct:VentSteam+1"],"picked":"construct:Backup+1","floor":36},{"not_picked":["construct:SaveState","construct:SweepLaser","construct:Versatility+1"],"picked":"SKIP","floor":37},{"not_picked":["construct:ScrapCannon+1","construct:FocusedBeam","construct:ModeShift"],"picked":"SKIP","floor":40},{"not_picked":["construct:GuardCore+1","construct:FierceBash+1"],"picked":"construct:Reserves","floor":42},{"not_picked":["construct:Forcefield","construct:ReactiveShield","construct:HardReboot"],"picked":"SKIP","floor":45},{"not_picked":["construct:Reinforce","construct:SuppressiveFire","construct:Autoturret"],"picked":"SKIP","floor":48},{"not_picked":["construct:Analyze","construct:Antimatter+1"],"picked":"construct:GuardCore","floor":49}],"player_experience":137475,"relics_obtained":[{"floor":9.0,"key":"conspire:DeflatedDodgeball"},{"floor":11.0,"key":"jedi:bottledfury"},{"floor":13.0,"key":"wanderingMiniBosses:ThiefScarf"},{"floor":13.0,"key":"construct:ClockworkPhoenix"},{"floor":23.0,"key":"Replay:Multitool"},{"floor":25.0,"key":"conspire:BottledYoYo"},{"floor":26.0,"key":"vexMod:InvisibilityCloak"},{"floor":42,"key":"StuffTheSpire:Gunfinga"},{"floor":44,"key":"jedi:cryingmask"}],"event_choices":[{"damage_healed":0.0,"max_hp_gain":0.0,"max_hp_loss":0.0,"gold_gain":0.0,"event_name":"betterNote:BetterNote","player_choice":"Ignored","floor":20.0,"gold_loss":0.0,"damage_taken":0.0,"cards_obtained":["hubris:InfiniteBlow"]},{"damage_healed":0,"gold_gain":3,"player_choice":"1","damage_taken":0,"max_hp_gain":0,"max_hp_loss":0,"event_name":"betterStone:BetterStone","floor":38,"gold_loss":0}],"is_beta":false,"boss_relics":[{"not_picked":["Tiny House","ReplayTheSpireMod:DimensionalGlitch"],"picked":"Painkiller Herb"},{"not_picked":["Replay:Drink Me","aspiration:RitualDagger"],"picked":"vexMod:MysteryBossChallenge"}],"items_purged_floors":[19],"is_endless":false,"potions_floor_spawned":[1,7,11,16,21,27,32,37,42,48],"ascension_level":5}}