{"host":"dftyqn972q7tuon4","time":1610317464,"event":{"mods":["AchievementEnabler","BaseMod","Better Altar","Better Match","Better Note","Better Sensory Stone","Better Skull","Better Third Choice","Colored Powertips","Highlight Path","Minty Spire (QoL Compilation)","Permanent Neow","Quick Restart","StSLib"],"gold_per_floor":[114,114,93,174,99,99,112,112,188,188,222,235,251,251,251],"floor_reached":14,"playtime":741,"items_purged":["Strike_R"],"score":119,"play_id":"dd4a3ae8-85ff-444a-a3d4-3895ff44ac51","local_time":"20210110232424","is_ascension_mode":true,"campfire_choices":[{"floor":6,"key":"RECALL"},{"data":"Seeing Red","floor":8,"key":"SMITH"}],"circlet_count":0,"master_deck":["Strike_R","Strike_R","Strike_R","Defend_R","Defend_R","Defend_R","Defend_R","Bash+1","Seeing Red+1","Burn","Second Wind","Whirlwind","Pommel Strike"],"relics":["Burning Blood","betterThird:SlimedRelic","Eternal Feather","Letter Opener","Ginger"],"acts_visited":["Exordium"],"potions_floor_usage":[11],"damage_taken":[{"damage":8,"enemies":"Small Slimes","floor":1,"turns":5},{"damage":7,"enemies":"Jaw Worm","floor":7,"turns":3},{"damage":53,"enemies":"3 Sentries","floor":11,"turns":13},{"damage":0,"enemies":"Cultist","floor":12,"turns":4},{"damage":6,"enemies":"Looter","floor":13,"turns":3},{"damage":12,"enemies":"Lagavulin","floor":14,"turns":3}],"seed_played":"2312645649851336112","potions_obtained":[{"floor":7,"key":"Swift Potion"}],"is_trial":false,"path_per_floor":["M","?","?","T","$","R","M","R","T","?","E","M","M","E"],"character_chosen":"IRONCLAD","items_purchased":[],"campfire_rested":0,"item_purchase_floors":[],"current_hp_per_floor":[70,70,59,59,59,62,61,64,64,64,17,23,23,11,11],"gold":251,"neow_bonus":"UPGRADE_CARD","is_daily":false,"chose_seed":false,"campfire_upgraded":1,"win_rate":0.0,"timestamp":1610317464,"path_taken":["M","?","?","?","$","R","M","R","T","?","E","M","M","E"],"items_purchased_type":[],"build_version":"2020-12-22","purchased_purges":1,"victory":false,"max_hp_per_floor":[80,80,80,80,80,80,80,80,80,80,80,80,80,80,80],"card_choices":[{"not_picked":["Clash","Dropkick","Perfected Strike"],"picked":"SKIP","floor":1},{"not_picked":["Iron Wave","Bloodletting"],"picked":"Seeing Red","floor":7},{"not_picked":["Twin Strike","Dropkick"],"picked":"Second Wind","floor":11},{"not_picked":["Heavy Blade","Sword Boomerang"],"picked":"Whirlwind","floor":12},{"not_picked":["Anger","Sentinel"],"picked":"Pommel Strike","floor":13}],"player_experience":595049,"relics_obtained":[{"floor":4,"key":"Eternal Feather"},{"floor":9,"key":"Letter Opener"},{"floor":11,"key":"Ginger"}],"event_choices":[{"cards_removed":["Strike_R"],"damage_healed":0,"gold_gain":0,"player_choice":"Forget","damage_taken":0,"max_hp_gain":0,"max_hp_loss":0,"event_name":"Living Wall","floor":2,"gold_loss":0},{"damage_healed":0,"gold_gain":0,"player_choice":"Slimed","damage_taken":11,"max_hp_gain":0,"max_hp_loss":0,"event_name":"betterThird:BetterGoop","floor":3,"gold_loss":21},{"damage_healed":64,"gold_gain":0,"player_choice":"Embrace Burn","damage_taken":0,"max_hp_gain":0,"max_hp_loss":80,"event_name":"betterThird:BetterShining","floor":10,"gold_loss":0}],"is_beta":false,"boss_relics":[],"items_purged_floors":[5],"is_endless":false,"potions_floor_spawned":[7],"killed_by":"Lagavulin","ascension_level":7}}