{"host":"ds1yr10zonoc6w4a","time":1610311221,"event":{"mods":["BaseMod","Better Match","Better Third Choice","BetterRewards","Energized Spire","Minty Spire (QoL Compilation)","StSLib","The Animator"],"gold_per_floor":[114,14,28,51,96,96,0,16,16,51,63,81,81,105,105,176,176,191,191,191,38,62,100,15,65,88,88,114,114,136,152,152,228,228,244,266,9,37,48,84,84,84,84,125,125,0,0,22,22,30,30,30,440,498,577,577,452,180,180,180],"floor_reached":59,"playtime":9026,"items_purged":["animator:Strike","animator:Defend","animator:Defend","animator:Strike_GoblinSlayer+1"],"score":1941,"play_id":"aec25b47-7749-4aa1-9c1f-590b48f22390","local_time":"20210110134021","is_ascension_mode":true,"campfire_choices":[{"data":"animator:CowGirl","floor":6.0,"key":"SMITH"},{"data":"animator:Kaijin","floor":15,"key":"SMITH"},{"floor":27,"key":"RECALL"},{"data":"Enlightenment","floor":29,"key":"SMITH"},{"data":"animator:DolaStephanie","floor":32,"key":"SMITH"},{"data":"animator:LeleiLaLalena","floor":45,"key":"SMITH"},{"data":"animator:Sora","floor":49,"key":"SMITH"},{"data":"animator:Envy","floor":52,"key":"SMITH"}],"circlet_count":0,"master_deck":["AscendersBane","animator:LizardPriest","animator:DwarfShaman","animator:CowGirl","animator:Patchouli+1","animator:Cirno","animator:Envy","animator:Kaijin","animator:YunYun+1","animator:DolaRiku","animator:Spearman","Enlightenment","animator:Witch","animator:Spearman","animator:LizardPriest","animator:Mitsurugi+1","animator:GuildGirl","animator:Rimuru","animator:DolaStephanie","animator:Benimaru","animator:Togame","animator:LeleiLaLalena","animator:Biyorigo","animator:Sora","animator:Jibril+1","animator:Priestess","animator:Megumin+7","animator:Spearman","animator:HigakiRinne","Parasite","animator:GoblinSlayer+1","animator:GoblinSlayer+1","animator:SwordMaiden","animator:DolaStephanie","animator:Spearman","animator:QuestionMark","animator:Rimuru"],"relics":["animator:TheEgnaroPiece","animator:LivingPicture","animator:TheMissingPiece","animator:AncientMedallion"],"acts_visited":["Exordium","TheCity","TheBeyond","TheEnding","EYB:TheUnnamedReign"],"potions_floor_usage":[16,16,23,23,33,33,40,55,59],"damage_taken":[{"damage":0.0,"enemies":"Cultist","floor":1.0,"turns":4.0},{"damage":0.0,"enemies":"Small Slimes","floor":3.0,"turns":2.0},{"damage":8.0,"enemies":"Jaw Worm","floor":4.0,"turns":2.0},{"damage":0.0,"enemies":"Exordium Wildlife","floor":8.0,"turns":2.0},{"damage":1,"enemies":"3 Sentries","floor":10,"turns":3},{"damage":1,"enemies":"Large Slime","floor":11,"turns":4},{"damage":0,"enemies":"Looter","floor":12,"turns":2},{"damage":0,"enemies":"Lots of Slimes","floor":14,"turns":2},{"damage":2,"enemies":"Slime Boss","floor":16,"turns":4},{"damage":0,"enemies":"Chosen","floor":18,"turns":3},{"damage":0,"enemies":"Spheric Guardian","floor":22,"turns":2},{"damage":36,"enemies":"Book of Stabbing","floor":23,"turns":5},{"damage":6,"enemies":"Snake Plant","floor":28,"turns":3},{"damage":31,"enemies":"Shelled Parasite and Fungi","floor":30,"turns":4},{"damage":1,"enemies":"Centurion and Healer","floor":31,"turns":4},{"damage":0,"enemies":"Collector","floor":33,"turns":4},{"damage":0,"enemies":"3 Shapes","floor":35,"turns":2},{"damage":19,"enemies":"3 Darklings","floor":36,"turns":4},{"damage":0,"enemies":"Sphere and 2 Shapes","floor":38,"turns":3},{"damage":21,"enemies":"Jaw Worm Horde","floor":39,"turns":3},{"damage":1,"enemies":"Giant Head","floor":40,"turns":5},{"damage":22,"enemies":"Writhing Mass","floor":44,"turns":4},{"damage":0,"enemies":"3 Darklings","floor":48,"turns":4},{"damage":9,"enemies":"Donu and Deca","floor":50,"turns":5},{"damage":17,"enemies":"animator:UNNAMED_CULTIST_1","floor":54,"turns":9},{"damage":0,"enemies":"animator:UNNAMED_HAT","floor":55,"turns":12},{"damage":71,"enemies":"animator:LARGE_CUBE","floor":59,"turns":6}],"seed_played":"6990260199460303668","potions_obtained":[{"floor":1.0,"key":"LiquidMemories"},{"floor":8.0,"key":"GamblersBrew"},{"floor":11,"key":"AttackPotion"},{"floor":18,"key":"DuplicationPotion"},{"floor":28,"key":"CultistPotion"},{"floor":30,"key":"FearPotion"},{"floor":36,"key":"Swift Potion"},{"floor":38,"key":"Swift Potion"},{"floor":39,"key":"EssenceOfSteel"},{"floor":54,"key":"animator:FalseLifePotion"},{"floor":55,"key":"animator:FalseLifePotion"}],"is_trial":false,"path_per_floor":["M","$","M","M","?","R","?","M","T","E","M","M","?","M","R","B",null,"M","?","?","$","M","E","?","?","T","R","M","R","M","M","R","B",null,"M","M","$","M","M","E","?","?","T","M","R","$","?","M","R","B",null,"R","??","M","M","T","?","$","M"],"character_chosen":"THE_ANIMATOR","items_purchased":["animator:CowGirl","Orichalcum","Strange Spoon","Dead Branch","animator:Patchouli","animator:Cirno","animator:Kaijin","animator:Benimaru","Oddly Smooth Stone","animator:GoblinSlayer","animator:AncientMedallion"],"campfire_rested":0,"item_purchase_floors":[0,0,0,0,0,0,0,21,37,46,58],"current_hp_per_floor":[54,54,54,46,46,55,61,62,62,61,60,60,60,60,67,65,67,67,67,67,67,67,31,31,31,31,43,37,49,18,18,30,40,69,71,55,55,55,36,42,28,28,28,8,26,26,26,30,48,39,76,88,80,63,63,63,63,63,0,0],"gold":180,"neow_bonus":"","is_daily":false,"chose_seed":false,"campfire_upgraded":7,"win_rate":0.0,"timestamp":1610311221,"path_taken":["M","$","M","M","?","R","?","M","T","E","M","M","?","M","R","BOSS","M","?","?","$","M","E","?","?","T","R","M","R","M","M","R","BOSS","M","M","$","M","M","E","?","?","T","?","R","$","?","M","R","BOSS","R","??","M","M","T","?","$","M"],"items_purchased_type":["Card","Relic","Relic","Relic","Card","Card","Card","Card","Relic","Card","Relic"],"build_version":"2020-12-22","purchased_purges":4,"victory":false,"max_hp_per_floor":[60,60,60,60,60,60,66,67,67,67,67,67,67,67,67,67,67,67,67,67,67,67,67,67,67,67,67,67,67,67,68,68,68,76,78,81,81,81,83,85,85,85,85,87,87,87,87,91,91,88,88,88,80,80,80,80,80,80,80,80],"card_choices":[{"not_picked":["animator:Sloth","animator:Cocytus"],"picked":"animator:YunYun","floor":1.0},{"not_picked":["animator:Vanir","animator:LeleiLaLalena"],"picked":"animator:DolaRiku","floor":3.0},{"not_picked":["animator:ElricAlphonse","animator:TukaLunaMarceau"],"picked":"animator:Spearman","floor":4.0},{"not_picked":["animator:CowGirl","animator:Spearman"],"picked":"animator:Witch","floor":8.0},{"not_picked":["animator:Arpeggio","animator:PinaCoLada"],"picked":"animator:Spearman","floor":10},{"not_picked":["animator:MaesHughes","animator:Benimaru"],"picked":"animator:LizardPriest","floor":11},{"not_picked":["animator:ZankiKiguchi","animator:Emonzaemon"],"picked":"animator:Mitsurugi","floor":12},{"not_picked":["animator:HighElfArcher","animator:Witch"],"picked":"animator:GuildGirl","floor":14},{"not_picked":["animator:PinaCoLada","animator:ItamiYouji"],"picked":"animator:Rimuru","floor":16},{"not_picked":["animator:Hitei","animator:NarberalGamma"],"picked":"animator:DolaStephanie","floor":18},{"not_picked":["animator:MaesHughes","animator:Sloth","animator:Tet"],"picked":"SKIP","floor":22},{"not_picked":["animator:DolaCouronne","animator:Sloth","animator:Emonzaemon"],"picked":"SKIP","floor":23},{"not_picked":["animator:Konayuki","animator:ShikizakiKiki"],"picked":"animator:Togame","floor":28},{"not_picked":["animator:Togame","animator:Azekura"],"picked":"animator:LeleiLaLalena","floor":30},{"not_picked":["animator:Gluttony","animator:Nanami"],"picked":"animator:Biyorigo","floor":31},{"not_picked":["animator:Ainz","animator:Saber"],"picked":"animator:Sora","floor":33},{"not_picked":["animator:MaesHughes","animator:UneriGinkaku"],"picked":"animator:Jibril","floor":35},{"not_picked":["animator:Spearman","animator:Witch"],"picked":"animator:Priestess","floor":36},{"not_picked":["animator:RinTohsaka","animator:TsurugaMeisai"],"picked":"animator:Megumin","floor":38},{"not_picked":["animator:Gluttony","animator:Tet"],"picked":"animator:Spearman","floor":39},{"not_picked":["animator:Shalltear","animator:FielNirvalen+1","animator:RoryMercury+1"],"picked":"SKIP","floor":40},{"not_picked":["animator:Witch","animator:Spearman"],"picked":"animator:GoblinSlayer","floor":44},{"not_picked":["animator:Hakurou","animator:DolaSchwi","animator:SakuraMatou+1"],"picked":"SKIP","floor":44},{"not_picked":["animator:Hakurou","animator:DolaSchwi","animator:RinTohsaka"],"picked":"SKIP","floor":44},{"not_picked":["animator:YaoHaDucy","animator:Caster"],"picked":"animator:SwordMaiden","floor":48},{"not_picked":["animator:Souei","animator:Mitsurugi"],"picked":"animator:DolaStephanie+1","floor":48},{"not_picked":["animator:Millim+1","animator:Benimaru"],"picked":"animator:Spearman","floor":54},{"not_picked":["animator:ElricAlphonse","animator:Sloth","animator:ChlammyZell"],"picked":"SKIP","floor":55},{"not_picked":["animator:Canti","animator:MisaKurobane"],"picked":"animator:QuestionMark","floor":57},{"not_picked":["animator:Albedo","animator:ItamiYouji"],"picked":"animator:Rimuru","floor":57}],"player_experience":718297,"relics_obtained":[{"floor":10,"key":"animator:WornHelmet"},{"floor":23,"key":"InkBottle"},{"floor":26,"key":"Toy Ornithopter"},{"floor":40,"key":"Pocketwatch"},{"floor":43,"key":"Prayer Wheel"},{"floor":53,"key":"animator:TheEgnaroPiece"},{"floor":56,"key":"animator:AncientMedallion"}],"event_choices":[{"damage_healed":0.0,"max_hp_gain":0.0,"max_hp_loss":0.0,"gold_gain":0.0,"event_name":"betterThird:BetterSerpent","player_choice":"RENOUNCE","floor":7.0,"gold_loss":96.0,"damage_taken":96.0,"cards_obtained":["Enlightenment"]},{"cards_removed":["animator:Defend"],"damage_healed":0,"gold_gain":0,"player_choice":"Forget","damage_taken":0,"max_hp_gain":0,"max_hp_loss":0,"event_name":"Living Wall","floor":13,"gold_loss":0},{"cards_removed":["animator:Strike"],"damage_healed":0,"gold_gain":0,"player_choice":"Elegance","damage_taken":0,"max_hp_gain":0,"max_hp_loss":0,"event_name":"betterThird:BetterWriting","floor":19,"gold_loss":0},{"damage_healed":0,"gold_gain":0,"player_choice":"Ignored","damage_taken":0,"max_hp_gain":0,"max_hp_loss":0,"event_name":"The Mausoleum","floor":20,"gold_loss":0},{"damage_healed":0,"gold_gain":0,"player_choice":"Obtained Relic","damage_taken":0,"relics_obtained":["The Courier"],"max_hp_gain":0,"max_hp_loss":0,"event_name":"Addict","floor":24,"gold_loss":85},{"damage_healed":0,"gold_gain":50,"player_choice":"Steal","damage_taken":0,"max_hp_gain":0,"max_hp_loss":0,"event_name":"betterThird:BetterNest","floor":25,"gold_loss":0},{"damage_healed":0,"gold_gain":0,"player_choice":"Embrace Madness","damage_taken":14,"max_hp_gain":0,"max_hp_loss":0,"event_name":"Winding Halls","floor":41,"gold_loss":0,"cards_obtained":["animator:HigakiRinne"]},{"damage_healed":0,"gold_gain":0,"player_choice":"Gave Potion","damage_taken":0,"relics_obtained":["War Paint"],"max_hp_gain":0,"max_hp_loss":0,"event_name":"WeMeetAgain","floor":42,"gold_loss":0},{"damage_healed":0,"gold_gain":0,"player_choice":"Upgraded","damage_taken":0,"max_hp_gain":0,"max_hp_loss":0,"event_name":"Upgrade Shrine","floor":47,"gold_loss":0,"cards_upgraded":["animator:HigakiRinne"]},{"damage_healed":0,"gold_gain":0,"player_choice":"1","damage_taken":0,"max_hp_gain":0,"max_hp_loss":0,"event_name":"betterMatch:BetterMatch","floor":57,"gold_loss":0,"cards_obtained":["betterMatch:ColorlessUncommonCard","betterMatch:RareCard"]}],"is_beta":false,"boss_relics":[{"not_picked":["Black Star","Empty Cage"],"picked":"animator:VividPicture"},{"not_picked":["Busted Crown","Pandora\u0027s Box"],"picked":"animator:HolyGrailRelic"}],"items_purged_floors":[0,2,21,37],"is_endless":false,"potions_floor_spawned":[1,8,11,12,18,28,30,36,38,39],"killed_by":"animator:LARGE_CUBE","ascension_level":18}}