{"host":"4rvakrj1idbgia3f","time":1610261390,"event":{"mods":["BaseMod","Colored Map","Colored Powertips","DeckTracker","Highlight Path","Minty Spire (QoL Compilation)","Random Character Button","StSLib"],"gold_per_floor":[119,139,159,173,193,193,193,193,193,226,226,255,100,115,115,186,186,203,203,203,103,28,28,60,60,84,112,112,132,150,176,176,176,176],"floor_reached":33,"playtime":1203,"items_purged":["Strike_R","Strike_R+1"],"score":636,"play_id":"ae2b3b72-fbf1-4638-87e9-075d59b81fd3","local_time":"20210110154950","is_ascension_mode":true,"campfire_choices":[{"data":"Armaments","floor":6.0,"key":"SMITH"},{"data":"Perfected Strike","floor":8.0,"key":"SMITH"},{"data":"Twin Strike","floor":11.0,"key":"SMITH"},{"data":"Immolate","floor":15.0,"key":"SMITH"},{"data":"Immolate","floor":23,"key":"SMITH"},{"data":"Seeing Red","floor":25,"key":"SMITH"},{"data":"Twin Strike","floor":28,"key":"SMITH"},{"data":"Shockwave","floor":32,"key":"SMITH"}],"circlet_count":0,"master_deck":["AscendersBane","Strike_R+1","Strike_R+1","Strike_R+1","Defend_R+1","Defend_R+1","Bash","Blind","Disarm","Shockwave+1","Armaments+1","Twin Strike+1","Perfected Strike+1","Shrug It Off","Immolate+1","Seeing Red+1","Battle Trance","Immolate+1","Twin Strike+1"],"relics":["Burning Blood","Nunchaku","Tiny Chest","Pear","Coffee Dripper","Pen Nib","Bronze Scales","Oddly Smooth Stone","Smiling Mask"],"acts_visited":["Exordium","TheCity"],"potions_floor_usage":[33],"damage_taken":[{"damage":0.0,"enemies":"Cultist","floor":1.0,"turns":4.0},{"damage":5.0,"enemies":"Jaw Worm","floor":2.0,"turns":5.0},{"damage":10.0,"enemies":"2 Louse","floor":3.0,"turns":4.0},{"damage":3.0,"enemies":"Looter","floor":4.0,"turns":4.0},{"damage":5.0,"enemies":"Exordium Wildlife","floor":5.0,"turns":4.0},{"damage":5.0,"enemies":"3 Sentries","floor":10.0,"turns":9.0},{"damage":5.0,"enemies":"Lagavulin","floor":12.0,"turns":5.0},{"damage":0.0,"enemies":"Gremlin Gang","floor":14.0,"turns":2.0},{"damage":23,"enemies":"The Guardian","floor":16,"turns":11},{"damage":12,"enemies":"Chosen","floor":18,"turns":3},{"damage":14,"enemies":"Slavers","floor":24,"turns":2},{"damage":0,"enemies":"Gremlin Leader","floor":27,"turns":5},{"damage":0,"enemies":"2 Thieves","floor":29,"turns":2},{"damage":0,"enemies":"Cultist and Chosen","floor":30,"turns":3},{"damage":85,"enemies":"Champ","floor":33,"turns":8}],"seed_played":"-5463527049413449130","potions_obtained":[{"floor":2.0,"key":"HeartOfIron"},{"floor":3.0,"key":"Energy Potion"},{"floor":5.0,"key":"BlessingOfTheForge"},{"floor":16,"key":"LiquidBronze"},{"floor":30,"key":"Swift Potion"}],"is_trial":false,"path_per_floor":["M","M","M","M","M","R","?","R","T","E","R","E","$","M","R","B",null,"M","?","?","$","?","R","E","R","T","E","R","M","M","T","R","B"],"character_chosen":"IRONCLAD","items_purchased":["Seeing Red"],"campfire_rested":0,"item_purchase_floors":[13],"current_hp_per_floor":[74,75,71,74,75,75,68,68,68,69,69,80,80,85,85,68,81,75,75,75,75,75,75,67,67,67,73,73,79,85,85,85,0,0],"gold":176,"neow_bonus":"RANDOM_COLORLESS","is_daily":false,"chose_seed":false,"campfire_upgraded":8,"win_rate":0.0,"timestamp":1610261390,"path_taken":["M","M","M","M","?","R","?","R","T","E","R","E","$","M","R","BOSS","M","?","?","$","?","R","E","R","T","E","R","M","M","?","R","BOSS"],"items_purchased_type":["Card"],"build_version":"2020-12-22","purchased_purges":2,"victory":false,"max_hp_per_floor":[75,75,75,75,75,75,75,75,75,75,75,85,85,85,85,85,85,85,85,85,85,85,85,85,85,85,85,85,85,85,85,85,85,85],"card_choices":[{"not_picked":["Dramatic Entrance","Trip"],"picked":"Blind","floor":0.0},{"not_picked":["Body Slam","Feel No Pain"],"picked":"Disarm","floor":1.0},{"not_picked":["Dark Embrace","Iron Wave"],"picked":"Shockwave","floor":2.0},{"not_picked":["Anger","Limit Break"],"picked":"Armaments","floor":3.0},{"not_picked":["Body Slam","Flex"],"picked":"Twin Strike","floor":4.0},{"not_picked":["Sword Boomerang","True Grit"],"picked":"Perfected Strike","floor":5.0},{"not_picked":["Havoc","Reckless Charge"],"picked":"Shrug It Off","floor":10.0},{"not_picked":["Wild Strike","Twin Strike"],"picked":"Immolate","floor":12.0},{"not_picked":["Clothesline","Twin Strike"],"picked":"Battle Trance","floor":14.0},{"not_picked":["Bludgeon","Brutality"],"picked":"Immolate","floor":16},{"not_picked":["Hemokinesis","Spot Weakness","Rupture"],"picked":"SKIP","floor":18},{"not_picked":["Shrug It Off","Searing Blow"],"picked":"Twin Strike","floor":24},{"not_picked":["Body Slam","Reckless Charge","Blood for Blood"],"picked":"SKIP","floor":27},{"not_picked":["Rage","Sword Boomerang","Sentinel"],"picked":"SKIP","floor":29},{"not_picked":["Body Slam","Carnage","Dropkick"],"picked":"SKIP","floor":30}],"player_experience":1988842,"relics_obtained":[{"floor":9.0,"key":"Nunchaku"},{"floor":10.0,"key":"Tiny Chest"},{"floor":12.0,"key":"Pear"},{"floor":24,"key":"Pen Nib"},{"floor":26,"key":"Bronze Scales"},{"floor":27,"key":"Oddly Smooth Stone"},{"floor":31,"key":"Smiling Mask"}],"event_choices":[{"cards_removed":["Defend_R"],"damage_healed":0.0,"max_hp_gain":0.0,"max_hp_loss":0.0,"gold_gain":0.0,"event_name":"Golden Wing","player_choice":"Card Removal","floor":7.0,"gold_loss":0.0,"damage_taken":7.0},{"damage_healed":0,"gold_gain":0,"player_choice":"Simplicity","damage_taken":0,"max_hp_gain":0,"max_hp_loss":0,"event_name":"Back to Basics","floor":19,"gold_loss":0,"cards_upgraded":["Strike_R","Strike_R","Strike_R","Strike_R","Defend_R","Defend_R","Defend_R"]},{"cards_removed":["Defend_R"],"damage_healed":0,"gold_gain":0,"player_choice":"Gave Gold","damage_taken":0,"max_hp_gain":0,"max_hp_loss":0,"event_name":"Beggar","floor":22,"gold_loss":75}],"is_beta":false,"boss_relics":[{"not_picked":["Astrolabe","Runic Dome"],"picked":"Coffee Dripper"}],"items_purged_floors":[13,21],"is_endless":false,"potions_floor_spawned":[2,3,4,5,16,30],"killed_by":"Champ","ascension_level":20}}