{"host":"foq4mrde4mssg7vt","time":1610261209,"event":{"mods":["AchievementEnabler","BaseMod","Colored Map","Colored Powertips","Highlight Path","Minty Spire (QoL Compilation)","Relic Stats","everything is the same but u backflip on backflip"],"gold_per_floor":[117,117,129,148,158,158,189,189,213,248,248,262,290,308,308,386,386,403,415,305,319,319,319,55,55,55,72,72,82,100,120,120,196,196,215,226,226,238,63,63,88,88,88,119,135,153,153,185,185,185,185,185,25,53,53,53],"floor_reached":55,"playtime":3544,"items_purged":["Strike_R","Anger","Doubt"],"score":1373,"play_id":"42e9418b-ed55-4b76-8115-f3e44d84e54b","local_time":"20210110144649","is_ascension_mode":true,"campfire_choices":[{"data":"Sword Boomerang","floor":6.0,"key":"SMITH"},{"data":"Shrug It Off","floor":8.0,"key":"SMITH"},{"data":"Disarm","floor":15.0,"key":"SMITH"},{"data":"Feed","floor":23.0,"key":"SMITH"},{"data":"True Grit","floor":25.0,"key":"SMITH"},{"data":"Juggernaut","floor":28.0,"key":"SMITH"},{"data":"Dual Wield","floor":32.0,"key":"SMITH"},{"data":"Feel No Pain","floor":40.0,"key":"SMITH"},{"floor":49.0,"key":"RECALL"},{"data":"Demon Form","floor":52.0,"key":"SMITH"}],"circlet_count":0,"master_deck":["AscendersBane","Strike_R+1","Defend_R","Defend_R","Defend_R","Bash+1","Sword Boomerang+1","Carnage","Shrug It Off+1","Headbutt","Disarm+1","Juggernaut+1","Feed+1","Metallicize+1","Seeing Red","True Grit+1","Dual Wield+1","Demon Form+1","Feel No Pain+1","Shrug It Off+1","Fiend Fire","Dark Embrace","Power Through+1","Evolve"],"relics":["Burning Blood","PreservedInsect","Blood Vial","Centennial Puzzle","Anchor","Philosopher\u0027s Stone","Frozen Eye","Singing Bowl","Snecko Eye","Ginger","Shuriken","Unceasing Top","Bag of Preparation"],"acts_visited":["Exordium","TheCity","TheBeyond","TheEnding"],"potions_floor_usage":[55],"damage_taken":[{"damage":4.0,"enemies":"Jaw Worm","floor":1.0,"turns":4.0},{"damage":0.0,"enemies":"Small Slimes","floor":3.0,"turns":3.0},{"damage":0.0,"enemies":"Cultist","floor":4.0,"turns":3.0},{"damage":20.0,"enemies":"Gremlin Gang","floor":5.0,"turns":5.0},{"damage":16.0,"enemies":"Gremlin Nob","floor":7.0,"turns":3.0},{"damage":13.0,"enemies":"3 Sentries","floor":10.0,"turns":7.0},{"damage":7.0,"enemies":"Blue Slaver","floor":12.0,"turns":4.0},{"damage":18.0,"enemies":"Lagavulin","floor":13.0,"turns":5.0},{"damage":0.0,"enemies":"Lots of Slimes","floor":14.0,"turns":2.0},{"damage":35.0,"enemies":"The Guardian","floor":16.0,"turns":11.0},{"damage":6.0,"enemies":"3 Byrds","floor":18.0,"turns":6.0},{"damage":24.0,"enemies":"Spheric Guardian","floor":19.0,"turns":5.0},{"damage":11.0,"enemies":"Centurion and Healer","floor":21.0,"turns":7.0},{"damage":16.0,"enemies":"Cultist and Chosen","floor":27.0,"turns":7.0},{"damage":7.0,"enemies":"Snecko","floor":29.0,"turns":6.0},{"damage":20.0,"enemies":"3 Cultists","floor":30.0,"turns":5.0},{"damage":1.0,"enemies":"Chosen and Byrds","floor":31.0,"turns":6.0},{"damage":43.0,"enemies":"Automaton","floor":33.0,"turns":8.0},{"damage":64.0,"enemies":"3 Darklings","floor":35.0,"turns":7.0},{"damage":0.0,"enemies":"Orb Walker","floor":36.0,"turns":2.0},{"damage":19.0,"enemies":"Jaw Worm Horde","floor":38.0,"turns":5.0},{"damage":38.0,"enemies":"Giant Head","floor":41.0,"turns":10.0},{"damage":0.0,"enemies":"Reptomancer","floor":44.0,"turns":6.0},{"damage":11.0,"enemies":"4 Shapes","floor":45.0,"turns":4.0},{"damage":37.0,"enemies":"3 Darklings","floor":46.0,"turns":6.0},{"damage":13.0,"enemies":"Giant Head","floor":48.0,"turns":7.0},{"damage":122.0,"enemies":"Awakened One","floor":50.0,"turns":18.0},{"damage":48,"enemies":"Shield and Spear","floor":54,"turns":7},{"damage":72,"enemies":"The Heart","floor":55,"turns":5}],"seed_played":"2051586274889837175","potions_obtained":[{"floor":3.0,"key":"Block Potion"},{"floor":4.0,"key":"DuplicationPotion"},{"floor":10.0,"key":"ElixirPotion"},{"floor":12.0,"key":"Explosive Potion"},{"floor":14.0,"key":"LiquidMemories"},{"floor":16.0,"key":"SteroidPotion"},{"floor":21.0,"key":"LiquidMemories"},{"floor":27.0,"key":"EssenceOfSteel"},{"floor":31.0,"key":"DuplicationPotion"},{"floor":36.0,"key":"ColorlessPotion"},{"floor":41.0,"key":"ColorlessPotion"},{"floor":46.0,"key":"LiquidBronze"},{"floor":54,"key":"FearPotion"}],"is_trial":false,"path_per_floor":["M","?","M","M","M","R","E","R","T","E","?","M","E","M","R","B",null,"M","M","?","M","?","R","$","R","T","M","R","M","M","M","R","B",null,"M","M","?","M","$","R","E","?","T","E","M","M","?","E","R","B",null,"R","$","E","B"],"character_chosen":"IRONCLAD","items_purchased":["Frozen Eye","True Grit","Feel No Pain","Evolve"],"campfire_rested":0,"item_purchase_floors":[24,24,39,53],"current_hp_per_floor":[70,70,75,75,61,61,51,51,51,46,46,47,37,45,45,18,61,66,53,53,53,53,53,53,53,53,51,51,58,48,59,59,24,83,33,47,93,94,94,94,68,68,68,80,85,62,129,122,122,8,99,99,99,69,0,0],"gold":53,"neow_bonus":"UPGRADE_CARD","is_daily":false,"chose_seed":false,"campfire_upgraded":9,"win_rate":0.0,"timestamp":1610261209,"path_taken":["M","?","M","M","M","R","E","R","T","E","?","M","E","M","R","BOSS","M","M","?","?","?","R","$","R","T","M","R","?","M","?","R","BOSS","M","M","?","M","$","R","E","?","T","E","M","M","?","E","R","BOSS","R","$","E","BOSS"],"items_purchased_type":["Relic","Card","Card","Card"],"build_version":"2020-12-22","purchased_purges":3,"victory":false,"max_hp_per_floor":[75,75,75,75,75,75,75,75,75,75,75,75,75,75,75,75,75,78,81,81,84,84,84,84,84,84,90,90,96,98,102,102,102,102,108,114,93,107,107,107,111,111,111,115,123,129,129,129,129,129,129,129,129,139,139,139],"relic_stats":{"Blood Vial":44,"Centennial Puzzle":[60],"Singing Bowl":16,"counters":[29,174],"Shuriken":[5],"Snecko Eye":[137,142,159,171],"PreservedInsect":458,"Bag of Preparation":[2],"Ginger":[8],"obtain_stats":[{"Singing Bowl":26,"PreservedInsect":7,"Bag of Preparation":54,"Ginger":41,"Burning Blood":0,"Blood Vial":9,"Frozen Eye":24,"Centennial Puzzle":10,"Anchor":13,"Shuriken":44,"Snecko Eye":34,"Philosopher\u0027s Stone":17,"Unceasing Top":48},{"Singing Bowl":13,"PreservedInsect":5,"Bag of Preparation":28,"Ginger":22,"Burning Blood":0,"Blood Vial":5,"Frozen Eye":13,"Centennial Puzzle":6,"Anchor":8,"Shuriken":23,"Snecko Eye":18,"Philosopher\u0027s Stone":10,"Unceasing Top":26},{"Singing Bowl":65,"PreservedInsect":18,"Bag of Preparation":169,"Ginger":121,"Burning Blood":0,"Blood Vial":18,"Frozen Eye":65,"Centennial Puzzle":25,"Anchor":34,"Shuriken":127,"Snecko Eye":97,"Philosopher\u0027s Stone":47,"Unceasing Top":144}],"Burning Blood":161,"Unceasing Top":[1]},"card_choices":[{"not_picked":["Flex","Shockwave"],"picked":"Sword Boomerang","floor":1.0},{"not_picked":["Iron Wave","Entrench"],"picked":"Carnage","floor":3.0},{"not_picked":["Iron Wave","Headbutt"],"picked":"Shrug It Off","floor":4.0},{"not_picked":["Wild Strike","Bloodletting","Sword Boomerang"],"picked":"SKIP","floor":5.0},{"not_picked":["Wild Strike","Infernal Blade"],"picked":"Headbutt","floor":7.0},{"not_picked":["Clothesline","Havoc"],"picked":"Disarm","floor":10.0},{"not_picked":["Clothesline","Thunderclap"],"picked":"Anger","floor":12.0},{"not_picked":["Sever Soul","Pommel Strike"],"picked":"Juggernaut","floor":13.0},{"not_picked":["Flex","Rupture","Second Wind"],"picked":"SKIP","floor":14.0},{"not_picked":["Barricade","Brutality"],"picked":"Feed","floor":16.0},{"not_picked":["Second Wind","Clothesline"],"picked":"Metallicize+1","floor":18.0},{"not_picked":["Body Slam","Armaments","Dropkick"],"picked":"SKIP","floor":19.0},{"not_picked":["Warcry","Reckless Charge","Metallicize+1"],"picked":"SKIP","floor":21.0},{"not_picked":["Cleave","Fire Breathing","Pommel Strike"],"picked":"Singing Bowl","floor":27.0},{"not_picked":["Sword Boomerang","Armaments","Thunderclap"],"picked":"Singing Bowl","floor":29.0},{"not_picked":["Cleave","Warcry","Hemokinesis"],"picked":"Singing Bowl","floor":30.0},{"not_picked":["Sword Boomerang","Warcry"],"picked":"Dual Wield","floor":31.0},{"not_picked":["Fiend Fire","Feed"],"picked":"Demon Form","floor":33.0},{"not_picked":["Twin Strike+1","Armaments","Headbutt"],"picked":"Singing Bowl","floor":35.0},{"not_picked":["Intimidate","Sever Soul","Thunderclap"],"picked":"Singing Bowl","floor":36.0},{"not_picked":["Cleave","Armaments+1","Clothesline"],"picked":"Singing Bowl","floor":38.0},{"not_picked":["Carnage","Clothesline"],"picked":"Shrug It Off+1","floor":41.0},{"not_picked":["Rupture","Thunderclap"],"picked":"Fiend Fire","floor":44.0},{"not_picked":["Heavy Blade","Dual Wield+1"],"picked":"Dark Embrace","floor":45.0},{"not_picked":["True Grit","Body Slam","Warcry"],"picked":"Singing Bowl","floor":46.0},{"not_picked":["Carnage","Double Tap"],"picked":"Power Through+1","floor":48.0},{"not_picked":["Anger+1","Exhume","Iron Wave"],"picked":"Singing Bowl","floor":54}],"player_experience":429849,"relics_obtained":[{"floor":7.0,"key":"PreservedInsect"},{"floor":9.0,"key":"Blood Vial"},{"floor":10.0,"key":"Centennial Puzzle"},{"floor":13.0,"key":"Anchor"},{"floor":26.0,"key":"Singing Bowl"},{"floor":41.0,"key":"Ginger"},{"floor":44.0,"key":"Shuriken"},{"floor":48.0,"key":"Unceasing Top"},{"floor":54,"key":"Bag of Preparation"}],"event_choices":[{"damage_healed":0.0,"max_hp_gain":0.0,"max_hp_loss":0.0,"gold_gain":0.0,"event_name":"The Cleric","player_choice":"Leave","floor":2.0,"gold_loss":0.0,"damage_taken":0.0},{"cards_removed":["Strike_R"],"damage_healed":0.0,"max_hp_gain":0.0,"max_hp_loss":0.0,"gold_gain":0.0,"event_name":"Bonfire Elementals","player_choice":"Offered Basic","floor":11.0,"gold_loss":0.0,"damage_taken":0.0},{"cards_removed":["Strike_R"],"damage_healed":0.0,"max_hp_gain":0.0,"max_hp_loss":0.0,"gold_gain":0.0,"event_name":"Designer","player_choice":"Upgrade and Remove","floor":20.0,"gold_loss":110.0,"damage_taken":0.0,"cards_upgraded":["Strike_R"]},{"damage_healed":0.0,"max_hp_gain":0.0,"max_hp_loss":0.0,"gold_gain":0.0,"cards_transformed":["Strike_R"],"event_name":"Transmorgrifier","player_choice":"Transformed","floor":22.0,"gold_loss":0.0,"damage_taken":0.0,"cards_obtained":["Seeing Red"]},{"damage_healed":93.0,"max_hp_gain":0.0,"max_hp_loss":21.0,"gold_gain":0.0,"event_name":"The Moai Head","player_choice":"Heal","floor":37.0,"gold_loss":0.0,"damage_taken":0.0},{"cards_removed":["Defend_R"],"damage_healed":0.0,"max_hp_gain":0.0,"max_hp_loss":0.0,"gold_gain":0.0,"event_name":"Falling","player_choice":"Removed Skill","floor":42.0,"gold_loss":0.0,"damage_taken":0.0},{"damage_healed":67.0,"max_hp_gain":0.0,"max_hp_loss":0.0,"gold_gain":0.0,"event_name":"MindBloom","player_choice":"Heal","floor":47.0,"gold_loss":0.0,"damage_taken":0.0,"cards_obtained":["Doubt"]}],"is_beta":false,"boss_relics":[{"not_picked":["Sozu","Tiny House"],"picked":"Philosopher\u0027s Stone"},{"not_picked":["Empty Cage","Calling Bell"],"picked":"Snecko Eye"}],"items_purged_floors":[24,39,53],"is_endless":false,"potions_floor_spawned":[3,4,10,12,14,16,19,21,27,31,36,41,46,54],"killed_by":"The Heart","ascension_level":15}}