{"host":"r9v0g0iwbsx9dzwu","time":1610263121,"event":{"mods":["ATMod(阿瑾Mod)","Aspiration","BaseMod","Energized Spire","GifTheSpireLib","Minty Spire (QoL Compilation)","MostiFishMod","Replay The Spire","RumiaBox-露米娅的神秘盒子","StSLib","TestMod","The Jungle","[IsaacMod]以撒尖塔","vexMod","【功能Mod】聪明的最终Boss"],"gold_per_floor":[117,135,149,149,166,197,197,229,229,229,255,655,655,683,683,756,756,774,790,884,884,479,507,533,560,584,368,397,397,432,466,466,540,540,556,186,186,205,155,182,210,240,240,240,240,259,49,79,79,79,79,79],"floor_reached":51,"playtime":1958,"items_purged":["Dualcast","AT_BreakingExtremeWeapon+1","Strike_B","Strike_B","Doom and Gloom","Strike_B"],"score":2485,"play_id":"59536dae-dc6f-4a1c-ba9a-c31a0307d0e4","local_time":"20210110151841","is_ascension_mode":true,"campfire_choices":[{"data":"Whirlwind","floor":7.0,"key":"SMITH"},{"data":"AT_BreakingExtremeWeapon","floor":13.0,"key":"SMITH"},{"data":"Limit Break","floor":29.0,"key":"SMITH"},{"floor":44,"key":"RECALL"},{"data":"Limit Break","floor":45,"key":"SMITH"},{"data":"Dual Wield","floor":49,"key":"SMITH"}],"circlet_count":0,"master_deck":["Defend_B","Defend_B","Defend_B","Defend_B","Zap","BloodyBrimstone","Whirlwind+1","aspiration:Polymerization","Limit Break+1","Recycle","Core Surge","Limit Break+1","Dual Wield+1","Warcry+1","Sword Boomerang+1"],"relics":["Cracked Core","AT_ATBox","HushsDoor","testmod-TestBox","testmod-Nyarlathotep","MoneyPower","MetatronsCube","aspiration:Nostalgia","Iron Core","MetatronsCube","DaveBox","MetatronsCube","Strawberry","Bag of Preparation","Quantum Egg","Bronze Scales","Tiny Chest","vexMod:PlasmaPancake","Replay:Fungal Core","BelialBook","GuppysCollar","WingedGreaves","MagicDraw3","SharpPlug","Damocles","Smiling Mask","vexMod:Cooldron","vexMod:RedPlottingStone","testmod-ArcanaOfDestiny","Baka2","Cables","MealTicket","Chameleon Ring","testmod-OneHitWonder","aspiration:IroncladSkillbook","GuppysHead","RottenBaby","AT_SpeedBoots","DataDisk","TimeFreeze","HornCleat","Happy Flower","MagicDraw2","AT_Kusabimaru","BionicSphere","BlankCard","testmod-LifeArmor","aspiration:ChemicalBlood","Unceasing Top","Replay:Towering Pillar of Hats","PrismaticShard","Divine Protection","ReplayTheSpireMod:Ninjato"],"acts_visited":["Exordium","Exordium","TheBeyond"],"potions_floor_usage":[33,33,33,33,41,41,41,41,51,51,51,51,51,51,51,51,51,51],"damage_taken":[{"damage":0.0,"enemies":"2 Louse","floor":1.0,"turns":2.0},{"damage":0.0,"enemies":"Small Slimes","floor":2.0,"turns":1.0},{"damage":5.0,"enemies":"Jaw Worm","floor":3.0,"turns":2.0},{"damage":0.0,"enemies":"Lots of Slimes","floor":5.0,"turns":2.0},{"damage":0.0,"enemies":"Lagavulin","floor":6.0,"turns":3.0},{"damage":0.0,"enemies":"Gremlin Nob","floor":8.0,"turns":2.0},{"damage":0.0,"enemies":"3 Sentries","floor":11.0,"turns":1.0},{"damage":0.0,"enemies":"Lagavulin","floor":14.0,"turns":2.0},{"damage":8.0,"enemies":"Fading Forest","floor":16.0,"turns":13.0},{"damage":3.0,"enemies":"theJungle:MUSHROOMGANG","floor":18.0,"turns":1.0},{"damage":0.0,"enemies":"theJungle:GiantWrat","floor":19.0,"turns":1.0},{"damage":0.0,"enemies":"theJungle:JungleHuntersEncounter","floor":22.0,"turns":1.0},{"damage":0.0,"enemies":"theJungle:2_Phrogs","floor":23.0,"turns":1.0},{"damage":0.0,"enemies":"theJungle:MamaSnecko","floor":24.0,"turns":3.0},{"damage":0.0,"enemies":"theJungle:2_Phrogs","floor":25.0,"turns":2.0},{"damage":0.0,"enemies":"theJungle:MamaSnecko","floor":28.0,"turns":1.0},{"damage":0.0,"enemies":"theJungle:2_Phrogs","floor":30.0,"turns":1.0},{"damage":0.0,"enemies":"theJungle:MamaSnecko","floor":31.0,"turns":2.0},{"damage":0,"enemies":"theJungle:QueenSpyder","floor":33,"turns":4},{"damage":0,"enemies":"3 Shapes","floor":35,"turns":1},{"damage":0,"enemies":"Orb Walker","floor":38,"turns":1},{"damage":0,"enemies":"R_Hoarder","floor":40,"turns":1},{"damage":0,"enemies":"Nemesis","floor":41,"turns":1},{"damage":0,"enemies":"Reptomancer","floor":42,"turns":1},{"damage":0,"enemies":"Sphere and 2 Shapes","floor":46,"turns":1},{"damage":0,"enemies":"Giant Head","floor":48,"turns":1},{"damage":0,"enemies":"Replay:Hell Engine","floor":50,"turns":2},{"damage":2,"enemies":"Donu and Deca","floor":51,"turns":5}],"seed_played":"-8311664833740334131","potions_obtained":[{"floor":5.0,"key":"PowerPotion"},{"floor":6.0,"key":"FocusPotion"},{"floor":14.0,"key":"Languid Potion"},{"floor":28.0,"key":"EntropicBrew"},{"floor":30.0,"key":"EntropicBrew"},{"floor":33,"key":"EntropicBrew"},{"floor":42,"key":"EntropicBrew"},{"floor":46,"key":"EntropicBrew"},{"floor":51,"key":"EntropicBrew"},{"floor":51,"key":"EntropicBrew"}],"is_trial":false,"path_per_floor":["M","M","M","?","M","E","R","E","T","?","E","?","R","E","R","B",null,"M","M","?","T","M","E","E","E","T","$","E","R","E","E","R","B",null,"M","$","T","M","$","E","E","E","T","R","R","M","$","E","R","B","B"],"character_chosen":"DEFECT","items_purchased":["BelialBook","GuppysCollar","vexMod:Cooldron","GuppysHead","RottenBaby","Death Potion","SmokeBomb","EntropicBrew","Dual Wield","DataDisk","TimeFreeze","PrismaticShard"],"campfire_rested":0,"item_purchase_floors":[17,17,27,34,34,34,34,34,34,36,36,47],"current_hp_per_floor":[64,64,62,62,62,69,69,69,69,54,54,54,54,60,60,52,50,47,47,32,32,32,32,32,32,32,32,32,32,32,32,32,32,1,1,1,1,1,1,1,1,1,1,1,1,1,1,1,1,1,0,0],"gold":79,"neow_bonus":"NOSTALGIA","is_daily":false,"chose_seed":false,"campfire_upgraded":5,"win_rate":0.0,"timestamp":1610263121,"path_taken":["M","M","M","?","M","E","R","E","T","?","E","?","R","E","R","BOSS","M","M","?","?","M","E","E","E","T","$","E","R","E","E","R","BOSS","M","$","?","M","?","E","E","E","T","R","R","M","$","E","R","BOSS","BOSS"],"items_purchased_type":["Relic","Relic","Relic","Relic","Relic","Potion","Potion","Potion","Card","Relic","Relic","Relic"],"build_version":"2020-12-22","purchased_purges":6,"victory":false,"max_hp_per_floor":[71,71,71,71,71,75,75,75,75,75,75,75,75,81,81,78,50,50,50,50,50,50,50,50,50,50,50,50,50,50,50,50,47,1,1,1,1,1,1,1,1,1,1,1,1,1,1,1,1,1,1,1],"card_choices":[{"not_picked":[],"picked":"BloodyBrimstone","floor":0.0},{"not_picked":["Fan","Self Repair"],"picked":"Whirlwind","floor":1.0},{"not_picked":["Clash","Heavy Blade","WeaponsOverheat"],"picked":"SKIP","floor":2.0},{"not_picked":["Gash","Conserve Battery","Force Field"],"picked":"SKIP","floor":3.0},{"not_picked":["ReplayTheSpireMod:Reroute Power","MostiFishMod:TalkingToTheRain","Heavy Blade"],"picked":"SKIP","floor":5.0},{"not_picked":["AT_ThreeBodyProblem","FTL","Clash"],"picked":"SKIP","floor":6.0},{"not_picked":["Hologram","Cancel","MostiFishMod:PushDownKick"],"picked":"SKIP","floor":8.0},{"not_picked":["Conserve Battery","Mirror Shield","Fire Breathing"],"picked":"SKIP","floor":11.0},{"not_picked":["Undo","Clash","Barrage"],"picked":"SKIP","floor":14.0},{"not_picked":["Barricade","Thunder Strike"],"picked":"Limit Break","floor":16.0},{"not_picked":["Beam Cell","AT_ThreeBodyProblem","Go for the Eyes"],"picked":"SKIP","floor":18.0},{"not_picked":["Go for the Eyes","Aggregate","Compile Driver"],"picked":"SKIP","floor":19.0},{"not_picked":["Beam Cell","BasicCrystalCard","Barrage"],"picked":"SKIP","floor":22.0},{"not_picked":["ReplayGash","Cancel","Ball Lightning"],"picked":"SKIP","floor":23.0},{"not_picked":["Buffer","Chaos","Auto Shields+1"],"picked":"SKIP","floor":24.0},{"not_picked":["Stack","MostiFishMod:Impulse"],"picked":"Recycle","floor":25.0},{"not_picked":["Ball Lightning","Leap","Rip and Tear"],"picked":"SKIP","floor":28.0},{"not_picked":["Streamline","BasicCrystalCard","Hologram"],"picked":"SKIP","floor":30.0},{"not_picked":["Melter","BasicCrystalCard"],"picked":"Core Surge","floor":31.0},{"not_picked":["Offering","MostiFishMod:ReadyAimFire"],"picked":"Limit Break","floor":33},{"not_picked":["Compile Driver+1","Wild Strike","Twin Strike","Run Through"],"picked":"SKIP","floor":35},{"not_picked":["Recycle","Twin Strike+1","Intimidate"],"picked":"Warcry+1","floor":38},{"not_picked":["Chaos","Demonic Infusion","Abandon","Recycle"],"picked":"SKIP","floor":40},{"not_picked":["Heavy Blade+1","Gash","Perfected Strike"],"picked":"Sword Boomerang+1","floor":41},{"not_picked":["BasicCrystalCard","Hyperbeam","Thunderclap","Twin Strike"],"picked":"SKIP","floor":42},{"not_picked":["Flex","Barrage","Anger","Ball Lightning+1"],"picked":"SKIP","floor":46},{"not_picked":["AT_GerminateFire","ReplayTheSpireMod:Reroute Power+1","Warcry","Fusion"],"picked":"SKIP","floor":48}],"player_experience":16730,"relics_obtained":[{"floor":1.0,"key":"Baka"},{"floor":5.0,"key":"DaveBox"},{"floor":6.0,"key":"Strawberry"},{"floor":8.0,"key":"Bag of Preparation"},{"floor":8.0,"key":"Quantum Egg"},{"floor":11.0,"key":"Tiny Chest"},{"floor":14.0,"key":"vexMod:PlasmaPancake"},{"floor":21.0,"key":"WingedGreaves"},{"floor":23.0,"key":"MagicDraw3"},{"floor":24.0,"key":"SharpPlug"},{"floor":25.0,"key":"Damocles"},{"floor":26.0,"key":"Smiling Mask"},{"floor":28.0,"key":"vexMod:RedPlottingStone"},{"floor":28.0,"key":"testmod-ArcanaOfDestiny"},{"floor":30.0,"key":"Baka2"},{"floor":30.0,"key":"Cables"},{"floor":30.0,"key":"MealTicket"},{"floor":31.0,"key":"Chameleon Ring"},{"floor":31.0,"key":"testmod-OneHitWonder"},{"floor":35,"key":"AT_SpeedBoots"},{"floor":37,"key":"HornCleat"},{"floor":38,"key":"Happy Flower"},{"floor":40,"key":"MagicDraw2"},{"floor":40,"key":"AT_Kusabimaru"},{"floor":41,"key":"BionicSphere"},{"floor":41,"key":"BlankCard"},{"floor":42,"key":"testmod-LifeArmor"},{"floor":42,"key":"aspiration:ChemicalBlood"},{"floor":43,"key":"Unceasing Top"},{"floor":46,"key":"Replay:Towering Pillar of Hats"},{"floor":48,"key":"Divine Protection"},{"floor":48,"key":"ReplayTheSpireMod:Ninjato"}],"event_choices":[{"damage_healed":0.0,"max_hp_gain":0.0,"max_hp_loss":0.0,"gold_gain":0.0,"event_name":"给自己的盒子","player_choice":"Swap Relic","floor":4.0,"relics_lost":["DaveBox"],"gold_loss":0.0,"damage_taken":0.0,"relics_obtained":["DaveBox"]},{"damage_healed":0.0,"max_hp_gain":0.0,"max_hp_loss":0.0,"gold_gain":400.0,"event_name":"恩洛斯的盘子","player_choice":"Sell","floor":12.0,"relics_lost":["DaveBox"],"gold_loss":0.0,"damage_taken":0.0}],"is_beta":false,"boss_relics":[{"not_picked":["GuanYuAspect","SoulBox"],"picked":"Replay:Fungal Core"},{"not_picked":[]},{"not_picked":["Snecko Eye","testmod-Fanaticism"],"picked":"aspiration:IroncladSkillbook"},{"not_picked":[]}],"items_purged_floors":[17,27,34,36,39,47],"is_endless":false,"potions_floor_spawned":[5,6,11,14,24,28,30,33,40,42,46],"killed_by":"Donu and Deca","ascension_level":20}}