{"host":"dftyqn972q7tuon4","time":1610321213,"event":{"mods":["AchievementEnabler","BaseMod","Better Altar","Better Match","Better Note","Better Sensory Stone","Better Skull","Better Third Choice","Colored Powertips","Highlight Path","Minty Spire (QoL Compilation)","Permanent Neow","Quick Restart","StSLib"],"gold_per_floor":[117,42,42,42,61,92,92,111,111,137,137,137,37,57,57,156,156,170,170,190,204,204,204,237,237,262,262,281,281,308,338,350,462,474,505,517,579,609,621,649,681,719,755,767,767],"floor_reached":44,"playtime":3235,"items_purged":["Strike_R","Regret"],"score":715,"play_id":"c65da496-d4aa-4863-ae4b-5ca1d6182de2","local_time":"20210111002653","is_ascension_mode":true,"campfire_choices":[{"floor":7.0,"key":"REST"},{"data":"Body Slam","floor":11.0,"key":"SMITH"},{"data":"Juggernaut","floor":15.0,"key":"SMITH"},{"floor":23.0,"key":"REST"},{"floor":25.0,"key":"RECALL"},{"floor":27.0,"key":"REST"},{"floor":32.0,"key":"REST"}],"circlet_count":0,"master_deck":["Strike_R+1","Strike_R","Defend_R","Defend_R","Defend_R","Defend_R","Bash","Bludgeon+1","Body Slam+1","Apotheosis+1","Wild Strike","Burning Pact","Shrug It Off","Juggernaut+1","True Grit","Barricade+1","Entrench","Warcry","Warcry","Iron Wave+1","Shame","Iron Wave","Demon Form","Body Slam","Feel No Pain+1","Seeing Red","Dual Wield","Shrug It Off"],"relics":["Burning Blood","Blue Candle","Mummified Hand","Whetstone","Bronze Scales","Fusion Hammer","Lizard Tail","Red Skull","Vajra","MawBank","Black Star","Incense Burner","Omamori","Strawberry","Dream Catcher"],"acts_visited":["Exordium","TheCity","TheBeyond"],"potions_floor_usage":[44],"damage_taken":[{"damage":1.0,"enemies":"Cultist","floor":1.0,"turns":3.0},{"damage":10.0,"enemies":"Small Slimes","floor":5.0,"turns":5.0},{"damage":10.0,"enemies":"Gremlin Nob","floor":6.0,"turns":3.0},{"damage":7.0,"enemies":"Jaw Worm","floor":8.0,"turns":2.0},{"damage":10.0,"enemies":"Lagavulin","floor":10.0,"turns":4.0},{"damage":7.0,"enemies":"Blue Slaver","floor":14.0,"turns":3.0},{"damage":3.0,"enemies":"Slime Boss","floor":16.0,"turns":6.0},{"damage":16.0,"enemies":"Spheric Guardian","floor":18.0,"turns":4.0},{"damage":7.0,"enemies":"3 Byrds","floor":20.0,"turns":3.0},{"damage":11.0,"enemies":"Cultist and Chosen","floor":21.0,"turns":6.0},{"damage":6.0,"enemies":"Book of Stabbing","floor":24.0,"turns":4.0},{"damage":2.0,"enemies":"Centurion and Healer","floor":28.0,"turns":12.0},{"damage":23.0,"enemies":"Gremlin Leader","floor":30.0,"turns":6.0},{"damage":22.0,"enemies":"Snecko","floor":31.0,"turns":4.0},{"damage":61.0,"enemies":"Automaton","floor":33.0,"turns":10.0},{"damage":1.0,"enemies":"3 Darklings","floor":35.0,"turns":6.0},{"damage":29.0,"enemies":"Mind Bloom Boss Battle","floor":37.0,"turns":7.0},{"damage":0.0,"enemies":"3 Shapes","floor":38.0,"turns":4.0},{"damage":14.0,"enemies":"3 Darklings","floor":40.0,"turns":6.0},{"damage":13.0,"enemies":"Spire Growth","floor":41.0,"turns":4.0},{"damage":43.0,"enemies":"Reptomancer","floor":42.0,"turns":6.0},{"damage":1,"enemies":"Nemesis","floor":44,"turns":3}],"seed_played":"-1317621979970796468","potions_obtained":[{"floor":5.0,"key":"DuplicationPotion"},{"floor":6.0,"key":"Weak Potion"},{"floor":14.0,"key":"AttackPotion"},{"floor":21.0,"key":"FearPotion"},{"floor":24.0,"key":"Fruit Juice"},{"floor":28.0,"key":"FearPotion"},{"floor":31.0,"key":"EssenceOfSteel"},{"floor":33.0,"key":"SkillPotion"},{"floor":35.0,"key":"BlessingOfTheForge"},{"floor":38.0,"key":"HeartOfIron"},{"floor":41.0,"key":"BloodPotion"},{"floor":42.0,"key":"LiquidMemories"}],"is_trial":false,"path_per_floor":["M","$","?","?","M","E","R","M","T","E","R","?","$","M","R","B",null,"M","?","M","M","?","R","E","R","T","R","M","?","E","M","R","B",null,"M","?","?","M","?","M","M","E","T","E"],"character_chosen":"IRONCLAD","items_purchased":[],"campfire_rested":4,"item_purchase_floors":[],"current_hp_per_floor":[77,77,70,70,66,62,80,79,79,75,75,75,75,74,74,77,79,69,69,68,63,63,80,80,80,80,80,80,80,63,47,71,16,64,69,69,46,52,52,44,37,29,29,28,28],"gold":767,"neow_bonus":"ONE_RANDOM_RARE_CARD","is_daily":false,"chose_seed":false,"campfire_upgraded":2,"win_rate":0.0,"timestamp":1610321213,"path_taken":["M","?","?","?","?","E","R","M","T","E","R","?","?","?","R","BOSS","M","?","?","M","?","R","E","R","T","R","?","?","E","M","R","BOSS","M","?","?","M","?","M","M","E","T","E"],"items_purchased_type":[],"build_version":"2020-12-22","purchased_purges":2,"victory":false,"max_hp_per_floor":[80,80,80,80,80,80,80,80,80,80,80,80,80,80,80,80,80,80,80,80,80,80,80,80,80,80,80,80,80,80,80,80,80,80,80,80,80,80,80,80,80,92,92,92,92],"card_choices":[{"not_picked":["Sword Boomerang","Flex"],"picked":"Body Slam","floor":1.0},{"not_picked":["Thunderclap","Reckless Charge"],"picked":"Wild Strike","floor":5.0},{"not_picked":["Cleave","Clash"],"picked":"Burning Pact","floor":6.0},{"not_picked":["Armaments","Iron Wave"],"picked":"Shrug It Off","floor":8.0},{"not_picked":["Wild Strike","Carnage"],"picked":"Juggernaut","floor":10.0},{"not_picked":["Iron Wave","Flex"],"picked":"True Grit","floor":14.0},{"not_picked":["Exhume","Fiend Fire"],"picked":"Barricade","floor":16.0},{"not_picked":["Clash+1","Twin Strike","Clothesline"],"picked":"SKIP","floor":18.0},{"not_picked":["Warcry","Rampage"],"picked":"Entrench","floor":20.0},{"not_picked":["Perfected Strike+1","Thunderclap+1"],"picked":"Warcry","floor":21.0},{"not_picked":["Disarm","Combust"],"picked":"Warcry","floor":24.0},{"not_picked":["Dropkick","Cleave"],"picked":"Iron Wave+1","floor":28.0},{"not_picked":["Sever Soul+1","Pommel Strike"],"picked":"Iron Wave","floor":30.0},{"not_picked":["Wild Strike","Flex","Cleave+1"],"picked":"SKIP","floor":31.0},{"not_picked":["Offering","Immolate"],"picked":"Demon Form","floor":33.0},{"not_picked":["Evolve+1","Havoc"],"picked":"Body Slam","floor":35.0},{"not_picked":["Iron Wave","Thunderclap+1"],"picked":"Feel No Pain+1","floor":37.0},{"not_picked":["Thunderclap+1","Wild Strike+1"],"picked":"Seeing Red","floor":38.0},{"not_picked":["Sword Boomerang+1","Anger+1","Bloodletting+1"],"picked":"SKIP","floor":40.0},{"not_picked":["Flex+1","Sentinel"],"picked":"Dual Wield","floor":41.0},{"not_picked":["Warcry","Thunderclap"],"picked":"Shrug It Off","floor":42.0}],"player_experience":595790,"relics_obtained":[{"floor":6.0,"key":"Blue Candle"},{"floor":9.0,"key":"Mummified Hand"},{"floor":10.0,"key":"Whetstone"},{"floor":24.0,"key":"Lizard Tail"},{"floor":26.0,"key":"Red Skull"},{"floor":30.0,"key":"MawBank"},{"floor":37.0,"key":"Incense Burner"},{"floor":42.0,"key":"Omamori"},{"floor":42.0,"key":"Strawberry"},{"floor":43.0,"key":"Dream Catcher"}],"event_choices":[{"cards_removed":["Strike_R"],"damage_healed":0.0,"max_hp_gain":0.0,"max_hp_loss":0.0,"gold_gain":0.0,"event_name":"Golden Wing","player_choice":"Card Removal","floor":3.0,"gold_loss":0.0,"damage_taken":7.0},{"damage_healed":70.0,"max_hp_gain":0.0,"max_hp_loss":80.0,"gold_gain":0.0,"event_name":"betterThird:BetterShining","player_choice":"Embrace","floor":4.0,"gold_loss":0.0,"damage_taken":0.0},{"damage_healed":0.0,"max_hp_gain":0.0,"max_hp_loss":0.0,"gold_gain":0.0,"event_name":"Big Fish","player_choice":"Box","floor":12.0,"gold_loss":0.0,"damage_taken":0.0,"relics_obtained":["Bronze Scales"],"cards_obtained":["Regret"]},{"damage_healed":0.0,"max_hp_gain":0.0,"max_hp_loss":0.0,"gold_gain":0.0,"event_name":"Accursed Blacksmith","player_choice":"Forge","floor":19.0,"gold_loss":0.0,"damage_taken":0.0,"cards_upgraded":["Barricade"]},{"cards_removed":["Strike_R"],"damage_healed":0.0,"max_hp_gain":0.0,"max_hp_loss":0.0,"gold_gain":0.0,"event_name":"Bonfire Elementals","player_choice":"Offered Basic","floor":22.0,"gold_loss":0.0,"damage_taken":0.0},{"damage_healed":0.0,"max_hp_gain":0.0,"max_hp_loss":0.0,"gold_gain":0.0,"event_name":"Addict","player_choice":"Stole Relic","floor":29.0,"gold_loss":0.0,"damage_taken":0.0,"relics_obtained":["Vajra"],"cards_obtained":["Shame"]},{"damage_healed":0.0,"max_hp_gain":0.0,"max_hp_loss":0.0,"gold_gain":0.0,"event_name":"Mysterious Sphere","player_choice":"Ignored","floor":36.0,"gold_loss":0.0,"damage_taken":0.0},{"damage_healed":0.0,"max_hp_gain":0.0,"max_hp_loss":0.0,"gold_gain":0.0,"event_name":"MindBloom","player_choice":"Fight","floor":37.0,"gold_loss":0.0,"damage_taken":0.0},{"damage_healed":0.0,"max_hp_gain":0.0,"max_hp_loss":0.0,"gold_gain":0.0,"event_name":"Tomb of Lord Red Mask","player_choice":"Ignored","floor":39.0,"gold_loss":0.0,"damage_taken":0.0}],"is_beta":false,"boss_relics":[{"not_picked":["Velvet Choker","Tiny House"],"picked":"Fusion Hammer"},{"not_picked":["SlaversCollar","Coffee Dripper"],"picked":"Black Star"}],"items_purged_floors":[2,13],"is_endless":false,"potions_floor_spawned":[5,6,14,21,24,28,31,33,35,38,41,42],"killed_by":"Nemesis","ascension_level":7}}