{"host":"dx8mnueonnkh60qu","time":1610265356,"event":{"mods":["AchievementEnabler","Act Like it!","Aspiration","BaseMod","Better Silent Start","Better Third Choice","CCEM","Conspire","Defuse TimeMaze Blight","Dota2Spire","Downfall","Evolution","Hubris","Infinite Spire","Marked Mod","Minty Spire (QoL Compilation)","Quarter Circle Forward PUNCH!","Rare Cards Sparkle","Relic Stats","Robot Space Explorer","Spicy Shops","Spikes Relics","StSLib","SuperFastMode","The Blue Laboratory","The Caster"],"gold_per_floor":[99,109,128,33,45,45,99,117,117,117,148,148,73,83,97,195,195,195,149,162,162,162,189,189,209,221,255,270,370,370,384,399,497,497,497,514,528,542,340,340,340],"floor_reached":39,"playtime":8295,"items_purged":[],"score":471,"play_id":"42c79c67-8d55-4127-b343-37df945ca671","local_time":"20210110025556","is_ascension_mode":true,"campfire_choices":[{"data":"Slimebound:CorrosiveSpit","floor":1.0,"key":"SMITH"},{"data":"Slimebound:MinionMaster","floor":13.0,"key":"SMITH"},{"data":"Slimebound:SelfFormingGoo","floor":18.0,"key":"PURGE"},{"floor":30,"key":"REST"},{"floor":35,"key":"RECALL"}],"circlet_count":0,"master_deck":["Slimebound:Tackle","Slimebound:Defend_Slimebound","Slimebound:Defend_Slimebound","Slimebound:Defend_Slimebound","Slimebound:Split","Slimebound:CorrosiveSpit+1","Slimebound:MinionMaster+1","Slimebound:SplitLeeching","Slimebound:SamplingLick","Slimebound:SlimeBarrage","Slimebound:Recycling","Slimebound:ForwardTackle","Injury","Slimebound:SplitMire+1","Slice","Bane","Bullet Time+1","Slimebound:PrepareCrush+1","Slimebound:LivingWall+1","Slimebound:SlimeSpikes+1","Slimebound:SplitAcid+1","Slimebound:SlimeSpikes+1","Slimebound:SlimeBarrage","Slimebound:PressTheAttack+1","Slimebound:LevelUp+1","Slimebound:Schlurp+1","Slimebound:GoopSpray+1","Slimebound:SlimeTap+1","Slimebound:WasteNot+1","Slimebound:LivingWall+1","Slimebound:RainOfGoop+1","Slimebound:RallyTheTroops","Slimebound:RollThrough","Slimebound:SplitLeeching+1","Slimebound:TongueLash","Slimebound:LeechingTouch","Slimebound:Recollect+1","Slimebound:Darklings+1"],"relics":["Slimebound:AbsorbEndCombat","EVO:Axolotl","Toxic Egg 2","Slimebound:ScrapOozeRelic","Dota2Spire:ShadowBlade","downfall:HeartBlessingGreen","sneckomod:SneckoTalon","Dream Catcher","Dota2Spire:HeartOfTarrasque","CCEMRelics:OverlyComfyChair","hubris:BlackHole"],"acts_visited":["Exordium","TheCity","TheBeyond"],"potions_floor_usage":[33],"damage_taken":[{"damage":14.0,"enemies":"Jaw Worm","floor":2.0,"turns":5.0},{"damage":8.0,"enemies":"Small Slimes","floor":3.0,"turns":3.0},{"damage":12.0,"enemies":"downfall:FleeingMerchant","floor":4.0,"turns":4.0},{"damage":8.0,"enemies":"Cultist","floor":5.0,"turns":4.0},{"damage":25.0,"enemies":"Gremlin Gang","floor":8.0,"turns":5.0},{"damage":22.0,"enemies":"3 Sentries","floor":11.0,"turns":4.0},{"damage":8.0,"enemies":"Blue Slaver","floor":14.0,"turns":2.0},{"damage":14.0,"enemies":"3 Louse","floor":15.0,"turns":3.0},{"damage":37.0,"enemies":"downfall:Ironclad","floor":16.0,"turns":6.0},{"damage":19.0,"enemies":"downfall:FleeingMerchant","floor":19.0,"turns":4.0},{"damage":22.0,"enemies":"Spheric Guardian","floor":20.0,"turns":3.0},{"damage":0.0,"enemies":"Chosen","floor":22.0,"turns":1.0},{"damage":30.0,"enemies":"Gremlin Leader","floor":23.0,"turns":5.0},{"damage":7.0,"enemies":"Sentry and Sphere","floor":25.0,"turns":3.0},{"damage":19,"enemies":"Chosen and Byrds","floor":26,"turns":3},{"damage":30,"enemies":"Slavers","floor":27,"turns":4},{"damage":4,"enemies":"Snake Plant","floor":28,"turns":2},{"damage":11,"enemies":"Sentry and Sphere","floor":31,"turns":4},{"damage":24,"enemies":"Shelled Parasite and Fungi","floor":32,"turns":4},{"damage":31,"enemies":"downfall:Silent","floor":33,"turns":6},{"damage":12,"enemies":"Orb Walker","floor":36,"turns":3},{"damage":21,"enemies":"3 Darklings","floor":37,"turns":3},{"damage":5,"enemies":"Spire Growth","floor":38,"turns":3},{"damage":8,"enemies":"downfall:FleeingMerchant","floor":39,"turns":4}],"seed_played":"-491570425389938256","potions_obtained":[{"floor":11.0,"key":"blueLaboratory:PolymorphPotion"},{"floor":14.0,"key":"Slimebound:SlimyTonguePotion"},{"floor":15.0,"key":"blueLaboratory:NullPotion"},{"floor":16.0,"key":"ColorlessPotion"},{"floor":23.0,"key":"blueLaboratory:AbyssPotion"},{"floor":26,"key":"blueLaboratory:TrueEctoplasm"},{"floor":31,"key":"blueLaboratory:HummingbirdPotion"},{"floor":33,"key":"PowerPotion"}],"is_trial":false,"path_per_floor":["R","M","M","$","M","?","T","M","?","?","E","?","R","M","M","B",null,"R","$","M","?","M","E","T","M","M","E","M","?","R","M","M","B",null,"R","M","M","M","$"],"character_chosen":"SLIMEBOUND","items_purchased":["Slimebound:Recycling","Slimebound:SlimeSpikes+1","Slimebound:Recollect+1","Slimebound:Darklings+1"],"campfire_rested":1,"item_purchase_floors":[4,19,39,39],"current_hp_per_floor":[60,56,58,58,60,60,60,51,51,51,47,47,47,41,41,28,60,60,56,50,50,50,40,48,45,32,12,16,16,36,39,33,21,68,68,68,67,67,68,68,68],"gold":340,"neow_bonus":"TRANSFORM_CARD","is_daily":false,"chose_seed":false,"campfire_upgraded":2,"win_rate":0.0,"timestamp":1610265356,"path_taken":["R","M","M","$","M","?","T","M","?","?","E","?","R","M","M","BOSS","R","$","M","?","M","E","T","M","M","E","M","?","R","M","M","BOSS","R","M","M","M","$"],"items_purchased_type":["Card","Card","Card","Card"],"build_version":"2020-12-22","purchased_purges":0,"victory":false,"max_hp_per_floor":[60,60,60,60,60,60,60,60,60,60,60,60,60,60,60,60,60,60,60,60,60,60,60,68,68,68,68,68,68,68,68,68,68,68,68,68,68,68,68,68,68],"relic_stats":{"Dream Catcher":1,"counters":[24,86],"obtain_stats":[{"Slimebound:ScrapOozeRelic":10,"downfall:HeartBlessingGreen":13,"Dota2Spire:ShadowBlade":11,"Dota2Spire:HeartOfTarrasque":24,"EVO:Axolotl":0,"sneckomod:SneckoTalon":17,"CCEMRelics:SpiritsEdge":7,"hubris:BlackHole":34,"Dream Catcher":23,"downfall:BrokenWingStatue":12,"CCEMRelics:OverlyComfyChair":27,"Slimebound:AbsorbEndCombat":0,"Toxic Egg 2":6},{"Slimebound:ScrapOozeRelic":5,"downfall:HeartBlessingGreen":6,"Dota2Spire:ShadowBlade":6,"Dota2Spire:HeartOfTarrasque":13,"EVO:Axolotl":0,"sneckomod:SneckoTalon":9,"CCEMRelics:SpiritsEdge":4,"hubris:BlackHole":20,"Dream Catcher":13,"downfall:BrokenWingStatue":6,"CCEMRelics:OverlyComfyChair":16,"Slimebound:AbsorbEndCombat":0,"Toxic Egg 2":4},{"Slimebound:ScrapOozeRelic":20,"downfall:HeartBlessingGreen":24,"Dota2Spire:ShadowBlade":24,"Dota2Spire:HeartOfTarrasque":47,"EVO:Axolotl":0,"sneckomod:SneckoTalon":34,"CCEMRelics:SpiritsEdge":15,"hubris:BlackHole":73,"Dream Catcher":47,"downfall:BrokenWingStatue":24,"CCEMRelics:OverlyComfyChair":57,"Slimebound:AbsorbEndCombat":0,"Toxic Egg 2":15}]},"card_choices":[{"not_picked":["Slimebound:Repurpose","Slimebound:Chomp"],"picked":"Slimebound:SplitLeeching","floor":2.0},{"not_picked":["Slimebound:SlimeTap","Slimebound:Gluttony"],"picked":"Slimebound:SamplingLick","floor":3.0},{"not_picked":["Slimebound:Gluttony","Slimebound:LeechingTouch"],"picked":"Slimebound:SlimeBarrage","floor":4.0},{"not_picked":["Slimebound:ViciousTackle","Slimebound:RainOfGoop"],"picked":"Slimebound:ForwardTackle","floor":5.0},{"not_picked":["Slimebound:RollThrough","Slimebound:LeechEnergy"],"picked":"Slimebound:SplitMire+1","floor":8.0},{"not_picked":["Slimebound:GrowthPunch","Slimebound:Equalize"],"picked":"Slimebound:PrepareCrush+1","floor":11.0},{"not_picked":["Slimebound:Chomp","Slimebound:DivideAndConquer+1"],"picked":"Slimebound:LivingWall+1","floor":14.0},{"not_picked":["Slimebound:SlimeBarrage","Slimebound:AcidTongue"],"picked":"Slimebound:SlimeSpikes+1","floor":15.0},{"not_picked":["Slimebound:LeechLife","Slimebound:DuplicatedForm"],"picked":"Slimebound:SelfFormingGoo","floor":16.0},{"not_picked":["Slimebound:SplitBruiser+1","Slimebound:SplitMire+1"],"picked":"Slimebound:SplitAcid+1","floor":19.0},{"not_picked":["Slimebound:GoopSpray+1","Slimebound:SplitBruiser+1"],"picked":"Slimebound:SlimeBarrage","floor":20.0},{"not_picked":["Slimebound:ComboTackle","Slimebound:DisruptingSlam"],"picked":"Slimebound:PressTheAttack+1","floor":22.0},{"not_picked":["Slimebound:SlimeTap+1","Slimebound:GoopTackle"],"picked":"Slimebound:LevelUp+1","floor":23.0},{"not_picked":["Slimebound:RollThrough","Slimebound:HauntingLick+1"],"picked":"Slimebound:Schlurp+1","floor":25.0},{"not_picked":["Slimebound:GrowthPunch","Slimebound:SplitMire+1"],"picked":"Slimebound:GoopSpray+1","floor":26},{"not_picked":["Slimebound:PressTheAttack+1","Slimebound:ComboTackle"],"picked":"Slimebound:SlimeTap+1","floor":27},{"not_picked":["Slimebound:ViciousTackle","Slimebound:Schlurp+1"],"picked":"Slimebound:WasteNot+1","floor":28},{"not_picked":["Slimebound:DivideAndConquer+1","Slimebound:SplitMire+1"],"picked":"Slimebound:LivingWall+1","floor":30},{"not_picked":["Slimebound:PressTheAttack","Slimebound:ComboTackle","Slimebound:SplitAcid+1"],"picked":"SKIP","floor":31},{"not_picked":["Slimebound:GoopSpray+1","Slimebound:SplitAcid+1"],"picked":"Slimebound:RainOfGoop+1","floor":32},{"not_picked":["Slimebound:SlimeSlap","Slimebound:WasteNot+1"],"picked":"Slimebound:RallyTheTroops","floor":33},{"not_picked":["Slimebound:GrowthPunch","Slimebound:SplitMire+1"],"picked":"Slimebound:RollThrough","floor":36},{"not_picked":["Slimebound:HauntingLick+1","Slimebound:DivideAndConquer+1"],"picked":"Slimebound:SplitLeeching+1","floor":37},{"not_picked":["Slimebound:SamplingLick+1","Slimebound:LevelUp"],"picked":"Slimebound:TongueLash","floor":38},{"not_picked":["Slimebound:HauntingLick+1","Slimebound:SplitAcid+1"],"picked":"Slimebound:LeechingTouch","floor":39}],"player_experience":583324,"relics_obtained":[{"floor":7.0,"key":"CCEMRelics:SpiritsEdge"},{"floor":11.0,"key":"Dota2Spire:ShadowBlade"},{"floor":23.0,"key":"Dream Catcher"},{"floor":24.0,"key":"Dota2Spire:HeartOfTarrasque"},{"floor":27,"key":"CCEMRelics:OverlyComfyChair"}],"event_choices":[],"is_beta":false,"boss_relics":[{"not_picked":["Pandora\u0027s Box","aspiration:WatcherSkillbook"],"picked":"sneckomod:SneckoTalon"},{"not_picked":["hubris:GrandSneckoEye","Sandwich"],"picked":"hubris:BlackHole"}],"items_purged_floors":[],"is_endless":false,"potions_floor_spawned":[11,14,15,16,20,23,25,26,31,33,38],"ascension_level":1}}