{"host":"mytek2nu1hrzdnew","time":1610243349,"event":{"mods":["100% Spire Juice","AchievementEnabler","Aspiration","BaseMod","Conspire","GifTheSpireLib","Gold Saver","Hubris","Ironclad Rager","Minty Spire (QoL Compilation)","Replay The Spire","StSLib","Stuff the Spire","Uncapped"],"gold_per_floor":[354,369,369,69,83,103,103,136,190,219,232,266,327,355,355,453,453,472,485,498,517,527,527,560,560,560,560,64,64,83,8,8,103,103,118,130,147,147,159,159,159,159,159],"floor_reached":42,"playtime":2455,"items_purged":["Strike_G"],"score":450,"play_id":"ce7dba3c-48f0-442c-b03c-a05252708d54","local_time":"20210109204909","is_ascension_mode":false,"campfire_choices":[{"floor":15,"key":"REST"},{"floor":23,"key":"REST"},{"data":"Adrenaline","floor":25,"key":"SMITH"},{"floor":32,"key":"REST"},{"data":"Venomology","floor":40,"key":"SMITH"}],"circlet_count":0,"master_deck":["Strike_G","Strike_G","Defend_G","Defend_G","Defend_G","Defend_G","Defend_G","Survivor","Neutralize","Skewer+1","Blade Dance","Noxious Fumes","Deadly Poison","Deflect","Poison Darts","Draining Mist","Replay:Poison Smokescreen","Adrenaline+1","Bane+1","Backstab","Noxious Fumes+1","Deadly Poison","StuffTheSpire:Injection+1","Crippling Poison","Caltrops","Caltrops","Footwork+1","Venomology+1","Deflect+1","Adrenaline+1"],"relics":["Ring of the Snake","Medical Kit","Meat on the Bone","Strawberry","hubris:AncientText","Bottled Flame","aspiration:SeaSaltIceCream","Mummified Hand","conspire:RoyalGoblet","hubris:CuriousFeather","The Courier","MutagenicStrength","Akabeko","aspiration:HatOfInfinitePower"],"acts_visited":["Exordium","TheCity","TheBeyond"],"potions_floor_usage":[8,10,12,37,39,39,42,42],"damage_taken":[{"damage":0,"enemies":"Jaw Worm","floor":1,"turns":4},{"damage":0,"enemies":"Cultist","floor":2,"turns":4},{"damage":0,"enemies":"2 Louse","floor":5,"turns":2},{"damage":9,"enemies":"Large Slime","floor":6,"turns":6},{"damage":10,"enemies":"3 Sentries","floor":8,"turns":8},{"damage":8,"enemies":"Gremlin Nob","floor":10,"turns":3},{"damage":12,"enemies":"3 Louse","floor":11,"turns":3},{"damage":31,"enemies":"Lagavulin","floor":12,"turns":5},{"damage":16,"enemies":"Gremlin Nob","floor":14,"turns":4},{"damage":8,"enemies":"The Guardian","floor":16,"turns":7},{"damage":18,"enemies":"Shell Parasite","floor":18,"turns":3},{"damage":16,"enemies":"3 Byrds","floor":19,"turns":4},{"damage":8,"enemies":"Snake Plant","floor":20,"turns":4},{"damage":15,"enemies":"Centurion and Healer","floor":21,"turns":7},{"damage":22,"enemies":"Cultist and Chosen","floor":22,"turns":5},{"damage":20,"enemies":"Gremlin Leader","floor":24,"turns":5},{"damage":17,"enemies":"3 Cultists","floor":30,"turns":5},{"damage":32,"enemies":"Champ","floor":33,"turns":9},{"damage":0,"enemies":"Orb Walker","floor":35,"turns":2},{"damage":13,"enemies":"3 Shapes","floor":36,"turns":4},{"damage":28,"enemies":"Maw","floor":37,"turns":7},{"damage":4,"enemies":"Jaw Worm Horde","floor":39,"turns":2},{"damage":60,"enemies":"Reptomancer","floor":42,"turns":3}],"seed_played":"-756191214024906348","potions_obtained":[{"floor":2,"key":"Poison Potion"},{"floor":6,"key":"ColorlessPotion"},{"floor":10,"key":"Swift Potion"},{"floor":36,"key":"AttackPotion"},{"floor":39,"key":"PowerPotion"}],"is_trial":false,"path_per_floor":["M","M","?","$","M","M","?","E","T","E","M","E","?","E","R","B",null,"M","M","M","M","M","R","E","R","T","?","$","?","M","?","R","B",null,"M","M","M","?","M","R","?","E"],"character_chosen":"THE_SILENT","items_purchased":["Noxious Fumes","Medical Kit","Caltrops","Caltrops","Akabeko","aspiration:HatOfInfinitePower"],"campfire_rested":3,"item_purchase_floors":[4,4,28,28,28,28],"current_hp_per_floor":[70,70,70,70,70,61,61,51,58,50,50,31,31,27,50,42,77,59,43,47,44,34,57,49,49,49,49,49,49,44,44,67,47,77,77,64,48,48,44,44,44,0,0],"gold":159,"neow_bonus":"REMOVE_CARD","is_daily":false,"chose_seed":false,"campfire_upgraded":2,"win_rate":0.0,"timestamp":1610243349,"path_taken":["M","M","?","$","?","M","?","E","T","E","M","E","?","E","R","BOSS","M","M","M","M","M","R","E","R","T","?","$","?","M","?","R","BOSS","M","M","M","?","?","R","?","E"],"items_purchased_type":["Card","Relic","Card","Card","Relic","Relic"],"build_version":"2020-12-22","purchased_purges":1,"victory":false,"max_hp_per_floor":[70,70,70,70,70,70,70,70,77,77,77,77,77,77,77,77,77,77,77,77,77,77,77,77,77,77,77,77,77,77,77,77,77,77,77,77,77,77,77,77,77,77,77],"card_choices":[{"not_picked":["StuffTheSpire:Python","Reflex"],"picked":"Skewer","floor":1},{"not_picked":["Flying Knee","Sneak Up"],"picked":"Blade Dance","floor":2},{"not_picked":["Sucker Punch","ReplayTheSpireMod:Speed Training"],"picked":"Deadly Poison","floor":5},{"not_picked":["Prepared","Flying Knee"],"picked":"Deflect","floor":6},{"not_picked":["StuffTheSpire:Incantation","ReplayTheSpireMod:The Works"],"picked":"Poison Darts","floor":8},{"not_picked":["Finisher","Distraction"],"picked":"Draining Mist","floor":10},{"not_picked":["ReplayTheSpireMod:Speed Training","PiercingWail","Acrobatics"],"picked":"SKIP","floor":11},{"not_picked":["Dagger Spray","ReplayTheSpireMod:Shiv Toss"],"picked":"Replay:Poison Smokescreen","floor":12},{"not_picked":["Prepared","ReplayTheSpireMod:Exploit Weakness"],"picked":"Adrenaline","floor":14},{"not_picked":["Underhanded Strike+1","Quick Slash"],"picked":"Bane+1","floor":18},{"not_picked":["ReplayTheSpireMod:Scrap Shanks","StuffTheSpire:MirrorStance"],"picked":"Backstab","floor":19},{"not_picked":["PiercingWail","StuffTheSpire:Injection"],"picked":"Noxious Fumes+1","floor":20},{"not_picked":["All Out Attack","StuffTheSpire:Python"],"picked":"Deadly Poison","floor":21},{"not_picked":["aspiration:Lunge","StuffTheSpire:ClusterCrunch+1"],"picked":"StuffTheSpire:Injection+1","floor":22},{"not_picked":["Backflip+1","Distraction"],"picked":"Crippling Poison","floor":24},{"not_picked":["Acrobatics","Fluid Movement+1"],"picked":"Footwork+1","floor":30},{"not_picked":["Corpse Explosion","Doppelganger"],"picked":"Venomology","floor":33},{"not_picked":["StuffTheSpire:BumpUp","Cloak And Dagger+1"],"picked":"Deflect+1","floor":35},{"not_picked":["Prepared","StuffTheSpire:Sprint+1","Dagger Throw+1"],"picked":"SKIP","floor":36},{"not_picked":["StuffTheSpire:MirrorStance","Reflex+1","StuffTheSpire:ClusterCrunch"],"picked":"SKIP","floor":37},{"not_picked":["PiercingWail+1","StuffTheSpire:Sprint+1","Prepared+1"],"picked":"SKIP","floor":39}],"player_experience":1051681,"relics_obtained":[{"floor":8,"key":"Meat on the Bone"},{"floor":9,"key":"Strawberry"},{"floor":10,"key":"hubris:AncientText"},{"floor":12,"key":"Bottled Flame"},{"floor":14,"key":"aspiration:SeaSaltIceCream"},{"floor":24,"key":"hubris:CuriousFeather"},{"floor":26,"key":"The Courier"}],"event_choices":[{"damage_healed":0,"gold_gain":0,"player_choice":"Upgraded","damage_taken":0,"max_hp_gain":0,"max_hp_loss":0,"event_name":"Upgrade Shrine","floor":3,"gold_loss":0,"cards_upgraded":["Skewer"]},{"damage_healed":0,"gold_gain":61,"player_choice":"Gained Gold","damage_taken":0,"max_hp_gain":0,"max_hp_loss":0,"event_name":"Golden Wing","floor":13,"gold_loss":0},{"damage_healed":0,"gold_gain":0,"player_choice":"Inject Mutagens","damage_taken":0,"relics_obtained":["MutagenicStrength"],"max_hp_gain":0,"max_hp_loss":0,"event_name":"Drug Dealer","floor":27,"gold_loss":0},{"damage_healed":0,"gold_gain":0,"player_choice":"Ignored","damage_taken":0,"max_hp_gain":0,"max_hp_loss":0,"event_name":"Vampires","floor":29,"gold_loss":0},{"cards_removed":["Strike_G"],"damage_healed":0,"gold_gain":0,"player_choice":"Gave Gold","damage_taken":0,"max_hp_gain":0,"max_hp_loss":0,"event_name":"Beggar","floor":31,"gold_loss":75},{"damage_healed":0,"gold_gain":0,"player_choice":"Copied","damage_taken":0,"max_hp_gain":0,"max_hp_loss":0,"event_name":"Duplicator","floor":38,"gold_loss":0,"cards_obtained":["Adrenaline"]}],"is_beta":false,"boss_relics":[{"not_picked":["hubris:VirtuousBlindfold","conspire:SeveredTorchhead"],"picked":"conspire:RoyalGoblet"},{"not_picked":["ChewingGum","Kintsugi","StuffTheSpire:RunicConfusion"]}],"items_purged_floors":[4],"is_endless":false,"potions_floor_spawned":[2,6,10,12,20,21,24,36,39],"killed_by":"Reptomancer","ascension_level":0}}