{"host":"fubl5olmpa6illow","time":1610285673,"event":{"mods":["BaseMod","Colored Map","Colored Powertips","Highlight Path","Minty Spire (QoL Compilation)","Quick Restart","Random Character Button","Relic Sorter","Relic Stats"],"gold_per_floor":[113,124,137,137,212,243,243,84,84,100,100,100,115,130,130,231,231,245,295,305,320,340,340,373,373,373,388,388,438,438,438,438],"floor_reached":31,"playtime":4054,"items_purged":[],"score":282,"play_id":"6618f2cb-7af7-4a3c-a3da-9920f90d3426","local_time":"20210110143433","is_ascension_mode":false,"campfire_choices":[{"data":"Defragment","floor":7,"key":"SMITH"},{"data":"Genetic Algorithm","floor":11,"key":"SMITH"},{"data":"Consume","floor":15,"key":"SMITH"},{"data":"Echo Form","floor":23,"key":"SMITH"},{"floor":25,"key":"REST"},{"floor":28,"key":"RECALL"},{"data":"Coolheaded","floor":30,"key":"SMITH"}],"circlet_count":0,"master_deck":["Strike_B","Strike_B","Strike_B","Defend_B","Defend_B","Defend_B","Zap","Dualcast","Sweeping Beam+1","Undo+1","Consume+1","Defragment+1","Genetic Algorithm+1","Melter","Coolheaded+1","Hello World","Cold Snap","Echo Form+1","Go for the Eyes+1","Turbo","Redo","FTL"],"relics":["Cracked Core","Mango","Shuriken","SsserpentHead","Empty Cage","Toxic Egg 2"],"acts_visited":["Exordium","TheCity"],"potions_floor_usage":[16,21,22,24,31],"damage_taken":[{"damage":0,"enemies":"Small Slimes","floor":1,"turns":3},{"damage":0,"enemies":"2 Louse","floor":2,"turns":2},{"damage":1,"enemies":"Cultist","floor":3,"turns":3},{"damage":30,"enemies":"Gremlin Nob","floor":6,"turns":5},{"damage":5,"enemies":"Looter","floor":10,"turns":2},{"damage":4,"enemies":"3 Louse","floor":13,"turns":2},{"damage":2,"enemies":"Large Slime","floor":14,"turns":3},{"damage":8,"enemies":"The Guardian","floor":16,"turns":11},{"damage":23,"enemies":"3 Byrds","floor":18,"turns":4},{"damage":7,"enemies":"Spheric Guardian","floor":20,"turns":4},{"damage":13,"enemies":"Centurion and Healer","floor":21,"turns":9},{"damage":16,"enemies":"3 Cultists","floor":22,"turns":6},{"damage":30,"enemies":"Slavers","floor":24,"turns":7},{"damage":0,"enemies":"Sentry and Sphere","floor":27,"turns":3},{"damage":35,"enemies":"Book of Stabbing","floor":31,"turns":6}],"seed_played":"7536826353487173930","potions_obtained":[{"floor":1,"key":"PowerPotion"},{"floor":10,"key":"Fire Potion"},{"floor":16,"key":"BlessingOfTheForge"},{"floor":20,"key":"Swift Potion"},{"floor":21,"key":"Block Potion"},{"floor":24,"key":"PotionOfCapacity"}],"is_trial":false,"path_per_floor":["M","M","M","?","?","E","R","$","T","M","R","?","M","M","R","B",null,"M","?","M","M","M","R","E","R","T","M","R","?","R","E"],"character_chosen":"DEFECT","items_purchased":["Genetic Algorithm","Melter"],"campfire_rested":1,"item_purchase_floors":[8,8],"current_hp_per_floor":[82,82,81,65,54,38,38,38,38,33,33,33,29,27,27,19,96,73,73,66,53,37,37,7,35,35,35,35,35,35,0,0],"gold":438,"neow_bonus":"TEN_PERCENT_HP_BONUS","is_daily":false,"chose_seed":false,"campfire_upgraded":5,"win_rate":0.0,"timestamp":1610285673,"path_taken":["M","M","M","?","?","E","R","$","T","M","R","?","M","M","R","BOSS","M","?","M","M","M","R","E","R","T","M","R","?","R","E"],"items_purchased_type":["Card","Card"],"build_version":"2020-12-22","purchased_purges":0,"victory":false,"max_hp_per_floor":[82,82,82,82,82,96,96,96,96,96,96,96,96,96,96,96,96,96,96,96,96,96,96,96,96,96,96,96,96,96,96,96],"relic_stats":{"SsserpentHead":100,"counters":[15,70],"Shuriken":[9],"obtain_stats":[{"SsserpentHead":12,"Shuriken":9,"Mango":6,"Toxic Egg 2":24,"Cracked Core":0,"Empty Cage":17},{"SsserpentHead":5,"Shuriken":4,"Mango":4,"Toxic Egg 2":13,"Cracked Core":0,"Empty Cage":8},{"SsserpentHead":15,"Shuriken":13,"Mango":13,"Toxic Egg 2":61,"Cracked Core":0,"Empty Cage":31}]},"card_choices":[{"not_picked":["Heatsinks","Double Energy"],"picked":"Sweeping Beam","floor":1},{"not_picked":["Hologram","Conserve Battery"],"picked":"Undo","floor":2},{"not_picked":["Hello World","Streamline"],"picked":"Consume","floor":3},{"not_picked":["Skim","Reinforced Body"],"picked":"Defragment","floor":6},{"not_picked":["Gash","Fusion"],"picked":"Coolheaded","floor":10},{"not_picked":["Leap","Rip and Tear"],"picked":"Hello World","floor":13},{"not_picked":["Reprogram","Steam"],"picked":"Cold Snap","floor":14},{"not_picked":["Thunder Strike","Machine Learning"],"picked":"Echo Form","floor":16},{"not_picked":["Leap+1","Barrage"],"picked":"Go for the Eyes+1","floor":18},{"not_picked":["Ball Lightning","Gash"],"picked":"Turbo","floor":20},{"not_picked":["Beam Cell","Consume+1","Steam"],"picked":"SKIP","floor":21},{"not_picked":["Sweeping Beam","Auto Shields"],"picked":"Redo","floor":22},{"not_picked":["Thunder Strike","Steam+1"],"picked":"FTL","floor":24},{"not_picked":["Cold Snap","Tempest+1","Reprogram+1"],"picked":"SKIP","floor":27}],"player_experience":194841,"relics_obtained":[{"floor":6,"key":"Mango"},{"floor":9,"key":"Shuriken"},{"floor":24,"key":"Toxic Egg 2"}],"event_choices":[{"damage_healed":0,"gold_gain":0,"player_choice":"Entered Light","damage_taken":16,"max_hp_gain":0,"max_hp_loss":0,"event_name":"Shining Light","floor":4,"gold_loss":0,"cards_upgraded":["Sweeping Beam","Undo"]},{"damage_healed":0,"gold_gain":75,"player_choice":"Gather Gold","damage_taken":11,"max_hp_gain":0,"max_hp_loss":0,"event_name":"World of Goop","floor":5,"gold_loss":0},{"damage_healed":0,"gold_gain":0,"player_choice":"Trade","damage_taken":0,"relics_obtained":["SsserpentHead"],"max_hp_gain":0,"max_hp_loss":0,"event_name":"FaceTrader","floor":12,"gold_loss":0},{"damage_healed":0,"gold_gain":0,"player_choice":"Ignored","damage_taken":0,"max_hp_gain":0,"max_hp_loss":0,"event_name":"Vampires","floor":19,"gold_loss":0},{"damage_healed":0,"gold_gain":0,"player_choice":"Ignored","damage_taken":0,"max_hp_gain":0,"max_hp_loss":0,"event_name":"Ghosts","floor":29,"gold_loss":0}],"is_beta":false,"boss_relics":[{"not_picked":["Pandora\u0027s Box","Coffee Dripper"],"picked":"Empty Cage"}],"items_purged_floors":[],"is_endless":false,"potions_floor_spawned":[1,10,16,20,21,24],"killed_by":"Book of Stabbing","ascension_level":0}}