{"host":"w05x4i13f2m9joq1","time":1610321993,"event":{"mods":["Act Like it!","BaseMod","Colored Map","Colored Powertips","Duelist Mod","GifTheSpireLib","Googly Eyes","Marisa????????","Minty Spire (QoL Compilation)","StSLib"],"gold_per_floor":[137,137,150,166,180,213,213,240,240,240,240],"floor_reached":10,"playtime":882,"items_purged":[],"score":82,"play_id":"0f353adf-4223-426a-bb22-bbb415de7d36","local_time":"20210110183953","is_ascension_mode":true,"campfire_choices":[{"data":"theDuelist:Spore","floor":7,"key":"SMITH"}],"circlet_count":0,"master_deck":["theDuelist:CastleWalls","theDuelist:CastleWalls","theDuelist:CastleWalls","theDuelist:NaturiaBeast","theDuelist:NaturiaCliff","theDuelist:NaturiaRock","theDuelist:NaturiaTulip","theDuelist:Sparks","theDuelist:Sparks","theDuelist:Sparks","theDuelist:NaturiaVein+1","Mind Blast","theDuelist:Spore+1","theDuelist:Mudora","theDuelist:WingedKuriboh","theDuelist:VenomShot"],"relics":["theDuelist:MillenniumPuzzle","theDuelist:CardPoolRelic","theDuelist:CardPoolBasicRelic","theDuelist:BoosterPackPoolRelic","theDuelist:CardPoolAddRelic","theDuelist:CardPoolMinusRelic","theDuelist:CardPoolSaveRelic","theDuelist:CardPoolOptionsRelic","NeowsBlessing","theDuelist:BoosterPackHealer","theDuelist:DuelistTeaSet","theDuelist:MetronomeRelicD"],"acts_visited":["Exordium"],"potions_floor_usage":[10],"damage_taken":[{"damage":0,"enemies":"Small Slimes","floor":1,"turns":1},{"damage":0,"enemies":"2 Louse","floor":3,"turns":1},{"damage":0,"enemies":"Cultist","floor":4,"turns":1},{"damage":5,"enemies":"Blue Slaver","floor":5,"turns":5},{"damage":17,"enemies":"3 Sentries","floor":6,"turns":6},{"damage":61,"enemies":"Gremlin Nob","floor":8,"turns":6},{"damage":41,"enemies":"Lagavulin","floor":10,"turns":5}],"seed_played":"-67385478065148876","potions_obtained":[{"floor":4,"key":"LiquidBronze"},{"floor":5,"key":"FairyPotion"},{"floor":6,"key":"theDuelist:TributeBottle"}],"is_trial":false,"path_per_floor":["M","?","M","M","M","E","R","E","T","E"],"character_chosen":"THE_DUELIST","items_purchased":[],"campfire_rested":0,"item_purchase_floors":[],"current_hp_per_floor":[80,85,85,85,80,63,63,6,6,0,0],"gold":240,"neow_bonus":"THREE_ENEMY_KILL","is_daily":false,"chose_seed":false,"campfire_upgraded":1,"win_rate":0.0,"timestamp":1610321993,"path_taken":["M","?","M","M","M","E","R","E","T","E"],"items_purchased_type":[],"build_version":"2020-12-22","purchased_purges":0,"victory":false,"max_hp_per_floor":[80,85,85,85,85,85,85,85,85,85,85],"card_choices":[{"not_picked":["theDuelist:NatureReflection+1","theDuelist:LeodrakeMane+1","theDuelist:Anteater+1","theDuelist:NaturalDisaster+1"],"picked":"theDuelist:NaturiaVein+1","floor":1},{"not_picked":["Dramatic Entrance","Flash of Steel","Sadistic Nature"],"picked":"Mind Blast","floor":3},{"not_picked":["theDuelist:NaturiaCliff","theDuelist:NaturiaTulip","theDuelist:NaturiaHydrangea","theDuelist:NaturiaCosmobeet"],"picked":"theDuelist:Spore","floor":4},{"not_picked":["theDuelist:Sangan","theDuelist:AttackTheMoon","theDuelist:MudGolem","theDuelist:WingedKuriboh"],"picked":"theDuelist:Mudora","floor":5},{"not_picked":["theDuelist:BigFire","theDuelist:Sangan","theDuelist:DestroyerGolem","theDuelist:MudGolem"],"picked":"theDuelist:WingedKuriboh","floor":6},{"not_picked":["theDuelist:FuryFire","theDuelist:ExterioFang","theDuelist:BarkionBark","theDuelist:FrozenRose"],"picked":"theDuelist:VenomShot","floor":8}],"player_experience":55406,"relics_obtained":[{"floor":6,"key":"theDuelist:BoosterPackHealer"},{"floor":8,"key":"theDuelist:DuelistTeaSet"},{"floor":9,"key":"theDuelist:MetronomeRelicD"}],"event_choices":[{"damage_healed":0,"gold_gain":0,"player_choice":"Donut","damage_taken":0,"max_hp_gain":5,"max_hp_loss":0,"event_name":"Big Fish","floor":2,"gold_loss":0}],"is_beta":false,"boss_relics":[],"items_purged_floors":[],"is_endless":false,"potions_floor_spawned":[4,5,6],"killed_by":"Lagavulin","ascension_level":1}}