{"host":"qgrlfjrqk9z96gfi","time":1610246125,"event":{"mods":["BaseMod","Block Reminder","Colored Map","DeckTracker","Minty Spire (QoL Compilation)"],"gold_per_floor":[113,25,44,119,119,119,149,149,204,224,238,267,281,296,296,375,425,439,439,439,439,457,457,457,457],"floor_reached":24,"playtime":676,"items_purged":[],"score":487,"play_id":"a14831b9-8fe6-43e6-a5fb-3c5f10ef8ff8","local_time":"20210109163525","is_ascension_mode":true,"campfire_choices":[{"data":"Dash","floor":6,"key":"SMITH"},{"floor":15,"key":"REST"},{"floor":23,"key":"REST"}],"circlet_count":0,"master_deck":["AscendersBane","Defend_G+1","Defend_G+1","Defend_G+1","Defend_G+1","Defend_G+1","Survivor","Neutralize","Leg Sweep+1","Accuracy","Dash+1","Acrobatics","Infinite Blades","Cloak And Dagger","Dodge and Roll","Dagger Spray","Terror","Malaise+1","Finisher","Decay","Bite","Bite","Bite","Bite","Bite","PiercingWail"],"relics":["Ring of the Snake","NeowsBlessing","Anchor","Kunai","Centennial Puzzle","PreservedInsect","Tiny House"],"acts_visited":["Exordium","TheCity"],"potions_floor_usage":[12,12,14,17],"damage_taken":[{"damage":0,"enemies":"Jaw Worm","floor":1,"turns":1},{"damage":0,"enemies":"Small Slimes","floor":3,"turns":1},{"damage":0,"enemies":"Lagavulin","floor":7,"turns":1},{"damage":6,"enemies":"2 Louse","floor":10,"turns":2},{"damage":0,"enemies":"2 Fungi Beasts","floor":11,"turns":4},{"damage":3,"enemies":"3 Sentries","floor":12,"turns":7},{"damage":17,"enemies":"Red Slaver","floor":13,"turns":4},{"damage":0,"enemies":"Large Slime","floor":14,"turns":5},{"damage":16,"enemies":"Slime Boss","floor":16,"turns":12},{"damage":21,"enemies":"3 Byrds","floor":18,"turns":10},{"damage":26,"enemies":"Spheric Guardian","floor":22,"turns":7},{"damage":47,"enemies":"3 Cultists","floor":24,"turns":5}],"seed_played":"-5791378668742616071","potions_obtained":[{"floor":1,"key":"SteroidPotion"},{"floor":3,"key":"Strength Potion"},{"floor":11,"key":"CunningPotion"},{"floor":13,"key":"Explosive Potion"},{"floor":17,"key":"EntropicBrew"}],"is_trial":false,"path_per_floor":["M","$","M","?","?","R","E","?","T","M","M","E","M","M","R","B",null,"M","?","?","?","M","R","M"],"character_chosen":"THE_SILENT","items_purchased":["Accuracy"],"campfire_rested":2,"item_purchase_floors":[2],"current_hp_per_floor":[59,59,59,48,37,37,37,37,37,31,31,28,11,11,30,14,58,37,37,37,37,19,33,0,0],"gold":457,"neow_bonus":"THREE_ENEMY_KILL","is_daily":false,"chose_seed":false,"campfire_upgraded":1,"win_rate":0.0,"timestamp":1610246125,"path_taken":["M","$","M","?","?","R","E","?","T","M","?","E","M","M","R","BOSS","M","?","?","?","?","R","M"],"items_purchased_type":["Card"],"build_version":"2020-12-22","purchased_purges":0,"victory":false,"max_hp_per_floor":[66,66,66,66,66,66,66,66,66,66,66,66,66,66,66,66,71,71,71,71,49,49,49,49,49],"card_choices":[{"not_picked":["Endless Agony","Riddle With Holes"],"picked":"Leg Sweep","floor":1},{"not_picked":["Dodge and Roll","Sucker Punch"],"picked":"Dash","floor":3},{"not_picked":["Leg Sweep","Blur"],"picked":"Acrobatics","floor":7},{"not_picked":["Bane","Predator"],"picked":"Infinite Blades","floor":10},{"not_picked":["Underhanded Strike","Footwork"],"picked":"Cloak And Dagger","floor":11},{"not_picked":["Distraction","Unload"],"picked":"Dodge and Roll","floor":12},{"not_picked":["Backflip","Expertise"],"picked":"Dagger Spray","floor":13},{"not_picked":["Concentrate","Noxious Fumes"],"picked":"Terror","floor":14},{"not_picked":["A Thousand Cuts","Unload"],"picked":"Malaise","floor":16},{"not_picked":["Cloak And Dagger","Dodge and Roll"],"picked":"Finisher","floor":18},{"not_picked":["Flying Knee","Acrobatics"],"picked":"PiercingWail","floor":22}],"player_experience":985129,"relics_obtained":[{"floor":7,"key":"Kunai"},{"floor":9,"key":"Centennial Puzzle"},{"floor":12,"key":"PreservedInsect"}],"event_choices":[{"damage_healed":0,"gold_gain":75,"player_choice":"Gather Gold","damage_taken":11,"max_hp_gain":0,"max_hp_loss":0,"event_name":"World of Goop","floor":4,"gold_loss":0},{"damage_healed":0,"gold_gain":0,"player_choice":"Success","damage_taken":11,"relics_obtained":["Anchor"],"max_hp_gain":0,"max_hp_loss":0,"event_name":"Scrap Ooze","floor":5,"gold_loss":0},{"damage_healed":0,"gold_gain":0,"player_choice":"Grow","damage_taken":0,"max_hp_gain":0,"max_hp_loss":0,"event_name":"Living Wall","floor":8,"gold_loss":0,"cards_upgraded":["Leg Sweep"]},{"damage_healed":0,"gold_gain":0,"player_choice":"Simplicity","damage_taken":0,"max_hp_gain":0,"max_hp_loss":0,"event_name":"Back to Basics","floor":19,"gold_loss":0,"cards_upgraded":["Strike_G","Strike_G","Strike_G","Strike_G","Strike_G","Defend_G","Defend_G","Defend_G","Defend_G","Defend_G"]},{"damage_healed":0,"gold_gain":0,"player_choice":"Smashed Altar","damage_taken":0,"max_hp_gain":0,"max_hp_loss":0,"event_name":"Forgotten Altar","floor":20,"gold_loss":0,"cards_obtained":["Decay"]},{"damage_healed":0,"gold_gain":0,"player_choice":"Became a vampire","damage_taken":0,"max_hp_gain":0,"max_hp_loss":22,"event_name":"Vampires","floor":21,"gold_loss":0,"cards_obtained":["Bite","Bite","Bite","Bite","Bite"]}],"is_beta":false,"boss_relics":[{"not_picked":["Ring of the Serpent","Coffee Dripper"],"picked":"Tiny House"}],"items_purged_floors":[],"is_endless":false,"potions_floor_spawned":[1,3,10,11,13,22],"killed_by":"3 Cultists","ascension_level":20}}