{"host":"brd61wijv1cf72gn","time":1610267260,"event":{"mods":["Act Like it!","BaseMod","Conspire","Gensokyo","Marisa£®ÏF”Í°°ƒß¿Ì…≥£©","Minty Spire (QoL Compilation)","Replay The Spire","StSLib","The Bug Knight","The Cursed","The Runesmith","The Servant 0.9.4"],"gold_per_floor":[111,129,162,180,199,199,226,226,299,299,326,338,354,354,354,450,450,461,45,60,60,60,60,95,95,95,95,95,95,109,135,135,233,233,251,251,270,281,281,306,306,306,7,41,65,108,8,8,27,69,69,87],"floor_reached":53,"playtime":3150,"items_purged":["Strike_G","Strike_G"],"score":824,"play_id":"f5dcbc12-bb1f-424e-9d03-1add28b051a8","local_time":"20210110162740","is_ascension_mode":true,"campfire_choices":[{"data":"Envenom","floor":6,"key":"SMITH"},{"data":"Blade Dance","floor":8,"key":"SMITH"},{"data":"Blade Dance","floor":8,"key":"SMITH"},{"data":"Phantasmal Killer","floor":23,"key":"SMITH"},{"data":"Cloak And Dagger","floor":23,"key":"SMITH"},{"floor":29,"key":"REST"},{"data":"Spreading Infection","floor":32,"key":"PURGE"},{"data":"Accuracy","floor":51,"key":"SMITH"},{"data":"Prepared","floor":51,"key":"SMITH"}],"circlet_count":0,"master_deck":["Strike_G","Strike_G","Defend_G","Defend_G","Defend_G+1","Defend_G+1","Survivor","Neutralize","Quick Slash","Blade Dance+1","Dagger Throw+1","Prepared+1","Blade Dance+1","Well Laid Plans+1","Phantasmal Killer+1","Backflip","Cloak And Dagger+1","Prepared+1","Accuracy+1","ReplayTheSpireMod:Scrap Shanks+1","ReplayTheSpireMod:IOU","Accuracy+1","Cloak And Dagger+1"],"relics":["Ring of the Snake","conspire:Flyswatter","Replay:Arrowhead","Kunai","Bronze Scales","HoveringKite","Blood Vial","Vajra","Meat on the Bone","War Paint","ReplayTheSpireMod:Ring of Addiction","ReplayTheSpireMod:Ring of Exchange","Chameleon Ring","Toy Ornithopter","Replay:Wax Seal","Runic Pyramid","Matryoshka","Replay:Bandana","ClockworkSouvenir","Ancient Tea Set","Regal Pillow"],"acts_visited":["Exordium","Gensokyo:Gensokyo","Gensokyo:Gensokyoer"],"potions_floor_usage":[3,16,18,27,31,31,33,44,52],"damage_taken":[{"damage":4,"enemies":"Gensokyo:Python","floor":1,"turns":4},{"damage":0,"enemies":"Gensokyo:Gryphon","floor":2,"turns":4},{"damage":9,"enemies":"Gensokyo:Aya","floor":3,"turns":7},{"damage":0,"enemies":"Gensokyo:3_Fairies","floor":4,"turns":3},{"damage":4,"enemies":"Gensokyo:3_Kodama","floor":5,"turns":6},{"damage":20,"enemies":"Gensokyo:Cirno","floor":7,"turns":5},{"damage":10,"enemies":"Gensokyo:Mamizou","floor":11,"turns":8},{"damage":0,"enemies":"Gensokyo:VengefulSpirit","floor":12,"turns":3},{"damage":2,"enemies":"Gensokyo:5_Fairies","floor":13,"turns":4},{"damage":27,"enemies":"Gensokyo:Yukari","floor":16,"turns":6},{"damage":17,"enemies":"Gensokyo:3_Dogs","floor":18,"turns":4},{"damage":2,"enemies":"Gensokyo:2_Gloops","floor":20,"turns":4},{"damage":4,"enemies":"Gensokyo:Monolith_and_Dog","floor":22,"turns":5},{"damage":27,"enemies":"Gensokyo:Reisen","floor":24,"turns":6},{"damage":0,"enemies":"Gensokyo:Tenshi","floor":27,"turns":1},{"damage":7,"enemies":"Gensokyo:Mirror_and_Dog","floor":30,"turns":2},{"damage":0,"enemies":"Gensokyo:Reisen","floor":31,"turns":4},{"damage":20,"enemies":"Gensokyo:Eiki","floor":33,"turns":4},{"damage":18,"enemies":"Gensokyo:3_Boulders","floor":35,"turns":4},{"damage":0,"enemies":"Gensokyo:3_Bats","floor":37,"turns":3},{"damage":0,"enemies":"Gensokyo:SeedOfUnknown","floor":38,"turns":3},{"damage":0,"enemies":"Gensokyo:Doremy","floor":40,"turns":4},{"damage":0,"enemies":"Gensokyo:3_Boulders","floor":44,"turns":2},{"damage":13,"enemies":"Gensokyo:Rafflesia","floor":46,"turns":4},{"damage":0,"enemies":"Gensokyo:Dusk_and_Dawn","floor":50,"turns":2},{"damage":23,"enemies":"Gensokyo:Scarlet_Devils","floor":52,"turns":5}],"seed_played":"-9222867383189055170","potions_obtained":[{"floor":2,"key":"LifebloodPotion"},{"floor":5,"key":"Weak Potion"},{"floor":7,"key":"AttackPotion"},{"floor":11,"key":"ColorlessPotion"},{"floor":13,"key":"CultistPotion"},{"floor":16,"key":"Flashbang"},{"floor":24,"key":"SmokeBomb"},{"floor":28,"key":"Explosive Potion"},{"floor":28,"key":"Ancient Potion"},{"floor":28,"key":"AttackPotion"},{"floor":30,"key":"Dexterity Potion"},{"floor":38,"key":"Milkshake"},{"floor":46,"key":"FearPotion"},{"floor":48,"key":"Regen Potion"},{"floor":48,"key":"Regen Potion"}],"is_trial":false,"path_per_floor":["M","M","?","M","M","R","E","R","T","?","E","M","M","?","R","B",null,"M","$","M","?","M","R","E","?","T","E","?","R","M","E","R","B",null,"M","?","M","M","?","E","PTL","PTL","$","M","T","M","$","R","$","M","R","B",null],"character_chosen":"THE_SILENT","items_purchased":["Blood Vial","Vajra","Cloak And Dagger","Replay:Bandana","ClockworkSouvenir","Accuracy"],"campfire_rested":1,"item_purchase_floors":[19,19,19,43,43,49],"current_hp_per_floor":[66,66,57,57,53,53,33,33,33,54,44,44,42,42,63,36,70,53,53,53,53,51,51,26,26,26,40,40,61,56,68,68,50,70,52,52,54,56,56,58,58,58,58,64,64,51,51,51,51,53,53,37],"gold":87,"neow_bonus":"REMOVE_CARD","is_daily":false,"chose_seed":false,"campfire_upgraded":7,"win_rate":0.0,"timestamp":1610267260,"path_taken":["M","M","?","M","M","R","E","R","T","?","E","M","M","?","R","BOSS","M","$","M","?","M","R","E","?","T","E","?","R","?","E","R","BOSS","M","?","M","M","?","E","PTL","PTL","$","M","T","?","$","R","?","?","R","BOSS"],"items_purchased_type":["Relic","Relic","Card","Relic","Relic","Card"],"build_version":"2020-12-22","purchased_purges":2,"victory":true,"max_hp_per_floor":[70,70,70,70,70,70,70,70,70,70,70,70,70,70,70,70,70,70,70,70,70,70,70,70,70,70,70,70,70,70,70,70,70,70,70,70,68,68,68,66,66,66,64,64,64,64,64,62,62,62,60,60],"card_choices":[{"not_picked":["Dagger Spray","Predator"],"picked":"Quick Slash","floor":1},{"not_picked":["Fluid Movement","Sucker Punch"],"picked":"Blade Dance","floor":2},{"not_picked":["Dodge and Roll","Deadly Poison"],"picked":"Dagger Throw","floor":3},{"not_picked":["Leg Sweep","Flechettes"],"picked":"Prepared","floor":4},{"not_picked":["Flying Knee","Skewer"],"picked":"Envenom","floor":5},{"not_picked":["Calculated Gamble","Flying Knee"],"picked":"Blade Dance","floor":7},{"not_picked":["Draining Mist","Poison Darts","PiercingWail"],"picked":"SKIP","floor":11},{"not_picked":["Sucker Punch","Quick Slash"],"picked":"Well Laid Plans","floor":12},{"not_picked":["Expertise","Hidden Blade","Deadly Poison"],"picked":"SKIP","floor":13},{"not_picked":["Burst","ReplayTheSpireMod:Necrosis"],"picked":"Phantasmal Killer","floor":16},{"not_picked":["Deflect","Acrobatics"],"picked":"Backflip","floor":18},{"not_picked":["Expertise","PiercingWail"],"picked":"Prepared+1","floor":20},{"not_picked":["Hidden Blade","Dagger Throw"],"picked":"Accuracy+1","floor":22},{"not_picked":["Masterful Stab+1","Leg Sweep","Dodge and Roll+1"],"picked":"SKIP","floor":24},{"not_picked":["Glass Knife","Deflect+1","All Out Attack"],"picked":"SKIP","floor":30},{"not_picked":["Replay:Poison Smokescreen","Quick Slash+1","Malaise"],"picked":"SKIP","floor":31},{"not_picked":["Flying Knee","Dagger Spray+1","conspire:DoublingDagger"],"picked":"SKIP","floor":35},{"not_picked":["Finisher","All Out Attack","Quick Slash"],"picked":"SKIP","floor":37},{"not_picked":["ReplayTheSpireMod:The Works","Quick Slash","Dodge and Roll"],"picked":"SKIP","floor":38},{"not_picked":["Flying Knee+1","Dagger Throw+1","conspire:DoublingDagger"],"picked":"SKIP","floor":40},{"not_picked":["Deflect","Flying Knee+1","Venomology"],"picked":"SKIP","floor":44},{"not_picked":["Toxin Wave","Deadly Poison"],"picked":"ReplayTheSpireMod:Scrap Shanks+1","floor":46},{"not_picked":["Replay:Poison Smokescreen+1","Blur+1"],"picked":"Cloak And Dagger+1","floor":50}],"player_experience":23312,"relics_obtained":[{"floor":3,"key":"conspire:Flyswatter"},{"floor":7,"key":"Replay:Arrowhead"},{"floor":9,"key":"Kunai"},{"floor":11,"key":"Bronze Scales"},{"floor":24,"key":"Meat on the Bone"},{"floor":26,"key":"War Paint"},{"floor":28,"key":"ReplayTheSpireMod:Ring of Addiction"},{"floor":28,"key":"ReplayTheSpireMod:Ring of Exchange"},{"floor":28,"key":"Chameleon Ring"},{"floor":28,"key":"Toy Ornithopter"},{"floor":31,"key":"Replay:Wax Seal"},{"floor":40,"key":"Matryoshka"},{"floor":45,"key":"Ancient Tea Set"},{"floor":45,"key":"Regal Pillow"}],"event_choices":[],"is_beta":false,"boss_relics":[{"not_picked":["conspire:RoyalGoblet","Empty Cage"],"picked":"HoveringKite"},{"not_picked":["SlaversCollar","Runesmith:UraniumAnvil"],"picked":"Runic Pyramid"}],"items_purged_floors":[19,47],"is_endless":false,"potions_floor_spawned":[2,5,7,11,13,16,24,27,30,38,46,50],"ascension_level":1}}