{"host":"m5bsg12zcyqnofur","time":1610260235,"event":{"mods":["BaseMod","BetterRewards","Colored Powertips","Downfall","Highlight Path","Minty Spire (QoL Compilation)","Quick Restart","Replay The Spire","Shop Mod","StSLib"],"gold_per_floor":[119,28,52,62,79,109,109,142,142,173,184,194,211,240,240,341,341,354,371,387,398,67,97,97,130,184,201,221,6,6,39,39,136,136,156,33,33,46,146,177,197,232,255,290,290,302,302,177,177,177,177,177,102,127,127],"floor_reached":56,"playtime":5049,"items_purged":["Strike_G","Strike_G","Defend_G","Defend_G","Strike_G","Defend_G+1"],"score":1622,"play_id":"780ecdde-0d61-4d38-83b1-dffa646f90ad","local_time":"20210110003035","is_ascension_mode":true,"campfire_choices":[{"data":"ReplayTheSpireMod:Necrogeddon","floor":7,"key":"SMITH"},{"data":"Tools of the Trade","floor":15,"key":"SMITH"},{"data":"Tools of the Trade","floor":24,"key":"SMITH"},{"data":"A Thousand Cuts","floor":30,"key":"SMITH"},{"data":"Infinite Blades","floor":32,"key":"SMITH"},{"data":"Envenom","floor":45,"key":"SMITH"},{"floor":49,"key":"RECALL"},{"data":"Blade Dance","floor":52,"key":"SMITH"}],"circlet_count":0,"master_deck":["Strike_G","Strike_G+1","Defend_G+1","Defend_G+1","Survivor","Neutralize","Infinite Blades+1","Hidden Blade","ReplayTheSpireMod:Necrogeddon+1","Blade Dance+1","Tools of the Trade+1","Hidden Blade","Blade Dance+1","Finisher","Reflex","Dagger Throw","Tools of the Trade+1","Prepared+1","ReplayTheSpireMod:Shiv Toss+1","Deflect","Fluid Movement","A Thousand Cuts+1","Slice+1","ReplayTheSpireMod:Scrap Shanks+1","ReplayTheSpireMod:The Works","Blade Dance+1","Envenom+1","Escape Plan","Endless Agony+1","Accuracy+1","Slice+1","Backstab+1","ReplayTheSpireMod:Scrap Shanks","Tactician+1"],"relics":["Ring of the Snake","Membership Card","Pen Nib","Snack Pack","InkBottle","Smiling Mask","Gremlin Horn","Ornamental Fan","Shuriken","Black Star","Nunchaku","Thread and Needle","Paper Crane","Art of War","Happy Flower","MealTicket","War Paint","Sling","Boot","Replay:Wax Seal","Coffee Dripper","TheAbacus","Simple Rune","Vajra","PreservedInsect","Molten Egg 2","Omamori","Centennial Puzzle","Sundial","WarpedTongs","Replay:Bottled Eggs","Bag of Preparation"],"acts_visited":["Exordium","TheCity","TheBeyond","TheEnding"],"potions_floor_usage":[6,10,23,25,33,33,33,40,42,50,55,55,55],"damage_taken":[{"damage":0,"enemies":"Cultist","floor":1,"turns":3},{"damage":0,"enemies":"2 Louse","floor":4,"turns":3},{"damage":0,"enemies":"Small Slimes","floor":5,"turns":4},{"damage":8,"enemies":"Lagavulin","floor":6,"turns":4},{"damage":24,"enemies":"3 Sentries","floor":8,"turns":6},{"damage":3,"enemies":"Gremlin Nob","floor":10,"turns":3},{"damage":10,"enemies":"Blue Slaver","floor":11,"turns":3},{"damage":6,"enemies":"3 Louse","floor":12,"turns":3},{"damage":6,"enemies":"Red Slaver","floor":13,"turns":3},{"damage":15,"enemies":"Lagavulin","floor":14,"turns":6},{"damage":0,"enemies":"Slime Boss","floor":16,"turns":4},{"damage":7,"enemies":"Spheric Guardian","floor":18,"turns":3},{"damage":14,"enemies":"Shell Parasite","floor":19,"turns":3},{"damage":14,"enemies":"Snecko","floor":20,"turns":4},{"damage":8,"enemies":"3 Cultists","floor":21,"turns":3},{"damage":40,"enemies":"Slavers","floor":23,"turns":4},{"damage":2,"enemies":"Book of Stabbing","floor":25,"turns":3},{"damage":3,"enemies":"Snake Plant","floor":27,"turns":5},{"damage":5,"enemies":"Cultist and Chosen","floor":28,"turns":4},{"damage":0,"enemies":"Replay:Snechameleon","floor":31,"turns":4},{"damage":0,"enemies":"Collector","floor":33,"turns":5},{"damage":0,"enemies":"3 Darklings","floor":35,"turns":2},{"damage":0,"enemies":"Orb Walker","floor":38,"turns":3},{"damage":0,"enemies":"Nemesis","floor":40,"turns":3},{"damage":27,"enemies":"3 Darklings","floor":41,"turns":4},{"damage":2,"enemies":"R_Hoarder","floor":42,"turns":4},{"damage":9,"enemies":"Giant Head","floor":44,"turns":3},{"damage":30,"enemies":"Jaw Worm Horde","floor":46,"turns":2},{"damage":0,"enemies":"Replay:Hell Engine","floor":50,"turns":4},{"damage":0,"enemies":"Shield and Spear","floor":54,"turns":1},{"damage":12,"enemies":"The Heart","floor":55,"turns":3}],"seed_played":"2741203075267243575","potions_obtained":[{"floor":1,"key":"DistilledChaos"},{"floor":4,"key":"Explosive Potion"},{"floor":10,"key":"AttackPotion"},{"floor":13,"key":"FearPotion"},{"floor":18,"key":"Ancient Potion"},{"floor":23,"key":"Venom Potion"},{"floor":28,"key":"SpeedPotion"},{"floor":33,"key":"Flashbang"},{"floor":35,"key":"CultistPotion"},{"floor":41,"key":"Adrenaline Potion"},{"floor":42,"key":"Explosive Potion"},{"floor":44,"key":"Poison Potion"}],"is_trial":false,"path_per_floor":["M","$","T","M","M","E","R","E","T","E","M","M","M","E","R","B",null,"M","M","M","M","$","E","R","E","T","M","M","$","R","E","R","B",null,"M","$","?","M","?","E","M","E","T","E","R","M","?","$","R","B",null,"R","$","E","B",null],"character_chosen":"THE_SILENT","items_purchased":["Infinite Blades","Hidden Blade","ReplayTheSpireMod:Necrogeddon","Membership Card","Pen Nib","Snack Pack","Blade Dance","Tools of the Trade","Nunchaku","Deflect","Fluid Movement","Thread and Needle","ReplayTheSpireMod:Scrap Shanks+1","Sling","ReplayTheSpireMod:The Works","Blade Dance","TheAbacus","Backstab+1","ReplayTheSpireMod:Scrap Shanks","SkillPotion"],"campfire_rested":0,"item_purchase_floors":[0,0,0,0,0,0,2,2,22,22,22,22,29,29,29,29,36,48,48,53],"current_hp_per_floor":[49,49,49,55,59,65,65,53,53,58,52,50,48,43,43,51,70,67,59,53,55,55,23,23,27,27,34,37,52,52,66,66,70,70,70,70,70,70,70,70,49,55,55,52,52,26,26,41,41,59,70,70,70,70,70],"gold":127,"neow_bonus":"","is_daily":false,"chose_seed":false,"campfire_upgraded":7,"win_rate":0.0,"timestamp":1610260235,"path_taken":["M","$","?","M","M","E","R","E","T","E","M","M","M","E","R","BOSS","M","M","M","M","$","E","R","E","T","M","M","$","R","E","R","BOSS","M","$","?","M","?","E","M","E","T","E","R","?","?","$","R","BOSS","R","$","E","BOSS"],"items_purchased_type":["Card","Card","Card","Relic","Relic","Relic","Card","Card","Relic","Card","Card","Relic","Card","Relic","Card","Card","Relic","Card","Card","Potion"],"build_version":"2020-12-22","purchased_purges":6,"victory":true,"max_hp_per_floor":[70,70,70,70,70,70,70,70,70,70,70,70,70,70,70,70,70,70,70,70,70,70,70,70,70,70,70,70,70,70,70,70,70,70,70,70,70,70,70,70,70,70,70,70,70,70,70,70,70,70,70,70,70,70,70],"card_choices":[{"not_picked":["Crippling Poison","Flying Knee","PiercingWail"],"picked":"SKIP","floor":1},{"not_picked":["Backflip","Bane"],"picked":"Hidden Blade","floor":4},{"not_picked":["Bane","Dagger Throw"],"picked":"Blade Dance","floor":5},{"not_picked":["Replay:Poison Smokescreen","Hidden Blade"],"picked":"Finisher","floor":6},{"not_picked":["Toxin Wave","Acrobatics","Hidden Blade"],"picked":"SKIP","floor":8},{"not_picked":["Draining Mist","Sucker Punch"],"picked":"Reflex","floor":10},{"not_picked":["Phantasmal Killer","Outmaneuver","Sneak Up"],"picked":"SKIP","floor":11},{"not_picked":["Poisoned Stab","Leg Sweep"],"picked":"Dagger Throw","floor":12},{"not_picked":["PiercingWail","Bullet Time","Outmaneuver"],"picked":"SKIP","floor":13},{"not_picked":["Dagger Throw","Glass Knife","Bane"],"picked":"SKIP","floor":14},{"not_picked":["ReplayTheSpireMod:From All Sides","ReplayTheSpireMod:Necrosis"],"picked":"Tools of the Trade","floor":16},{"not_picked":["Dagger Spray","Dodge and Roll"],"picked":"Prepared+1","floor":18},{"not_picked":["Deadly Poison+1","Slice+1","Sucker Punch+1"],"picked":"SKIP","floor":19},{"not_picked":["Dagger Throw","Doppelganger","Dagger Spray"],"picked":"SKIP","floor":20},{"not_picked":["Acrobatics","Quick Slash+1"],"picked":"ReplayTheSpireMod:Shiv Toss+1","floor":21},{"not_picked":["Finisher","Concentrate"],"picked":"A Thousand Cuts","floor":23},{"not_picked":["PiercingWail","Flying Knee+1","Outmaneuver"],"picked":"SKIP","floor":25},{"not_picked":["Deadly Poison","Outmaneuver+1"],"picked":"Slice+1","floor":27},{"not_picked":["Dagger Throw","PiercingWail","Dagger Spray+1"],"picked":"SKIP","floor":28},{"not_picked":["Crippling Poison","Dagger Throw","ReplayTheSpireMod:The Works+1"],"picked":"SKIP","floor":31},{"not_picked":["Bullet Time","Phantasmal Killer"],"picked":"Envenom","floor":33},{"not_picked":["Acrobatics","Fluid Movement+1"],"picked":"Escape Plan","floor":35},{"not_picked":["Flying Knee+1","Poisoned Stab"],"picked":"Endless Agony+1","floor":38},{"not_picked":["Corpse Explosion","Fluid Movement+1"],"picked":"Accuracy+1","floor":40},{"not_picked":["Poisoned Stab","Dodge and Roll","Underhanded Strike"],"picked":"SKIP","floor":41},{"not_picked":["Replay:Poison Smokescreen","Blade Dance"],"picked":"Slice+1","floor":42},{"not_picked":["Poisoned Stab+1","Deflect+1","Quick Slash+1"],"picked":"SKIP","floor":44},{"not_picked":["Poisoned Stab+1","Deflect+1","Quick Slash+1"],"picked":"SKIP","floor":44},{"not_picked":["Prepared","Bane+1","Skewer+1"],"picked":"SKIP","floor":46},{"not_picked":["Escape Plan","Bane+1"],"picked":"Tactician+1","floor":54}],"player_experience":128305,"relics_obtained":[{"floor":6,"key":"InkBottle"},{"floor":8,"key":"Smiling Mask"},{"floor":9,"key":"Gremlin Horn"},{"floor":10,"key":"Ornamental Fan"},{"floor":14,"key":"Shuriken"},{"floor":23,"key":"Paper Crane"},{"floor":23,"key":"Art of War"},{"floor":25,"key":"Happy Flower"},{"floor":25,"key":"MealTicket"},{"floor":26,"key":"War Paint"},{"floor":31,"key":"Boot"},{"floor":31,"key":"Replay:Wax Seal"},{"floor":40,"key":"Simple Rune"},{"floor":40,"key":"Vajra"},{"floor":42,"key":"PreservedInsect"},{"floor":42,"key":"Molten Egg 2"},{"floor":43,"key":"Omamori"},{"floor":44,"key":"Centennial Puzzle"},{"floor":44,"key":"Sundial"},{"floor":54,"key":"Replay:Bottled Eggs"},{"floor":54,"key":"Bag of Preparation"}],"event_choices":[{"damage_healed":0,"gold_gain":100,"player_choice":"Pray","damage_taken":0,"max_hp_gain":0,"max_hp_loss":0,"event_name":"Golden Shrine","floor":39,"gold_loss":0},{"damage_healed":0,"gold_gain":0,"player_choice":"Rummage","damage_taken":0,"relics_obtained":["WarpedTongs"],"max_hp_gain":0,"max_hp_loss":0,"event_name":"Accursed Blacksmith","floor":47,"gold_loss":0,"cards_obtained":["Pain"]}],"is_beta":false,"boss_relics":[{"not_picked":["Snecko Scales","Replay:Wanted Poster"],"picked":"Black Star"},{"not_picked":["Philosopher\u0027s Stone","ReplayTheSpireMod:DimensionalGlitch"],"picked":"Coffee Dripper"}],"items_purged_floors":[0,22,29,36,48,53],"is_endless":false,"potions_floor_spawned":[1,4,10,13,18,23,28,33,35,41,42,44],"ascension_level":2}}