{"host":"7xbu8gt067z192g2","time":1610276349,"event":{"mods":["BaseMod","Better Note","Colored Map","Colored Powertips","Googly Eyes","Highlight Path","Minty Spire (QoL Compilation)","Rare Cards Sparkle","Replay The Spire","StSLib","The Bladedancer","The Cursed","The Hierophant","The Valiant","The Wild Card"],"gold_per_floor":[118,118,118,118,118,136,167,167,167,167,197,42,42,76,76,76,76],"floor_reached":16,"playtime":660,"items_purged":[],"score":139,"play_id":"4a74882b-b59c-42ba-a48a-8ad653932e46","local_time":"20210110055909","is_ascension_mode":false,"campfire_choices":[{"data":"TheCursedMod:CursedWand","floor":8,"key":"SMITH"},{"data":"TheCursedMod:CleanUpWorkshop","floor":10,"key":"SMITH"},{"data":"TheCursedMod:CircleOfAmplification","floor":13,"key":"SMITH"},{"data":"TheCursedMod:AbyssShockwave","floor":15,"key":"SMITH"}],"circlet_count":0,"master_deck":["TheCursedMod:Strike_TheCursed","TheCursedMod:Strike_TheCursed","TheCursedMod:Strike_TheCursed","TheCursedMod:Strike_TheCursed","TheCursedMod:Defend_TheCursed","TheCursedMod:Defend_TheCursed","TheCursedMod:Defend_TheCursed","TheCursedMod:CursedWand+1","TheCursedMod:CleanUpWorkshop+1","TheCursedMod:Dregs","TheCursedMod:CursedAmulet+1","Overencumbered","TheCursedMod:CircleOfAmplification+1","TheCursedMod:AbyssShockwave+1","TheCursedMod:BloodBarrier"],"relics":["TheCursedMod:BlackMagic101","NeowsBlessing","Orichalcum","PrismaticShard","Replay:Bottled Steam","Iron Hammer","Replay:Bottled Snecko","Ancient Tea Set"],"acts_visited":[],"potions_floor_usage":[11],"damage_taken":[{"damage":0,"enemies":"2 Louse","floor":1,"turns":1},{"damage":0,"enemies":"Jaw Worm","floor":6,"turns":1},{"damage":0,"enemies":"Lagavulin","floor":7,"turns":1},{"damage":4,"enemies":"3 Sentries","floor":11,"turns":8},{"damage":32,"enemies":"Gremlin Nob","floor":14,"turns":5},{"damage":14,"enemies":"Slime Boss","floor":16,"turns":6}],"seed_played":"5346654333819605973","potions_obtained":[{"floor":6,"key":"Explosive Potion"}],"is_trial":false,"path_per_floor":["M","?","?","T","?","M","E","R","T","R","E","$","R","E","R","B"],"character_chosen":"THE_CURSED","items_purchased":["TheCursedMod:AbyssShockwave","TheCursedMod:BloodBarrier"],"campfire_rested":0,"item_purchase_floors":[12,12],"current_hp_per_floor":[75,68,68,68,68,68,68,68,68,68,64,64,64,32,32,18,18],"gold":76,"neow_bonus":"THREE_ENEMY_KILL","is_daily":false,"chose_seed":false,"campfire_upgraded":4,"win_rate":0.0,"timestamp":1610276349,"path_taken":["M","?","?","?","?","M","E","R","T","R","E","$","R","E","R","BOSS"],"items_purchased_type":["Card","Card"],"build_version":"2020-12-22","purchased_purges":0,"victory":false,"max_hp_per_floor":[75,75,75,75,75,75,75,75,75,75,75,75,75,75,75,75,75],"card_choices":[{"not_picked":["TheCursedMod:SurpriseAttack","TheCursedMod:Wield"],"picked":"TheCursedMod:CursedAmulet","floor":1},{"not_picked":["Turbo","Barrage","hierophant:Encroach"],"picked":"SKIP","floor":6},{"not_picked":["Searing Blow","Pommel Strike","Barrage"],"picked":"SKIP","floor":7},{"not_picked":["Streamline","blademaster:CombatPrep"],"picked":"TheCursedMod:CircleOfAmplification","floor":11},{"not_picked":["ReplayTheSpireMod:Muscle Training","ThirdEye","hierophant:RustyCrate"],"picked":"SKIP","floor":14}],"player_experience":170304,"relics_obtained":[{"floor":4,"key":"Orichalcum"},{"floor":7,"key":"Replay:Bottled Steam"},{"floor":9,"key":"Iron Hammer"},{"floor":11,"key":"Replay:Bottled Snecko"},{"floor":14,"key":"Ancient Tea Set"}],"event_choices":[{"cards_removed":["TheCursedMod:Defend_TheCursed"],"damage_healed":0,"gold_gain":0,"player_choice":"Card Removal","damage_taken":7,"max_hp_gain":0,"max_hp_loss":0,"event_name":"Golden Wing","floor":2,"gold_loss":0}],"is_beta":false,"boss_relics":[],"items_purged_floors":[],"is_endless":false,"potions_floor_spawned":[6],"killed_by":"Slime Boss","ascension_level":0}}