{"host":"w3q5ijqu8eoknil3","time":1610240946,"event":{"mods":["AchievementEnabler","BaseMod","Block Reminder","Colored Powertips","Curses Come First","Minty Spire (QoL Compilation)","Quick Restart","Relic Stats","StSLib","ojb\u0027s Better Paths Mod","ojb\u0027s Info Mod","slay the spire mod where everything is the same but ironclad has a cowboy hat"],"gold_per_floor":[112,129,129,129,150,194,194,219,244,280,280,41,41,74,74,74,74],"floor_reached":16,"playtime":856,"items_purged":["Strike_G"],"score":218,"play_id":"e373f23a-e9d9-41ba-9836-baf7eebd7093","local_time":"20210110010906","is_ascension_mode":true,"campfire_choices":[{"floor":7,"key":"REST"},{"floor":11,"key":"REST"},{"data":"Malaise","floor":15,"key":"SMITH"}],"circlet_count":0,"master_deck":["AscendersBane","Strike_G","Strike_G","Strike_G","Strike_G","Defend_G","Defend_G","Defend_G","Defend_G","Defend_G","Survivor","Neutralize","PiercingWail","Eviscerate","Footwork","Malaise+1","Acrobatics","Calculated Gamble","Malaise","Leg Sweep"],"relics":["Ring of the Snake","NeowsBlessing","Golden Idol","Boot","Omamori","Orichalcum","DollysMirror","Ancient Tea Set"],"acts_visited":["Exordium"],"potions_floor_usage":[10,14,16],"damage_taken":[{"damage":0,"enemies":"Cultist","floor":1,"turns":1},{"damage":0,"enemies":"2 Louse","floor":2,"turns":1},{"damage":0,"enemies":"Small Slimes","floor":5,"turns":1},{"damage":44,"enemies":"3 Sentries","floor":6,"turns":18},{"damage":11,"enemies":"Blue Slaver","floor":8,"turns":4},{"damage":17,"enemies":"Lagavulin","floor":10,"turns":10},{"damage":20,"enemies":"Gremlin Nob","floor":14,"turns":8},{"damage":20,"enemies":"Hexaghost","floor":16,"turns":21}],"seed_played":"-3677516825339406189","potions_obtained":[{"floor":5,"key":"LiquidMemories"},{"floor":10,"key":"Regen Potion"},{"floor":13,"key":"Block Potion"},{"floor":14,"key":"Energy Potion"}],"is_trial":false,"path_per_floor":["M","M","?","?","M","E","R","M","T","E","R","$","?","E","R","B"],"character_chosen":"THE_SILENT","items_purchased":["DollysMirror"],"campfire_rested":2,"item_purchase_floors":[12],"current_hp_per_floor":[59,59,59,59,59,15,33,22,22,5,23,23,23,18,18,0,0],"gold":74,"neow_bonus":"THREE_ENEMY_KILL","is_daily":false,"chose_seed":false,"campfire_upgraded":1,"win_rate":0.0,"timestamp":1610240946,"path_taken":["M","?","?","?","M","E","R","M","T","E","R","?","?","E","R","BOSS"],"items_purchased_type":["Relic"],"build_version":"2020-12-22","purchased_purges":1,"victory":false,"max_hp_per_floor":[66,66,60,60,60,60,60,60,60,60,60,60,60,60,60,60,60],"relic_stats":{"counters":[8,64],"Golden Idol":32,"Orichalcum":[114],"Boot":[27],"obtain_stats":[{"NeowsBlessing":0,"Golden Idol":3,"DollysMirror":12,"Omamori":9,"Orichalcum":10,"Boot":6,"Ancient Tea Set":14,"Ring of the Snake":0},{"NeowsBlessing":0,"Golden Idol":2,"DollysMirror":6,"Omamori":5,"Orichalcum":6,"Boot":4,"Ancient Tea Set":7,"Ring of the Snake":0},{"NeowsBlessing":0,"Golden Idol":2,"DollysMirror":35,"Omamori":25,"Orichalcum":35,"Boot":21,"Ancient Tea Set":43,"Ring of the Snake":0}],"Ring of the Snake":[16]},"card_choices":[{"not_picked":["Deadly Poison","Predator"],"picked":"PiercingWail","floor":1},{"not_picked":["PiercingWail","Slice"],"picked":"Eviscerate","floor":2},{"not_picked":["Prepared","Bane"],"picked":"Footwork","floor":5},{"not_picked":["Underhanded Strike","Deflect"],"picked":"Malaise","floor":6},{"not_picked":["Sucker Punch","Distraction"],"picked":"Acrobatics","floor":8},{"not_picked":["Flying Knee","PiercingWail"],"picked":"Calculated Gamble","floor":10},{"not_picked":["Heel Hook","Accuracy"],"picked":"Leg Sweep","floor":14}],"player_experience":944035,"relics_obtained":[{"floor":6,"key":"Boot"},{"floor":9,"key":"Omamori"},{"floor":10,"key":"Orichalcum"},{"floor":14,"key":"Ancient Tea Set"}],"event_choices":[{"damage_healed":0,"gold_gain":0,"player_choice":"Lose Max HP","damage_taken":0,"relics_obtained":["Golden Idol"],"max_hp_gain":0,"max_hp_loss":6,"event_name":"Golden Idol","floor":3,"gold_loss":0},{"damage_healed":0,"gold_gain":0,"player_choice":"Ignored","damage_taken":0,"max_hp_gain":0,"max_hp_loss":0,"event_name":"Shining Light","floor":4,"gold_loss":0},{"damage_healed":0,"gold_gain":0,"player_choice":"Got Potions","damage_taken":0,"max_hp_gain":0,"max_hp_loss":0,"event_name":"Lab","floor":13,"gold_loss":0}],"is_beta":false,"boss_relics":[],"items_purged_floors":[12],"is_endless":false,"potions_floor_spawned":[5,10,14],"killed_by":"Hexaghost","ascension_level":17}}