{"host":"t2li07c0j4v81685","time":1610315051,"event":{"mods":["BaseMod","Bestiary","Block Reminder","Colored Map","Colored Powertips","Dark Map","DeckTracker","Duelist Mod","Highlight Path","Hubris","Infinite Spire","Jorbs\u0027s Wanderer Trilogy","Koishi","Marisa????????","Minty Spire (QoL Compilation)","Prisma Mod","Relic Sorter","Relic Stats","Replay The Spire","Shop Mod","StSLib","The Bug Knight","The Cursed","The Jungle","The Servant 0.9.4"],"gold_per_floor":[118,118,118,132,148,148,176,176,245,245,40,60,72,98,98,200,200,215,65,65,83,83,83,93,106,133,148,148,32,47,80,80,80,80],"floor_reached":33,"playtime":2312,"items_purged":["Survivor"],"score":277,"play_id":"0a80124d-e66f-464f-bb96-87813ca3e741","local_time":"20210110224411","is_ascension_mode":false,"campfire_choices":[{"floor":6,"key":"REST"},{"floor":8,"key":"REST"},{"floor":10,"key":"REST"},{"floor":15,"key":"REST"},{"floor":23,"key":"REST"},{"floor":28,"key":"REST"},{"floor":32,"key":"REST"}],"circlet_count":0,"master_deck":["Strike_G","Strike_G","Strike_G","Strike_G","Strike_G","Defend_G","Defend_G+1","Defend_G","Defend_G+1","Defend_G","Neutralize","Corpse Explosion","Blade Dance","Bane","Deadly Poison","Bane","ReplayTheSpireMod:Scrap Shanks+1","Slice+1","Quick Slash+1","Dramatic Entrance+1","Hidden Blade","Deadly Poison","Sneak Up","Replay:Bag of Tricks+1","Infinite Blades","ReplayTheSpireMod:Necrosis+1","Deadly Poison","Outmaneuver+1","Backstab","Dagger Spray+1","Dagger Spray+1","Heel Hook+1","Crippling Poison","Sucker Punch+1"],"relics":["Ring of the Snake","Meat on the Bone","Golden Egg","BargainBundle","Lantern","WristBlade","MerchantsRug","Simple Rune","Bag of Preparation"],"acts_visited":["Exordium","TheCity"],"potions_floor_usage":[33,33,33],"damage_taken":[{"damage":11,"enemies":"Jaw Worm","floor":1,"turns":5},{"damage":6,"enemies":"Cultist","floor":4,"turns":3},{"damage":14,"enemies":"infinitespire:Voidling","floor":5,"turns":3},{"damage":32,"enemies":"Replay:BlueRogue","floor":7,"turns":6},{"damage":0,"enemies":"Lots of Slimes","floor":12,"turns":1},{"damage":11,"enemies":"Exordium Wildlife","floor":13,"turns":2},{"damage":30,"enemies":"3 Sentries","floor":14,"turns":5},{"damage":61,"enemies":"Hexaghost","floor":16,"turns":8},{"damage":19,"enemies":"Shell Parasite","floor":18,"turns":3},{"damage":12,"enemies":"2 Thieves","floor":21,"turns":2},{"damage":21,"enemies":"Snake Plant","floor":24,"turns":3},{"damage":20,"enemies":"Centurion and Healer","floor":25,"turns":2},{"damage":30,"enemies":"Shelled Parasite and Fungi","floor":27,"turns":4},{"damage":10,"enemies":"Chosen and Byrds","floor":30,"turns":3},{"damage":23,"enemies":"Nightmare","floor":31,"turns":4},{"damage":48,"enemies":"Pondfish","floor":33,"turns":3}],"seed_played":"-5652051189793305095","potions_obtained":[{"floor":1,"key":"Toxic Potion"},{"floor":7,"key":"CunningPotion"},{"floor":12,"key":"Poison Potion"},{"floor":25,"key":"LiquidMemories"},{"floor":30,"key":"BlessingOfTheForge"}],"is_trial":false,"path_per_floor":["M","$","?","M","M","R","E","R","T","R","$","M","M","E","R","B",null,"M","$","?","M","AVR","R","M","M","T","M","R","$","M","NM","R","B"],"character_chosen":"THE_SILENT","items_purchased":["BargainBundle","ReplayTheSpireMod:Scrap Shanks","Slice","Quick Slash","Dramatic Entrance","MerchantsRug","Dagger Spray","Heel Hook"],"campfire_rested":7,"item_purchase_floors":[11,11,11,11,11,19,29,29],"current_hp_per_floor":[59,59,59,53,43,64,32,53,53,70,70,70,59,41,62,13,70,51,51,51,39,39,60,39,31,31,13,34,34,36,25,46,0,0],"gold":80,"neow_bonus":"ONE_RANDOM_RARE_CARD","is_daily":false,"chose_seed":false,"campfire_upgraded":0,"win_rate":0.0,"timestamp":1610315051,"path_taken":["M","$","?","?","M","R","E","R","T","R","$","?","M","E","R","BOSS","M","?","?","M","AVR","R","M","?","T","M","R","$","M","NM","R","BOSS"],"items_purchased_type":["Relic","Card","Card","Card","Card","Relic","Card","Card"],"build_version":"2020-12-22","purchased_purges":1,"victory":false,"max_hp_per_floor":[70,70,70,70,70,70,70,70,70,70,70,70,70,70,70,70,70,70,70,70,70,70,70,70,70,70,70,70,70,70,70,70,70,70],"relic_stats":{"counters":[16,57],"Bag of Preparation":[2],"obtain_stats":[{"Golden Egg":9,"MerchantsRug":19,"BargainBundle":11,"Lantern":14,"WristBlade":17,"Simple Rune":26,"Bag of Preparation":31,"Ring of the Snake":0,"Meat on the Bone":7},{"Golden Egg":4,"MerchantsRug":9,"BargainBundle":4,"Lantern":7,"WristBlade":8,"Simple Rune":12,"Bag of Preparation":15,"Ring of the Snake":0,"Meat on the Bone":4},{"Golden Egg":17,"MerchantsRug":36,"BargainBundle":17,"Lantern":25,"WristBlade":33,"Simple Rune":43,"Bag of Preparation":54,"Ring of the Snake":0,"Meat on the Bone":17}],"Ring of the Snake":[32],"Meat on the Bone":72},"card_choices":[{"not_picked":["Flying Knee","Backstab"],"picked":"Blade Dance","floor":1},{"not_picked":["hubris:SlightOfHand","Outmaneuver"],"picked":"Bane","floor":4},{"not_picked":["Tactician","Acrobatics"],"picked":"Deadly Poison","floor":5},{"not_picked":["ReplayTheSpireMod:Exploit Weakness","Eviscerate"],"picked":"Bane","floor":7},{"not_picked":["Dagger Spray","Underhanded Strike"],"picked":"Hidden Blade","floor":12},{"not_picked":["Eviscerate","Backflip"],"picked":"Deadly Poison","floor":13},{"not_picked":["Dash","Flying Knee"],"picked":"Sneak Up","floor":14},{"not_picked":["Atom Bomb","Adrenaline"],"picked":"Replay:Bag of Tricks","floor":16},{"not_picked":["Sucker Punch","Footwork+1"],"picked":"Infinite Blades","floor":18},{"not_picked":["Dagger Throw+1","Bane"],"picked":"ReplayTheSpireMod:Necrosis","floor":21},{"not_picked":["Prepared","Choke"],"picked":"Deadly Poison","floor":24},{"not_picked":["Backflip+1","Footwork"],"picked":"Outmaneuver+1","floor":25},{"not_picked":["Atom Bomb","PiercingWail"],"picked":"Backstab","floor":27},{"not_picked":["PiercingWail","Bane"],"picked":"Crippling Poison","floor":30},{"not_picked":["Night Terror","All Out Attack+1"],"picked":"Sucker Punch+1","floor":31}],"player_experience":7085,"relics_obtained":[{"floor":7,"key":"Meat on the Bone"},{"floor":9,"key":"Golden Egg"},{"floor":14,"key":"Lantern"},{"floor":26,"key":"Simple Rune"},{"floor":31,"key":"Bag of Preparation"}],"event_choices":[{"damage_healed":0,"gold_gain":0,"player_choice":"Bought 0 Potions","damage_taken":0,"max_hp_gain":0,"max_hp_loss":0,"event_name":"The Woman in Blue","floor":3,"gold_loss":0},{"damage_healed":0,"gold_gain":0,"player_choice":"Got Potions","damage_taken":0,"max_hp_gain":0,"max_hp_loss":0,"event_name":"Lab","floor":20,"gold_loss":0}],"is_beta":false,"boss_relics":[{"not_picked":["Tiny House","Snecko Scales"],"picked":"WristBlade"}],"items_purged_floors":[11],"is_endless":true,"potions_floor_spawned":[1,7,12,21,25,30],"killed_by":"Pondfish","ascension_level":0}}