{"host":"Timothy","time":1610251878,"event":{"mods":["AchievementEnabler","BaseMod","Bestiary","Highlight Path","Minty Spire (QoL Compilation)","Quick Restart","Slay-I"],"gold_per_floor":[115,115,190,190,38,38,53,72,72,90,90,108,108,168,168,267,267,282,299,299,70,84,84,84,159,159,159,178,213,37,37,37,37,37],"floor_reached":33,"playtime":1831,"items_purged":["Strike_B","Strike_B"],"score":253,"play_id":"0ecee09d-20a3-4f32-a067-cdaae47eeb52","local_time":"20210109201118","is_ascension_mode":false,"campfire_choices":[{"data":"Zap","floor":6.0,"key":"SMITH"},{"data":"Conserve Battery","floor":11.0,"key":"SMITH"},{"floor":15.0,"key":"REST"},{"data":"Hologram","floor":23.0,"key":"SMITH"},{"floor":27.0,"key":"REST"},{"floor":32.0,"key":"REST"}],"circlet_count":0,"master_deck":["Strike_B","Defend_B","Defend_B","Defend_B","Defend_B","Zap+1","Dualcast","Gash","Rebound","Conserve Battery+1","Coolheaded","Conserve Battery","Hologram+1","BootSequence","Hologram","Rebound","Shame"],"relics":["Busted Crown","Tiny Chest","Orrery","Letter Opener","Shuriken","Kunai","Philosopher\u0027s Stone","Runic Capacitor","Darkstone Periapt","Mummified Hand","MealTicket","Singing Bowl"],"acts_visited":["Exordium","TheCity"],"potions_floor_usage":[],"damage_taken":[{"damage":1.0,"enemies":"Cultist","floor":1.0,"turns":4.0},{"damage":1.0,"enemies":"Jaw Worm","floor":7.0,"turns":4.0},{"damage":2.0,"enemies":"Small Slimes","floor":8.0,"turns":3.0},{"damage":16.0,"enemies":"Exordium Thugs","floor":10.0,"turns":4.0},{"damage":0.0,"enemies":"Blue Slaver","floor":12.0,"turns":3.0},{"damage":10.0,"enemies":"Lagavulin Event","floor":14.0,"turns":7.0},{"damage":14.0,"enemies":"The Guardian","floor":16.0,"turns":11.0},{"damage":8.0,"enemies":"Spheric Guardian","floor":18.0,"turns":4.0},{"damage":25.0,"enemies":"3 Byrds","floor":19.0,"turns":5.0},{"damage":4.0,"enemies":"Shelled Parasite and Fungi","floor":22.0,"turns":8.0},{"damage":4.0,"enemies":"Snecko","floor":28.0,"turns":7.0},{"damage":37.0,"enemies":"Gremlin Leader","floor":29.0,"turns":9.0},{"damage":56,"enemies":"Collector","floor":33,"turns":11}],"seed_played":"8950161674055662704","potions_obtained":[{"floor":1.0,"key":"Block Potion"},{"floor":10.0,"key":"SkillPotion"},{"floor":16.0,"key":"Energy Potion"},{"floor":28.0,"key":"LiquidMemories"}],"is_trial":false,"path_per_floor":["M","?","?","?","$","R","M","M","T","M","R","M","T","?","R","B",null,"M","M","?","$","M","R","?","T","T","R","M","E","$","?","R","B"],"character_chosen":"DEFECT","items_purchased":["Orrery","Runic Capacitor","Hologram","Rebound"],"campfire_rested":3,"item_purchase_floors":[5,21,30,30],"current_hp_per_floor":[74,67,56,56,56,56,55,53,53,37,37,37,37,27,49,35,75,67,42,42,42,38,38,24,24,24,48,44,7,22,28,53,0,0],"gold":37,"neow_bonus":"BOSS_RELIC","is_daily":false,"chose_seed":false,"campfire_upgraded":3,"win_rate":0.0,"timestamp":1610251878,"path_taken":["M","?","?","?","$","R","M","M","T","M","R","?","?","?","R","BOSS","M","M","?","$","M","R","?","?","T","R","M","E","$","?","R","BOSS"],"items_purchased_type":["Relic","Relic","Card","Card"],"build_version":"2020-12-18","purchased_purges":2,"victory":false,"max_hp_per_floor":[75,75,75,75,75,75,75,75,75,75,75,75,75,75,75,75,75,75,75,75,75,75,75,80,80,80,80,80,80,80,86,86,86,86],"card_choices":[{"not_picked":["Static Discharge"],"picked":"SKIP","floor":1.0},{"not_picked":[],"picked":"Gash","floor":5.0},{"not_picked":[],"picked":"Rebound","floor":7.0},{"not_picked":[],"picked":"Conserve Battery","floor":8.0},{"not_picked":["FTL"],"picked":"SKIP","floor":10.0},{"not_picked":[],"picked":"Coolheaded","floor":12.0},{"not_picked":[],"picked":"Conserve Battery","floor":18.0},{"not_picked":["Recycle"],"picked":"SKIP","floor":19.0},{"not_picked":[],"picked":"Hologram","floor":22.0},{"not_picked":["Blizzard"],"picked":"SKIP","floor":28.0},{"not_picked":[],"picked":"BootSequence","floor":29.0}],"player_experience":791906,"relics_obtained":[{"floor":9.0,"key":"Letter Opener"},{"floor":13.0,"key":"Shuriken"},{"floor":25.0,"key":"Darkstone Periapt"},{"floor":26.0,"key":"Mummified Hand"},{"floor":29.0,"key":"MealTicket"}],"event_choices":[{"damage_healed":0.0,"max_hp_gain":0.0,"max_hp_loss":0.0,"gold_gain":0.0,"event_name":"Scrap Ooze","player_choice":"Success","floor":2.0,"gold_loss":0.0,"damage_taken":7.0,"relics_obtained":["Tiny Chest"]},{"damage_healed":0.0,"max_hp_gain":0.0,"max_hp_loss":0.0,"gold_gain":75.0,"event_name":"World of Goop","player_choice":"Gather Gold","floor":3.0,"gold_loss":0.0,"damage_taken":11.0},{"cards_removed":["Strike_B"],"damage_healed":0.0,"max_hp_gain":0.0,"max_hp_loss":0.0,"gold_gain":0.0,"event_name":"Living Wall","player_choice":"Forget","floor":4.0,"gold_loss":0.0,"damage_taken":0.0},{"damage_healed":0.0,"max_hp_gain":0.0,"max_hp_loss":0.0,"gold_gain":0.0,"event_name":"Dead Adventurer","player_choice":"Searched \u00272\u0027 times","floor":14.0,"gold_loss":0.0,"damage_taken":0.0,"relics_obtained":["Kunai"]},{"damage_healed":0.0,"max_hp_gain":0.0,"max_hp_loss":0.0,"gold_gain":0.0,"event_name":"Vampires","player_choice":"Ignored","floor":20.0,"gold_loss":0.0,"damage_taken":0.0},{"damage_healed":0.0,"max_hp_gain":5.0,"max_hp_loss":0.0,"gold_gain":0.0,"event_name":"Forgotten Altar","player_choice":"Shed Blood","floor":24.0,"gold_loss":0.0,"damage_taken":19.0},{"damage_healed":0.0,"max_hp_gain":0.0,"max_hp_loss":0.0,"gold_gain":0.0,"event_name":"Addict","player_choice":"Stole Relic","floor":31.0,"gold_loss":0.0,"damage_taken":0.0,"relics_obtained":["Singing Bowl"],"cards_obtained":["Shame"]}],"is_beta":true,"boss_relics":[{"not_picked":["Runic Dome","Tiny House"],"picked":"Philosopher\u0027s Stone"}],"items_purged_floors":[21,30],"is_endless":false,"potions_floor_spawned":[1,10,16,28],"killed_by":"Collector","ascension_level":0}}