{"host":"3l94tha3a4jgu0q4","time":1610315119,"event":{"mods":["2.2 Compatiblity","AchievementEnabler","BaseMod","Colored Map","Colored Powertips","Highlight Path","Minty Spire (QoL Compilation)","Permanent Neow","StSLib","SuperFastMode","The IronCluck","slay the spire mod where everything is the same but ironclad has a cowboy hat"],"gold_per_floor":[109,109,34,47,60,87,87,117,117,135,151,151,174,193,193,271,271,287,287,307,407,420,449,468,468,468],"floor_reached":25,"playtime":743,"items_purged":["Writhe"],"score":400,"play_id":"2c3ff290-978c-44a1-88ba-35b6f57f5741","local_time":"20210110134519","is_ascension_mode":true,"campfire_choices":[{"data":"Eruption","floor":7,"key":"SMITH"},{"data":"Eruption","floor":12,"key":"SMITH"},{"data":"TalkToTheHand","floor":15,"key":"SMITH"}],"circlet_count":0,"master_deck":["AscendersBane","Strike_P","Strike_P","Defend_P","Defend_P","Defend_P","Eruption+1","Vigilance+1","WaveOfTheHand+1","FearNoEvil+1","EmptyBody+1","WheelKick","Flash of Steel","Wish+1","Eruption+1","Halt","EmptyMind","EmptyFist","TalkToTheHand+1","Adaptation","Devotion","Vengeance","Prostrate","Halt","InnerPeace"],"relics":["Astrolabe","Strawberry","Ornamental Fan","Smiling Mask","War Paint","Runic Pyramid","Shuriken"],"acts_visited":["Exordium","TheCity"],"potions_floor_usage":[6,16,22],"damage_taken":[{"damage":0,"enemies":"Jaw Worm","floor":1,"turns":3},{"damage":0,"enemies":"Cultist","floor":4,"turns":3},{"damage":0,"enemies":"2 Louse","floor":5,"turns":3},{"damage":30,"enemies":"3 Sentries","floor":6,"turns":7},{"damage":2,"enemies":"Lagavulin","floor":8,"turns":7},{"damage":0,"enemies":"Large Slime","floor":10,"turns":5},{"damage":3,"enemies":"Lots of Slimes","floor":11,"turns":3},{"damage":0,"enemies":"2 Fungi Beasts","floor":14,"turns":2},{"damage":27,"enemies":"Hexaghost","floor":16,"turns":10},{"damage":8,"enemies":"Shell Parasite","floor":18,"turns":5},{"damage":5,"enemies":"3 Byrds","floor":20,"turns":5},{"damage":19,"enemies":"Centurion and Healer","floor":22,"turns":6},{"damage":25,"enemies":"Book of Stabbing","floor":23,"turns":6},{"damage":2,"enemies":"Cultist and Chosen","floor":24,"turns":7},{"damage":16,"enemies":"Gremlin Leader","floor":25,"turns":6}],"seed_played":"4962588307321385624","potions_obtained":[{"floor":1,"key":"DuplicationPotion"},{"floor":8,"key":"FairyPotion"},{"floor":14,"key":"LiquidMemories"},{"floor":16,"key":"Dexterity Potion"}],"is_trial":false,"path_per_floor":["M","?","$","M","M","E","R","E","T","M","M","R","T","M","R","B",null,"M","?","M","?","M","E","M","E"],"character_chosen":"WATCHER","items_purchased":[],"campfire_rested":0,"item_purchase_floors":[],"current_hp_per_floor":[61,61,61,61,61,38,38,36,36,36,33,33,33,33,33,6,58,50,36,31,31,12,17,15,0,0],"gold":468,"neow_bonus":"BOSS_RELIC","is_daily":false,"chose_seed":false,"campfire_upgraded":3,"win_rate":0.0,"timestamp":1610315119,"path_taken":["M","?","?","M","M","E","R","E","T","M","M","R","?","M","R","BOSS","M","?","M","?","?","E","M","E"],"items_purchased_type":[],"build_version":"2020-12-22","purchased_purges":1,"victory":false,"max_hp_per_floor":[68,68,68,68,68,75,75,75,75,75,75,75,75,75,75,75,75,75,80,80,80,80,80,80,80,80],"card_choices":[{"not_picked":["CrushJoints","WaveOfTheHand"],"picked":"WheelKick","floor":1},{"not_picked":["DeceiveReality","Perseverance","CutThroughFate"],"picked":"SKIP","floor":4},{"not_picked":["Prostrate","Nirvana","SashWhip"],"picked":"SKIP","floor":5},{"not_picked":["SashWhip","Consecrate"],"picked":"Halt","floor":6},{"not_picked":["ForeignInfluence","Halt"],"picked":"EmptyMind","floor":8},{"not_picked":["Conclude","Tantrum"],"picked":"EmptyFist","floor":10},{"not_picked":["ClearTheMind","EmptyBody"],"picked":"TalkToTheHand","floor":11},{"not_picked":["JustLucky","Brilliance"],"picked":"Adaptation","floor":14},{"not_picked":["Establishment","Blasphemy"],"picked":"Devotion","floor":16},{"not_picked":["Prostrate","Fasting2"],"picked":"Vengeance","floor":18},{"not_picked":["EmptyBody","JustLucky"],"picked":"Prostrate","floor":20},{"not_picked":["FlyingSleeves","EmptyFist"],"picked":"Halt","floor":22},{"not_picked":["EmptyFist","Alpha","JustLucky"],"picked":"SKIP","floor":23},{"not_picked":["Consecrate+1","Crescendo"],"picked":"InnerPeace","floor":24}],"player_experience":1916626,"relics_obtained":[{"floor":6,"key":"Strawberry"},{"floor":8,"key":"Ornamental Fan"},{"floor":9,"key":"Smiling Mask"},{"floor":13,"key":"War Paint"},{"floor":23,"key":"Shuriken"}],"event_choices":[{"damage_healed":0,"gold_gain":0,"player_choice":"4 cards matched","damage_taken":0,"max_hp_gain":0,"max_hp_loss":0,"event_name":"Match and Keep!","floor":2,"gold_loss":0,"cards_obtained":["Flash of Steel","Wish","Writhe","Eruption"]},{"damage_healed":0,"gold_gain":0,"player_choice":"Shed Blood","damage_taken":19,"max_hp_gain":5,"max_hp_loss":0,"event_name":"Forgotten Altar","floor":19,"gold_loss":0},{"damage_healed":0,"gold_gain":100,"player_choice":"Pray","damage_taken":0,"max_hp_gain":0,"max_hp_loss":0,"event_name":"Golden Shrine","floor":21,"gold_loss":0}],"is_beta":false,"boss_relics":[{"not_picked":["Cursed Key","Calling Bell"],"picked":"Runic Pyramid"}],"items_purged_floors":[3],"is_endless":false,"potions_floor_spawned":[1,8,14,16,18,20],"killed_by":"Gremlin Leader","ascension_level":14}}