{"host":"1c52r9kaxdyo25eq","time":1610287431,"event":{"mods":["AchievementEnabler","BaseMod","Minty Spire (QoL Compilation)","Rare Cards Sparkle","SuperFastMode","everything is the same but u backflip on backflip"],"gold_per_floor":[110,260,240,252,271,271,294,294,294,294,320,336,348,368,368,368,368],"floor_reached":16,"playtime":291,"items_purged":[],"score":204,"play_id":"12ebb1bc-d293-45c6-813b-cda748c16c9e","local_time":"20210110230351","is_ascension_mode":true,"campfire_choices":[{"data":"Skewer","floor":6,"key":"SMITH"},{"data":"Poisoned Stab","floor":8,"key":"SMITH"},{"floor":15,"key":"REST"}],"circlet_count":0,"master_deck":["AscendersBane","Strike_G","Strike_G","Strike_G","Strike_G","Strike_G","Defend_G","Defend_G","Defend_G","Defend_G","Survivor","Neutralize","Poisoned Stab+1","Doubt","Skewer+1","Prepared","Backstab","Dash","Deadly Poison"],"relics":["Ring of the Snake","NeowsBlessing","Blue Candle","Bronze Scales"],"acts_visited":["Exordium"],"potions_floor_usage":[11,11,14],"damage_taken":[{"damage":0,"enemies":"2 Louse","floor":1,"turns":1},{"damage":0,"enemies":"Jaw Worm","floor":4,"turns":1},{"damage":0,"enemies":"Cultist","floor":5,"turns":1},{"damage":29,"enemies":"Lagavulin","floor":11,"turns":4},{"damage":9,"enemies":"Exordium Thugs","floor":12,"turns":3},{"damage":6,"enemies":"2 Fungi Beasts","floor":13,"turns":2},{"damage":7,"enemies":"Lots of Slimes","floor":14,"turns":3},{"damage":25,"enemies":"The Guardian","floor":16,"turns":9}],"seed_played":"-4343497552878516149","potions_obtained":[{"floor":1,"key":"FearPotion"},{"floor":3,"key":"AttackPotion"},{"floor":4,"key":"Block Potion"},{"floor":13,"key":"Strength Potion"}],"is_trial":false,"path_per_floor":["M","?","?","M","M","R","T","R","T","?","E","M","M","M","R","B"],"character_chosen":"THE_SILENT","items_purchased":[],"campfire_rested":1,"item_purchase_floors":[],"current_hp_per_floor":[59,59,59,59,59,59,59,59,59,59,30,21,15,8,27,2,2],"gold":368,"neow_bonus":"THREE_ENEMY_KILL","is_daily":false,"chose_seed":false,"campfire_upgraded":2,"win_rate":0.0,"timestamp":1610287431,"path_taken":["M","?","?","?","M","R","?","R","T","?","E","M","?","M","R","BOSS"],"items_purchased_type":[],"build_version":"2020-12-22","purchased_purges":0,"victory":false,"max_hp_per_floor":[66,66,66,66,66,66,66,66,66,66,66,66,66,66,66,66,66],"card_choices":[{"not_picked":["Skewer","Distraction"],"picked":"Poisoned Stab","floor":1},{"not_picked":["Cloak And Dagger","Skewer","Dodge and Roll"],"picked":"SKIP","floor":4},{"not_picked":["Cloak And Dagger","Dodge and Roll"],"picked":"Skewer","floor":4},{"not_picked":["PiercingWail","Endless Agony"],"picked":"Prepared","floor":5},{"not_picked":["Venomology","Underhanded Strike"],"picked":"Dash","floor":11},{"not_picked":["Accuracy","PiercingWail"],"picked":"Deadly Poison","floor":12},{"not_picked":["Dash","Cloak And Dagger","Heel Hook"],"picked":"SKIP","floor":13},{"not_picked":["Dodge and Roll","Prepared","Bane"],"picked":"SKIP","floor":14}],"player_experience":574092,"relics_obtained":[{"floor":9,"key":"Blue Candle"},{"floor":11,"key":"Bronze Scales"}],"event_choices":[{"damage_healed":0,"gold_gain":150,"player_choice":"AGREE","damage_taken":0,"max_hp_gain":0,"max_hp_loss":0,"event_name":"Liars Game","floor":2,"gold_loss":0,"cards_obtained":["Doubt"]},{"damage_healed":0,"gold_gain":0,"player_choice":"Bought 1 Potion","damage_taken":0,"max_hp_gain":0,"max_hp_loss":0,"event_name":"The Woman in Blue","floor":3,"gold_loss":0},{"damage_healed":0,"gold_gain":0,"cards_transformed":["Defend_G"],"player_choice":"Transformed","damage_taken":0,"max_hp_gain":0,"max_hp_loss":0,"event_name":"Transmorgrifier","floor":10,"gold_loss":0,"cards_obtained":["Backstab"]}],"is_beta":false,"boss_relics":[],"items_purged_floors":[],"is_endless":false,"potions_floor_spawned":[1,4,13],"killed_by":"The Guardian","ascension_level":20}}