{"host":"xzk9bt2l7avnb6n5","time":1610313579,"event":{"mods":["Aspiration","BaseMod","BetterRewards","Conspire","Downfall","Highlight Path","Infinite Spire","Jorbs\u0027s Wanderer Trilogy","Minty Spire (QoL Compilation)","READ ME - Guardian Mod","Replay The Spire","Shop Mod","StSLib","The Bug Knight","The Disciple","The Jungle","The Servant 0.9.4","The Wild Card"],"gold_per_floor":[149,149,161,174,189,205,205,43,43,218,234,302,302,316,332,430,430,430,445,457,457,469,469,469,469],"floor_reached":23,"playtime":1188,"items_purged":[],"score":185,"play_id":"0451a0dd-0ad6-44c2-bf7d-60a92cdb3c68","local_time":"20210110141939","is_ascension_mode":false,"campfire_choices":[{"floor":13,"key":"REST"},{"data":"Guardian:Orbwalk","floor":18,"key":"SMITH"}],"circlet_count":0,"master_deck":["Guardian:Strike_Guardian","Guardian:Strike_Guardian","Guardian:Strike_Guardian","Guardian:Strike_Guardian","Guardian:Defend_Guardian","Guardian:Defend_Guardian","Guardian:Defend_Guardian+1","Guardian:Defend_Guardian","Guardian:CurlUp+1","Guardian:TwinSlam","Guardian:WalkerClaw","Guardian:Recover","Guardian:TemporalShield","Doubt","Guardian:Incinerate","Guardian:CrystalBeam","Guardian:EvasiveProtocol","Guardian:Orbwalk+1","Guardian:Gem_Fragmented","Guardian:SpikerProtocol","Guardian:RollAttack"],"relics":["Guardian:ModeShifter","Anchor","War Paint","aspiration:ChemicalBlood","Vajra","conspire:SpecialSausage"],"acts_visited":["Exordium","TheCity"],"potions_floor_usage":[15,16,16,16,16,19,19,20,20,22,23],"damage_taken":[{"damage":5,"enemies":"Cultist","floor":3,"turns":4},{"damage":0,"enemies":"Jaw Worm","floor":4,"turns":4},{"damage":0,"enemies":"Small Slimes","floor":5,"turns":4},{"damage":6,"enemies":"Exordium Thugs","floor":6,"turns":5},{"damage":0,"enemies":"downfall:FleeingMerchant","floor":8,"turns":4},{"damage":20,"enemies":"Large Slime","floor":11,"turns":10},{"damage":12,"enemies":"Blue Slaver","floor":14,"turns":5},{"damage":0,"enemies":"Exordium Thugs","floor":15,"turns":5},{"damage":44,"enemies":"downfall:Silent","floor":16,"turns":13},{"damage":14,"enemies":"Chosen","floor":19,"turns":6},{"damage":22,"enemies":"Sentry and Sphere","floor":20,"turns":6},{"damage":27,"enemies":"Snake Plant","floor":22,"turns":5},{"damage":18,"enemies":"Book of Stabbing","floor":23,"turns":2}],"seed_played":"-2334079362947469280","potions_obtained":[{"floor":4,"key":"Guardian:BlockOnCardUsePotion"},{"floor":12,"key":"Fire Potion"},{"floor":14,"key":"PowerPotion"},{"floor":16,"key":"SteroidPotion"},{"floor":19,"key":"hexamod:EctoCoolerPotion"},{"floor":20,"key":"Swift Potion"}],"is_trial":false,"path_per_floor":["R","?","M","M","M","M","T","$","?","?","M","?","R","M","M","B",null,"R","M","M","?","M","E"],"character_chosen":"GUARDIAN","items_purchased":["aspiration:ChemicalBlood"],"campfire_rested":1,"item_purchase_floors":[8],"current_hp_per_floor":[80,80,75,75,75,69,69,69,69,69,49,29,53,41,41,11,80,80,66,44,44,17,0,0,0],"gold":469,"neow_bonus":"RANDOM_COMMON_RELIC","is_daily":false,"chose_seed":false,"campfire_upgraded":1,"win_rate":0.0,"timestamp":1610313579,"path_taken":["R","?","M","M","M","M","T","$","?","?","M","?","R","?","M","BOSS","R","M","M","?","M","E"],"items_purchased_type":["Relic"],"build_version":"2020-12-22","purchased_purges":0,"victory":false,"max_hp_per_floor":[80,80,80,80,80,80,80,80,80,80,80,80,80,80,80,80,80,80,80,80,80,80,80,80,80],"card_choices":[{"not_picked":["Guardian:TimeBomb","Guardian:TemporalShield"],"picked":"Guardian:Gem_Red","floor":3},{"not_picked":["Guardian:TemporalShield","Guardian:Gem_Cyan"],"picked":"Guardian:Gem_Synthetic","floor":4},{"not_picked":["Guardian:Harden","Guardian:Incinerate"],"picked":"Guardian:WalkerClaw","floor":5},{"not_picked":["Guardian:Planning","Guardian:VentSteam"],"picked":"Guardian:Recover","floor":6},{"not_picked":["Guardian:ChargeUp","Guardian:Gem_Cyan"],"picked":"Guardian:TemporalShield","floor":8},{"not_picked":["Guardian:Gem_Green","Guardian:PiercingHide"],"picked":"Guardian:Incinerate","floor":11},{"not_picked":["Guardian:Gem_Cyan","Guardian:Planning"],"picked":"Guardian:CrystalBeam","floor":12},{"not_picked":["Guardian:Gem_Cyan","Guardian:TemporalShield"],"picked":"Guardian:EvasiveProtocol","floor":12},{"not_picked":["Guardian:FloatingOrbs","Guardian:TemporalShield"],"picked":"Guardian:Orbwalk","floor":14},{"not_picked":["Guardian:Emergency","Guardian:TemporalStrike"],"picked":"Guardian:Gem_Green","floor":15},{"not_picked":["Guardian:ConstructionForm","Guardian:BaubleBeam"],"picked":"Guardian:Gem_Orange","floor":16},{"not_picked":["Guardian:Gem_Cyan","Guardian:Suspension"],"picked":"Guardian:Gem_Fragmented","floor":19},{"not_picked":["Guardian:TimeCapacitor","Guardian:Reroute"],"picked":"Guardian:SpikerProtocol","floor":20},{"not_picked":["Guardian:PrimingBeam","Guardian:DecasProtection"],"picked":"Guardian:RollAttack","floor":22}],"player_experience":475568,"relics_obtained":[{"floor":7,"key":"War Paint"},{"floor":12,"key":"Vajra"}],"event_choices":[{"damage_healed":0,"gold_gain":0,"player_choice":"Ignored","damage_taken":0,"max_hp_gain":0,"max_hp_loss":0,"event_name":"NoteForYourself","floor":21,"gold_loss":0}],"is_beta":false,"boss_relics":[{"not_picked":["Replay:Bronze Core","Astrolabe"],"picked":"conspire:SpecialSausage"}],"items_purged_floors":[],"is_endless":false,"potions_floor_spawned":[4,14,16,19,20],"killed_by":"Book of Stabbing","ascension_level":0}}