{"host":"n6lk97i3f9btdmiv","time":1610252927,"event":{"mods":["100% Spire Juice","BaseMod","Better Note","Colored Map","Highlight Path","Minty Spire (QoL Compilation)","StSLib"],"gold_per_floor":[114,114,134,134,59,59,93,93,93,93,109,9,36,50,50,152,152,171,186,198,208,37,37,72,72,152,164,190,209,235,254,254,254,254],"floor_reached":33,"playtime":3453,"items_purged":["Moonworks:Strike","Moonworks:Strike"],"score":387,"play_id":"4060d539-f060-472e-ae04-f900be77c56f","local_time":"20210109232847","is_ascension_mode":false,"campfire_choices":[{"data":"Moonworks:Ambush","floor":6.0,"key":"SMITH"},{"data":"Moonworks:SubspaceTunnel","floor":8.0,"key":"SMITH"},{"data":"Moonworks:Defend","floor":10.0,"key":"SMITH"},{"data":"Moonworks:IntelligenceOfficer","floor":15.0,"key":"SMITH"},{"data":"Moonworks:AnotherUltimateWeapon","floor":23,"key":"SMITH"},{"data":"Panache","floor":25,"key":"SMITH"},{"data":"Moonworks:Flamethrower","floor":32,"key":"SMITH"}],"circlet_count":0,"master_deck":["Moonworks:Strike","Moonworks:Defend","Moonworks:Defend","Moonworks:Defend","Moonworks:Defend+1","Moonworks:Ambush+1","Moonworks:LongDistanceShot","Moonworks:WindyEnchantment","Moonworks:SubspaceTunnel+1","Moonworks:RagingMadness","Moonworks:IntelligenceOfficer+1","Moonworks:AnotherUltimateWeapon+1","Moonworks:Flamethrower+1","Panache+1","Moonworks:CloudOfSeagulls+1","Moonworks:CompletionReward","Moonworks:WindyEnchantment"],"relics":["Moonworks:Homemark","Runic Dome","Tiny Chest","Ice Cream","Blood Vial","Velvet Choker","Boot","Bottled Tornado","Vajra","Orichalcum"],"acts_visited":["Exordium","TheCity"],"potions_floor_usage":[27],"damage_taken":[{"damage":0.0,"enemies":"Small Slimes","floor":1.0,"turns":4.0},{"damage":0.0,"enemies":"Cultist","floor":3.0,"turns":3.0},{"damage":11.0,"enemies":"3 Sentries","floor":7.0,"turns":9.0},{"damage":0.0,"enemies":"2 Louse","floor":11.0,"turns":2.0},{"damage":7.0,"enemies":"Gremlin Gang","floor":14.0,"turns":4.0},{"damage":40.0,"enemies":"The Guardian","floor":16.0,"turns":12.0},{"damage":0.0,"enemies":"Chosen","floor":18.0,"turns":4.0},{"damage":24,"enemies":"2 Thieves","floor":19,"turns":4},{"damage":2,"enemies":"Centurion and Healer","floor":20,"turns":7},{"damage":0,"enemies":"Snecko","floor":21,"turns":6},{"damage":6,"enemies":"Gremlin Leader","floor":24,"turns":6},{"damage":0,"enemies":"Cultist and Chosen","floor":27,"turns":4},{"damage":0,"enemies":"Centurion and Healer","floor":29,"turns":3},{"damage":9,"enemies":"Book of Stabbing","floor":30,"turns":5},{"damage":4,"enemies":"Snecko","floor":31,"turns":4},{"damage":40,"enemies":"Champ","floor":33,"turns":6}],"seed_played":"-7957749834504009141","potions_obtained":[{"floor":14.0,"key":"Block Potion"},{"floor":16.0,"key":"Fire Potion"},{"floor":19,"key":"Energy Potion"},{"floor":20,"key":"Moonworks:OneHundredPercentOrangeJuicePotion"},{"floor":30,"key":"FearPotion"},{"floor":31,"key":"Swift Potion"}],"is_trial":false,"path_per_floor":["M","?","M","?","$","R","E","R","T","R","M","$","T","M","R","B",null,"M","M","M","M","$","R","E","R","T","M","T","M","E","M","R","B"],"character_chosen":"THE_STARBREAKER","items_purchased":["Panache"],"campfire_rested":0,"item_purchase_floors":[22],"current_hp_per_floor":[60,60,60,60,60,60,49,49,49,49,49,49,49,44,44,6,60,60,36,36,38,38,38,34,34,34,36,36,38,31,29,29,0,0],"gold":254,"neow_bonus":"BOSS_RELIC","is_daily":false,"chose_seed":false,"campfire_upgraded":7,"win_rate":0.0,"timestamp":1610252927,"path_taken":["M","?","?","?","$","R","E","R","T","R","M","$","?","?","R","BOSS","M","M","M","M","?","R","E","R","T","M","?","?","E","M","R","BOSS"],"items_purchased_type":["Card"],"build_version":"2020-12-22","purchased_purges":2,"victory":false,"max_hp_per_floor":[60,60,60,60,60,60,60,60,60,60,60,60,60,60,60,60,60,60,60,60,60,60,60,60,60,60,60,60,60,60,60,60,60,60],"card_choices":[{"not_picked":["Moonworks:BigMagnum","Moonworks:FullSpeedAlicianrone"],"picked":"Moonworks:WindyEnchantment","floor":1.0},{"not_picked":["Moonworks:NicePresent","Moonworks:ImOnFire","Moonworks:SakisCookie"],"picked":"SKIP","floor":3.0},{"not_picked":["Moonworks:BindingChains","Moonworks:BigMagnum"],"picked":"Moonworks:SubspaceTunnel","floor":7.0},{"not_picked":["Moonworks:IndiscriminateFireSupport","Moonworks:LulusLuckyEgg"],"picked":"Moonworks:RagingMadness","floor":11.0},{"not_picked":["Moonworks:NicePresent","Moonworks:LulusLuckyEgg"],"picked":"Moonworks:IntelligenceOfficer","floor":14.0},{"not_picked":["Moonworks:StarBlastingFuse","Moonworks:HolyNight"],"picked":"Moonworks:AnotherUltimateWeapon","floor":16.0},{"not_picked":["Moonworks:SelfDestruct","Moonworks:IndiscriminateFireSupport","Moonworks:CloudOfSeagulls"],"picked":"SKIP","floor":18.0},{"not_picked":["Moonworks:BigMagnum","Moonworks:NicePresent","Moonworks:IntelligenceOfficer"],"picked":"SKIP","floor":19},{"not_picked":["Moonworks:Assault","Moonworks:BigMagnum+1","Moonworks:NicePresent+1"],"picked":"SKIP","floor":20},{"not_picked":["Moonworks:TacticalRetreat+1","Moonworks:JonathanRush"],"picked":"Moonworks:Flamethrower","floor":21},{"not_picked":["Moonworks:JonathanRush+1","Moonworks:NicePresent","Moonworks:SakisCookie+1"],"picked":"SKIP","floor":24},{"not_picked":["Moonworks:PlushieMaster","Moonworks:CastOff"],"picked":"Moonworks:CloudOfSeagulls+1","floor":27},{"not_picked":["Moonworks:Assault+1","Moonworks:NicePresent","Moonworks:UnpaidWork"],"picked":"SKIP","floor":29},{"not_picked":["Moonworks:StiffCrystal","Moonworks:ImOnFire+1"],"picked":"Moonworks:CompletionReward","floor":30},{"not_picked":["Moonworks:ScrambledEve","Moonworks:IndiscriminateFireSupport"],"picked":"Moonworks:WindyEnchantment","floor":31}],"player_experience":438588,"relics_obtained":[{"floor":7.0,"key":"Tiny Chest"},{"floor":9.0,"key":"Ice Cream"},{"floor":13.0,"key":"Blood Vial"},{"floor":24,"key":"Boot"},{"floor":26,"key":"Bottled Tornado"},{"floor":28,"key":"Vajra"},{"floor":30,"key":"Orichalcum"}],"event_choices":[{"cards_removed":["Moonworks:Strike"],"damage_healed":0.0,"max_hp_gain":0.0,"max_hp_loss":0.0,"gold_gain":0.0,"event_name":"Purifier","player_choice":"Purged","floor":2.0,"gold_loss":0.0,"damage_taken":0.0},{"damage_healed":0.0,"max_hp_gain":0.0,"max_hp_loss":0.0,"gold_gain":0.0,"event_name":"Match and Keep!","player_choice":"0 cards matched","floor":4.0,"gold_loss":0.0,"damage_taken":0.0,"cards_obtained":[]}],"is_beta":false,"boss_relics":[{"not_picked":["SlaversCollar","Coffee Dripper"],"picked":"Velvet Choker"}],"items_purged_floors":[5,12],"is_endless":false,"potions_floor_spawned":[14,16,19,20,30,31],"killed_by":"Champ","ascension_level":0}}