{"host":"exy3zpg5dyhzfzxn","time":1610311722,"event":{"mods":["2.2 Compatiblity","Aspiration","BaseMod","Better Third Choice","BetterRewards","Energized Spire","Hubris","Infinite Spire","Jedi Mod","Minty Spire (QoL Compilation)","Replay The Spire","Shade Mod","StSLib","vexMod"],"gold_per_floor":[118,18,29,42,42,70,70,83,83,97,97,127,143,143,143,264,264,284,305,329,329,329],"floor_reached":21,"playtime":1014,"items_purged":["Shade:Strike_Shade"],"score":193,"play_id":"24476022-db7e-428a-a5a6-f55f531c557f","local_time":"20210110234842","is_ascension_mode":false,"campfire_choices":[{"data":"Shade:Carnophage","floor":7,"key":"SMITH"},{"data":"Shade:FreshBones","floor":15,"key":"SMITH"}],"circlet_count":0,"master_deck":["Shade:Strike_Shade","Shade:Strike_Shade","Shade:Strike_Shade","Shade:Defend_Shade","Shade:Defend_Shade","Shade:Defend_Shade","Shade:Defend_Shade","Shade:AnimateDead+1","Shade:CarefulCut","Shade:Carnophage+1","Shade:Bite_Shade","Shade:FreshBones+1","Shade:SkeletonHug+1","Shade:SpectralStrikes","Shade:OfferingToTheBeyond","Shade:Bonestorm","Shade:SpectralStrikes+1","Shade:ExtraLimbs"],"relics":["Shade:YorickSkull","Membership Card","jedi:kaleidoscope","Tiny Chest","Bag of Preparation","infinitespire:BottledMercury","Omamori","Golden Idol","Ring of Chaos"],"acts_visited":["Exordium","TheCity"],"potions_floor_usage":[4,4,4,12],"damage_taken":[{"damage":0,"enemies":"2 Louse","floor":1,"turns":2},{"damage":0,"enemies":"Jaw Worm","floor":3,"turns":3},{"damage":0,"enemies":"infinitespire:Voidling","floor":4,"turns":1},{"damage":18,"enemies":"3 Sentries","floor":6,"turns":7},{"damage":1,"enemies":"Red Slaver","floor":8,"turns":2},{"damage":10,"enemies":"3 Louse","floor":10,"turns":3},{"damage":4,"enemies":"Gremlin Nob","floor":12,"turns":3},{"damage":2,"enemies":"2 Fungi Beasts","floor":13,"turns":3},{"damage":34,"enemies":"Fading Forest","floor":16,"turns":11},{"damage":7,"enemies":"Chosen","floor":18,"turns":4},{"damage":27,"enemies":"Shell Parasite","floor":19,"turns":6},{"damage":30,"enemies":"Snake Plant","floor":20,"turns":4},{"damage":18,"enemies":"Cultist and Chosen","floor":21,"turns":3}],"seed_played":"5430084640567784024","potions_obtained":[{"floor":1,"key":"Adrenaline Potion"},{"floor":3,"key":"SteroidPotion"},{"floor":10,"key":"ColorlessPotion"},{"floor":16,"key":"SpeedPotion"}],"is_trial":false,"path_per_floor":["M","$","M","M","?","E","R","M","T","M","?","E","M","?","R","B",null,"M","M","M","M"],"character_chosen":"SHADE","items_purchased":["Membership Card","jedi:kaleidoscope","Shade:Carnophage","Shade:Bite_Shade","Tiny Chest","Energy Potion"],"campfire_rested":0,"item_purchase_floors":[0,0,0,0,2,2],"current_hp_per_floor":[55,55,59,61,61,49,49,50,50,44,44,40,40,40,40,34,65,60,39,13,0,0],"gold":329,"neow_bonus":"","is_daily":false,"chose_seed":false,"campfire_upgraded":2,"win_rate":0.0,"timestamp":1610311722,"path_taken":["M","$","M","M","?","E","R","M","T","M","?","E","M","?","R","BOSS","M","M","M","M"],"items_purchased_type":["Relic","Relic","Card","Card","Relic","Potion"],"build_version":"2020-12-22","purchased_purges":1,"victory":false,"max_hp_per_floor":[65,65,65,65,65,65,65,65,65,65,65,65,65,65,65,65,65,65,65,65,65,65],"card_choices":[{"not_picked":["Shade:Premonition","Shade:Haruspicy","Shade:Trample"],"picked":"SKIP","floor":1},{"not_picked":["Shade:FuneraryArmor","Shade:Carnophage","Shade:ClawBack"],"picked":"SKIP","floor":3},{"not_picked":["Shade:FuneraryArmor","Shade:GreyBargain"],"picked":"Shade:FreshBones","floor":4},{"not_picked":["Shade:PressTheAttack","Shade:FuneraryArmor","Shade:CloudOfShrapnel"],"picked":"SKIP","floor":6},{"not_picked":["Shade:PressTheAttack","Shade:FuneraryArmor","Shade:CloudOfShrapnel"],"picked":"SKIP","floor":6},{"not_picked":["Shade:CommandSoldier","Shade:SoulToxin"],"picked":"Shade:SkeletonHug","floor":8},{"not_picked":["Shade:GreyBargain","Shade:FeralStrike"],"picked":"Shade:SpectralStrikes","floor":10},{"not_picked":["Shade:FreshBones","Shade:CallOfTheGrave","Shade:WallOfFlesh"],"picked":"SKIP","floor":12},{"not_picked":["Shade:RavenousHorde","Shade:ClawBack","Shade:GreyBargain"],"picked":"SKIP","floor":13},{"not_picked":["Shade:SoulPierce","Shade:UnbarTheGrave"],"picked":"Shade:OfferingToTheBeyond","floor":16},{"not_picked":["Shade:AuraOfUnlife","Shade:CloudOfShrapnel"],"picked":"Shade:Bonestorm","floor":18},{"not_picked":["Shade:RitualOffering","Shade:FingerOfDeath"],"picked":"Shade:SpectralStrikes+1","floor":19},{"not_picked":["Shade:Frenzy","Shade:WallOfFlesh"],"picked":"Shade:ExtraLimbs","floor":20}],"player_experience":344414,"relics_obtained":[{"floor":6,"key":"Bag of Preparation"},{"floor":9,"key":"infinitespire:BottledMercury"},{"floor":12,"key":"Omamori"}],"event_choices":[{"damage_healed":0,"gold_gain":0,"player_choice":"Grow","damage_taken":0,"max_hp_gain":0,"max_hp_loss":0,"event_name":"Living Wall","floor":11,"gold_loss":0,"cards_upgraded":["Shade:SkeletonHug"]},{"damage_healed":0,"gold_gain":0,"player_choice":"Take Wound","damage_taken":0,"relics_obtained":["Golden Idol"],"max_hp_gain":0,"max_hp_loss":0,"event_name":"Golden Idol","floor":14,"gold_loss":0,"cards_obtained":["Injury"]}],"is_beta":false,"boss_relics":[{"not_picked":["Pandora\u0027s Box","hubris:GrandSneckoEye"],"picked":"Ring of Chaos"}],"items_purged_floors":[0],"is_endless":false,"potions_floor_spawned":[1,3,10,16],"killed_by":"Cultist and Chosen","ascension_level":0}}