{"host":"2tgyrzvaa7l04o2e","time":1610295707,"event":{"mods":["BaseMod","Highlight Path","Minty Spire (QoL Compilation)","Permanent Neow","Relic Stats"],"gold_per_floor":[313,331,56,76,89,89,89,115,115,115,127,127,127,141,141,217,217,230,120,92,107,120,120,120],"floor_reached":23,"playtime":978,"items_purged":[],"score":390,"play_id":"ba13d130-37ab-4326-8106-e35d30266d6e","local_time":"20210110172147","is_ascension_mode":true,"campfire_choices":[{"data":"Apotheosis","floor":6,"key":"SMITH"},{"floor":12,"key":"REST"},{"floor":15,"key":"RECALL"}],"circlet_count":0,"master_deck":["AscendersBane","Strike_G","Strike_G","Strike_G","Strike_G","Defend_G","Defend_G","Defend_G","Defend_G","Survivor","Neutralize","Dagger Throw","Sucker Punch","Apotheosis+1","Blind","Prepared","Endless Agony","Finisher","PiercingWail","Cloak And Dagger","Die Die Die+1","Infinite Blades","Blade Dance","Eviscerate"],"relics":["Ring of the Snake","Old Coin","Anchor","Vajra","Black Star"],"acts_visited":["Exordium","TheCity"],"potions_floor_usage":[16,16],"damage_taken":[{"damage":9,"enemies":"Jaw Worm","floor":1,"turns":7},{"damage":2,"enemies":"2 Louse","floor":2,"turns":3},{"damage":0,"enemies":"Cultist","floor":4,"turns":4},{"damage":13,"enemies":"Red Slaver","floor":5,"turns":5},{"damage":21,"enemies":"Gremlin Nob","floor":8,"turns":4},{"damage":0,"enemies":"Large Slime","floor":11,"turns":3},{"damage":0,"enemies":"2 Fungi Beasts","floor":14,"turns":2},{"damage":25,"enemies":"Slime Boss","floor":16,"turns":13},{"damage":3,"enemies":"Spheric Guardian","floor":18,"turns":3},{"damage":8,"enemies":"2 Thieves","floor":20,"turns":4},{"damage":12,"enemies":"Cultist and Chosen","floor":21,"turns":5},{"damage":18,"enemies":"Snake Plant","floor":22,"turns":3},{"damage":18,"enemies":"Gremlin Leader","floor":23,"turns":4}],"seed_played":"-6090273390943954368","potions_obtained":[{"floor":1,"key":"Weak Potion"},{"floor":11,"key":"BlessingOfTheForge"},{"floor":14,"key":"Poison Potion"},{"floor":18,"key":"Ancient Potion"}],"is_trial":false,"path_per_floor":["M","M","$","M","M","R","?","E","T","?","M","R","?","M","R","B",null,"M","?","M","M","M","E"],"character_chosen":"THE_SILENT","items_purchased":["Apotheosis","Blind"],"campfire_rested":1,"item_purchase_floors":[3,3],"current_hp_per_floor":[50,48,48,48,35,35,35,14,14,19,19,40,33,33,33,8,55,52,52,44,32,14,0,0],"gold":120,"neow_bonus":"ONE_RARE_RELIC","is_daily":false,"chose_seed":false,"campfire_upgraded":1,"win_rate":0.0,"timestamp":1610295707,"path_taken":["M","M","$","M","M","R","?","E","T","?","M","R","?","?","R","BOSS","M","?","?","M","M","E"],"items_purchased_type":["Card","Card"],"build_version":"2020-12-22","purchased_purges":0,"victory":false,"max_hp_per_floor":[66,66,66,66,66,66,66,66,66,71,71,71,71,71,71,71,71,71,71,71,71,71,71,71],"relic_stats":{"counters":[13,60],"Black Star":0,"obtain_stats":[{"Anchor":8,"Vajra":9,"Black Star":17,"Ring of the Snake":0,"Old Coin":0},{"Anchor":5,"Vajra":5,"Black Star":8,"Ring of the Snake":0,"Old Coin":0},{"Anchor":23,"Vajra":23,"Black Star":41,"Ring of the Snake":0,"Old Coin":0}],"Ring of the Snake":[26]},"card_choices":[{"not_picked":["Setup","Finisher"],"picked":"Dagger Throw","floor":1},{"not_picked":["Slice","Bane"],"picked":"Sucker Punch","floor":2},{"not_picked":["Reflex","Masterful Stab"],"picked":"Prepared","floor":4},{"not_picked":["Dagger Throw","Blur"],"picked":"Endless Agony","floor":5},{"not_picked":["Prepared","Doppelganger"],"picked":"Finisher","floor":8},{"not_picked":["Infinite Blades","Slice"],"picked":"PiercingWail","floor":11},{"not_picked":["Underhanded Strike","Outmaneuver"],"picked":"Cloak And Dagger","floor":14},{"not_picked":["After Image","Storm of Steel"],"picked":"Die Die Die","floor":16},{"not_picked":["Crippling Poison","Deadly Poison"],"picked":"Infinite Blades","floor":18},{"not_picked":["Dodge and Roll","Tools of the Trade"],"picked":"Blade Dance","floor":20},{"not_picked":["Distraction","Accuracy+1"],"picked":"Eviscerate","floor":21},{"not_picked":["Outmaneuver","Blade Dance","Dagger Spray"],"picked":"SKIP","floor":22}],"player_experience":573306,"relics_obtained":[{"floor":8,"key":"Anchor"},{"floor":9,"key":"Vajra"}],"event_choices":[{"damage_healed":0,"gold_gain":0,"player_choice":"Ignored","damage_taken":0,"max_hp_gain":0,"max_hp_loss":0,"event_name":"Shining Light","floor":7,"gold_loss":0},{"damage_healed":0,"gold_gain":0,"player_choice":"Donut","damage_taken":0,"max_hp_gain":5,"max_hp_loss":0,"event_name":"Big Fish","floor":10,"gold_loss":0},{"cards_removed":["Defend_G"],"damage_healed":0,"gold_gain":0,"player_choice":"Card Removal","damage_taken":7,"max_hp_gain":0,"max_hp_loss":0,"event_name":"Golden Wing","floor":13,"gold_loss":0},{"cards_removed":["Strike_G"],"damage_healed":0,"gold_gain":0,"player_choice":"Upgrade and Remove","damage_taken":0,"max_hp_gain":0,"max_hp_loss":0,"event_name":"Designer","floor":19,"gold_loss":110,"cards_upgraded":["Die Die Die"]}],"is_beta":false,"boss_relics":[{"not_picked":["Philosopher\u0027s Stone","Busted Crown"],"picked":"Black Star"}],"items_purged_floors":[],"is_endless":false,"potions_floor_spawned":[1,11,14,18],"killed_by":"Gremlin Leader","ascension_level":20}}