{"host":"ijmqth23a408ytzh","time":1610246111,"event":{"mods":["BaseMod","Curses Come First","Downfall","Minty Spire (QoL Compilation)","StSLib"],"gold_per_floor":[99,109,126,126,126,143,143,26,85,101,276,276,71,90,100,202,202,202,219,233,233,61,61,135,152,166,166,182,182,182,182,195,195,195,195],"floor_reached":33,"playtime":4596,"items_purged":["hexamod:Strike","Doubt"],"score":264,"play_id":"b63efca6-294d-4374-a81b-41efb8d4588c","local_time":"20210109183511","is_ascension_mode":false,"campfire_choices":[{"data":"hexamod:Float","floor":1,"key":"SMITH"},{"floor":12,"key":"REST"},{"data":"hexamod:GhostflameInferno","floor":18,"key":"SMITH"},{"data":"expansioncontent:DashGenerateEvil","floor":23,"key":"SMITH"},{"data":"hexamod:NecessarySacrifice","floor":27,"key":"SMITH"}],"circlet_count":0,"master_deck":["hexamod:Defend","hexamod:Defend","hexamod:Sear","hexamod:Float+1","hexamod:ThermalTransfer","hexamod:GhostflameBarrier","hexamod:GhostflameInferno+1","hexamod:BacktrackSmack","hexamod:ShieldOfDarkness","hexamod:SpectersWail","hexamod:GhostOfSpirePast","hexamod:SpectralAdrenaline","hexamod:EmpoweredFlame","hexamod:SwordOfDarkness","hexamod:Firestarter","hexamod:PhantomFireball","hexamod:TimeOfNeed","hexamod:Again+1","Bite","Bite","Bite","Bite","Bite","expansioncontent:DashGenerateEvil+1","hexamod:NecessarySacrifice+1","hexamod:HauntingEcho","hexamod:NecessarySacrifice"],"relics":["hexamod:SpiritBrand","InkBottle","The Courier","Empty Cage","hexamod:InflammatoryLetter","downfall:RedIOU"],"acts_visited":["Exordium","TheCity"],"potions_floor_usage":[9,16,16,19,33,33],"damage_taken":[{"damage":0,"enemies":"Cultist","floor":2,"turns":4},{"damage":0,"enemies":"Jaw Worm","floor":3,"turns":3},{"damage":0,"enemies":"Small Slimes","floor":6,"turns":4},{"damage":0,"enemies":"downfall:FleeingMerchant","floor":8,"turns":4},{"damage":3,"enemies":"Gremlin Nob","floor":9,"turns":5},{"damage":0,"enemies":"3 Louse","floor":10,"turns":3},{"damage":0,"enemies":"downfall:FleeingMerchant","floor":13,"turns":4},{"damage":11,"enemies":"Exordium Thugs","floor":14,"turns":4},{"damage":1,"enemies":"Lots of Slimes","floor":15,"turns":3},{"damage":17,"enemies":"downfall:Silent","floor":16,"turns":8},{"damage":11,"enemies":"3 Byrds","floor":19,"turns":5},{"damage":5,"enemies":"Chosen","floor":20,"turns":5},{"damage":9,"enemies":"downfall:FleeingMerchant","floor":22,"turns":4},{"damage":12,"enemies":"3 Cultists","floor":25,"turns":6},{"damage":16,"enemies":"Centurion and Healer","floor":26,"turns":6},{"damage":0,"enemies":"Cultist and Chosen","floor":28,"turns":6},{"damage":3,"enemies":"Snake Plant","floor":32,"turns":3},{"damage":71,"enemies":"downfall:Watcher","floor":33,"turns":8}],"seed_played":"-5829238042018175919","potions_obtained":[{"floor":6,"key":"Explosive Potion"},{"floor":9,"key":"DuplicationPotion"},{"floor":10,"key":"SkillPotion"},{"floor":14,"key":"hexamod:DoubleChargePotion"},{"floor":16,"key":"LiquidMemories"},{"floor":19,"key":"champ:CounterPotion"},{"floor":20,"key":"SteroidPotion"}],"is_trial":false,"path_per_floor":["R","M","M","?","?","M","T","$","?","M","?","R","$","M","M","B",null,"R","M","M","?","$","R","T","M","M","R","M","?","?","?","M","B"],"character_chosen":"THE_SPIRIT","items_purchased":["hexamod:ShieldOfDarkness","hexamod:EmpoweredFlame","hexamod:SwordOfDarkness","hexamod:Firestarter","expansioncontent:DashGenerateEvil"],"campfire_rested":1,"item_purchase_floors":[8,13,13,13,22],"current_hp_per_floor":[49,49,49,42,42,42,42,42,39,39,39,60,60,49,48,31,70,70,59,54,49,46,46,46,41,39,39,47,47,40,40,37,0,0,0],"gold":195,"neow_bonus":"REMOVE_TWO","is_daily":false,"chose_seed":false,"campfire_upgraded":4,"win_rate":0.0,"timestamp":1610246111,"path_taken":["R","M","?","?","?","M","T","$","?","M","?","R","$","M","M","BOSS","R","M","M","?","?","R","T","?","M","R","M","?","?","?","M","BOSS"],"items_purchased_type":["Card","Card","Card","Card","Card"],"build_version":"2020-12-22","purchased_purges":2,"victory":false,"max_hp_per_floor":[70,70,70,70,70,70,70,70,70,70,70,70,70,70,70,70,70,70,70,70,49,49,49,49,49,49,49,49,49,54,54,54,54,54,54],"card_choices":[{"not_picked":["hexamod:RainOfEmbers","hexamod:InspiringFlames"],"picked":"hexamod:ThermalTransfer","floor":2},{"not_picked":["hexamod:SpectralAdrenaline","hexamod:Firestarter"],"picked":"hexamod:GhostflameBarrier","floor":3},{"not_picked":["hexamod:FastForward","hexamod:RainOfEmbers"],"picked":"hexamod:GhostflameInferno","floor":6},{"not_picked":["hexamod:ParanormalForm","hexamod:InspiringFlames"],"picked":"hexamod:BacktrackSmack","floor":8},{"not_picked":["hexamod:HeatMetal","hexamod:BurningTouch"],"picked":"hexamod:SpectersWail","floor":9},{"not_picked":["hexamod:CatchUp","hexamod:PhantomCloak"],"picked":"hexamod:GhostOfSpirePast","floor":10},{"not_picked":["hexamod:SixthSeal","hexamod:SpectersWail"],"picked":"hexamod:SpectralAdrenaline","floor":13},{"not_picked":["hexamod:SwordOfDarkness","hexamod:AdvancingGuard"],"picked":"hexamod:PhantomFireball","floor":14},{"not_picked":["hexamod:GhostflameBarrier","hexamod:ShieldOfDarkness","hexamod:SkipABeat"],"picked":"SKIP","floor":15},{"not_picked":["hexamod:FifthSeal","hexamod:TimeWarp"],"picked":"hexamod:TimeOfNeed","floor":16},{"not_picked":["hexamod:ShieldOfDarkness","hexamod:GhostflameBarrier","hexamod:InspiringFlames"],"picked":"SKIP","floor":19},{"not_picked":["hexamod:HeatMetal","hexamod:BurningTouch"],"picked":"hexamod:Again+1","floor":20},{"not_picked":["hexamod:ThermalTransfer","hexamod:PhantomCloak","hexamod:RainOfEmbers+1"],"picked":"SKIP","floor":22},{"not_picked":["hexamod:PhantomFireball","hexamod:RainOfEmbers"],"picked":"hexamod:NecessarySacrifice","floor":25},{"not_picked":["hexamod:NightmareStrike","hexamod:FastForward","hexamod:SwordOfDarkness+1"],"picked":"SKIP","floor":26},{"not_picked":["hexamod:BacktrackSmack","hexamod:PhantomCloak","hexamod:SpectralAdrenaline"],"picked":"SKIP","floor":28},{"not_picked":["hexamod:Hexaguard","hexamod:GhostShield"],"picked":"hexamod:NecessarySacrifice","floor":32}],"player_experience":767889,"relics_obtained":[{"floor":7,"key":"The Courier"},{"floor":24,"key":"hexamod:InflammatoryLetter"}],"event_choices":[{"damage_healed":0,"gold_gain":0,"player_choice":"Success","damage_taken":7,"relics_obtained":["InkBottle"],"max_hp_gain":0,"max_hp_loss":0,"event_name":"Scrap Ooze","floor":4,"gold_loss":0},{"damage_healed":0,"gold_gain":0,"player_choice":"Became a vampire","damage_taken":0,"max_hp_gain":0,"max_hp_loss":21,"event_name":"Vampires","floor":21,"gold_loss":0,"cards_obtained":["Bite","Bite","Bite","Bite","Bite"]},{"damage_healed":0,"gold_gain":0,"player_choice":"Read","damage_taken":0,"max_hp_gain":0,"max_hp_loss":0,"event_name":"The Library","floor":29,"gold_loss":0,"cards_obtained":["hexamod:HauntingEcho"]}],"is_beta":false,"boss_relics":[{"not_picked":["Calling Bell","Tiny House"],"picked":"Empty Cage"}],"items_purged_floors":[8,13],"is_endless":false,"potions_floor_spawned":[6,9,10,14,16,19,20],"killed_by":"downfall:Watcher","ascension_level":0}}