{"host":"egwexuw5uvnxf11j","time":1610301792,"event":{"mods":["2.2 Compatiblity","Aspiration","BaseMod","Better Altar","Better Note","Better Sensory Stone","Better Third Choice","Displayed Cursed Tome","Downfall","Hermit","Key Reminder","Koishi","Marisa????????","Minty Spire (QoL Compilation)","Quick Restart","Shade Mod","Spicy Shops","StSLib","The Construct","The Cursed","The Hierophant","The Runesmith","The Senshi","The Servant 0.9.4","Transform Curses"],"gold_per_floor":[113,126,126,8,8,8,26,41,41,41,73,88,107,107,107,204,204,218,218,3,21,33,33,45,45,45],"floor_reached":25,"playtime":1188,"items_purged":[],"score":236,"play_id":"35207793-4b6f-46f4-8c85-8c8042ddbfbf","local_time":"20210110130312","is_ascension_mode":true,"campfire_choices":[{"data":"Flame Barrier","floor":6,"key":"SMITH"},{"data":"Body Slam","floor":15,"key":"SMITH"},{"floor":23,"key":"REST"}],"circlet_count":0,"master_deck":["Strike_R","Strike_R","Strike_R","Strike_R","Strike_R","Defend_R","Defend_R","Defend_R","Bash","Cleave","Pommel Strike","Impatience","Flame Barrier+1","Anger","Shockwave","Body Slam","Cleave","Perfected Strike","Clash","Body Slam+1","Demon Form","Heavy Blade","Armaments","Metallicize","Thunderclap","Thunderclap+1"],"relics":["Burning Blood","keyreminder:keyreminder","aspiration:StickyExplosives_weak","construct:WeddingRing","MutagenicStrength","Red Skull"],"acts_visited":["Exordium","TheCity"],"potions_floor_usage":[11,16,22,24,25],"damage_taken":[{"damage":6,"enemies":"Small Slimes","floor":1,"turns":3},{"damage":1,"enemies":"Cultist","floor":2,"turns":3},{"damage":7,"enemies":"Jaw Worm","floor":7,"turns":3},{"damage":8,"enemies":"Blue Slaver","floor":8,"turns":3},{"damage":18,"enemies":"Gremlin Nob","floor":11,"turns":4},{"damage":0,"enemies":"2 Fungi Beasts","floor":12,"turns":3},{"damage":12,"enemies":"Exordium Wildlife","floor":13,"turns":3},{"damage":63,"enemies":"The Guardian","floor":16,"turns":7},{"damage":33,"enemies":"Spheric Guardian","floor":18,"turns":4},{"damage":31,"enemies":"2 Thieves","floor":21,"turns":5},{"damage":7,"enemies":"Centurion and Healer","floor":22,"turns":5},{"damage":18,"enemies":"Snake Plant","floor":24,"turns":3},{"damage":52,"enemies":"Slavers","floor":25,"turns":2}],"seed_played":"4135838582858175155","potions_obtained":[{"floor":1,"key":"ColorlessPotion"},{"floor":12,"key":"CultistPotion"},{"floor":16,"key":"sneckomod:MuddlingPotion"},{"floor":18,"key":"Swift Potion"},{"floor":21,"key":"SkillPotion"}],"is_trial":false,"path_per_floor":["M","M","?","$","?","R","M","M","T","?","E","M","M","?","R","B",null,"M","?","$","M","M","R","M","E"],"character_chosen":"IRONCLAD","items_purchased":["Flame Barrier","Anger","Armaments","Red Skull"],"campfire_rested":1,"item_purchase_floors":[4,4,20,20],"current_hp_per_floor":[88,88,88,88,88,88,87,85,85,85,73,79,73,82,82,25,88,61,61,61,36,35,61,49,0,0],"gold":45,"neow_bonus":"TEN_PERCENT_HP_BONUS","is_daily":false,"chose_seed":false,"campfire_upgraded":2,"win_rate":0.0,"timestamp":1610301792,"path_taken":["M","M","?","$","?","R","?","M","T","?","E","M","M","?","R","BOSS","M","?","$","M","M","R","M","E"],"items_purchased_type":["Card","Card","Card","Relic"],"build_version":"2020-12-22","purchased_purges":0,"victory":false,"max_hp_per_floor":[88,88,88,88,88,88,88,88,88,88,88,88,88,88,88,88,88,88,88,88,88,88,88,88,88,88],"card_choices":[{"not_picked":["Inflame","Clash"],"picked":"Cleave","floor":1},{"not_picked":["True Grit","Heavy Blade"],"picked":"Pommel Strike","floor":2},{"not_picked":["Transmutation","Violence"],"picked":"Impatience","floor":3},{"not_picked":["Dark Embrace","Anger"],"picked":"Body Slam","floor":7},{"not_picked":["Reckless Charge","Shockwave"],"picked":"Cleave","floor":8},{"not_picked":["Havoc","Blood for Blood"],"picked":"Perfected Strike","floor":11},{"not_picked":["Sever Soul","Evolve"],"picked":"Clash","floor":12},{"not_picked":["Dark Embrace","Fiend Fire"],"picked":"Body Slam","floor":13},{"not_picked":["Feed","Corruption"],"picked":"Demon Form","floor":16},{"not_picked":["Shrug It Off","Headbutt"],"picked":"Heavy Blade","floor":18},{"not_picked":["Body Slam+1","Rupture"],"picked":"Metallicize","floor":21},{"not_picked":["Wild Strike","Combust"],"picked":"Thunderclap","floor":22},{"not_picked":["Whirlwind","Pommel Strike"],"picked":"Thunderclap+1","floor":24}],"player_experience":2183074,"relics_obtained":[{"floor":11,"key":"aspiration:StickyExplosives_weak"}],"event_choices":[{"damage_healed":0,"gold_gain":1,"player_choice":"1","damage_taken":0,"max_hp_gain":0,"max_hp_loss":0,"event_name":"betterStone:BetterStone","floor":3,"gold_loss":0},{"damage_healed":0,"gold_gain":0,"cards_transformed":["Defend_R"],"player_choice":"Transformed","damage_taken":0,"max_hp_gain":0,"max_hp_loss":0,"event_name":"Transmorgrifier","floor":5,"gold_loss":0,"cards_obtained":["Shockwave"]},{"damage_healed":0,"gold_gain":0,"player_choice":"Ignored","damage_taken":0,"max_hp_gain":0,"max_hp_loss":0,"event_name":"Golden Wing","floor":10,"gold_loss":0},{"damage_healed":0,"gold_gain":0,"player_choice":"Inject Mutagens","damage_taken":0,"relics_obtained":["MutagenicStrength"],"max_hp_gain":0,"max_hp_loss":0,"event_name":"Drug Dealer","floor":19,"gold_loss":0}],"is_beta":false,"boss_relics":[{"not_picked":["Runesmith:UraniumAnvil","aspiration:RitualDagger"],"picked":"construct:WeddingRing"}],"items_purged_floors":[],"is_endless":false,"potions_floor_spawned":[1,12,16,18,21],"killed_by":"Slavers","ascension_level":3}}