{"host":"ockkdcgl3b18tfz9","time":1610295286,"event":{"mods":["2.2 Compatiblity","BaseMod","Better Skull","Better Third Choice","BetterRewards","Hermit","Minty Spire (QoL Compilation)","Quick Restart","Replay The Spire","Spicy Shops","StSLib","SuperFastMode","The Jungle"],"gold_per_floor":[113,113,113,123,198,224,224,254,254,289,40,57,77,94,94,198,198,208,208,51,51,51,80,92,92,92,92,23,23,23,50,50,147,147,157,177,25,25,25,25,25,25,51,81,95,95,130,140,140,140,140,140,18,50,50,50],"floor_reached":55,"playtime":1256,"items_purged":[],"score":1238,"play_id":"8ed8b65e-cc6d-42a9-ae24-296d15bb1dee","local_time":"20210110231446","is_ascension_mode":true,"campfire_choices":[{"data":"Blade Dance","floor":7.0,"key":"SMITH"},{"data":"Finisher","floor":15.0,"key":"SMITH"},{"floor":25.0,"key":"DIG"},{"floor":29,"key":"DIG"},{"floor":32,"key":"DIG"},{"floor":40,"key":"RECALL"},{"data":"Blade Dance","floor":42,"key":"SMITH"},{"floor":46,"key":"DIG"},{"floor":49,"key":"DIG"},{"floor":52,"key":"REST"}],"circlet_count":0,"master_deck":["Strike_G","Strike_G","Strike_G+1","Defend_G","Defend_G","Defend_G","Defend_G+1","Defend_G","Survivor","Neutralize+1","Blade Dance+1","Finisher+1","Well Laid Plans","Dagger Throw","Footwork","Slice","Dash","After Image+1","ReplayTheSpireMod:Shiv Toss","PiercingWail","Endless Agony+1","Choke","Infinite Blades","Replay:Poison Smokescreen","Hidden Blade","Night Terror+1","Blade Dance+1","Apotheosis","ReplayTheSpireMod:Restless Dread","Caltrops","Backflip+1","Distraction+1","Backflip"],"relics":["NeowsBlessing","Sizzling Blood","ReplayTheSpireMod:Ninjato","Simple Rune","Shuriken","Ice Cream","Ninja Scroll","Shovel","Singing Bowl","Mummified Hand","Bronze Scales","Tiny Chest","Paper Crane","StrikeDummy","Ring of Chaos","Guide Book","Ring of Fury","ReplayTheSpireMod:Ring of Exchange","Letter Opener","The Courier","CaptainsWheel","Pondfish Scales","Oddly Smooth Stone","ReplayFunnel"],"acts_visited":["Exordium","Exordium","TheBeyond","TheEnding"],"potions_floor_usage":[45,50,50,50],"damage_taken":[{"damage":0.0,"enemies":"2 Louse","floor":1.0,"turns":1.0},{"damage":0.0,"enemies":"Small Slimes","floor":4.0,"turns":2.0},{"damage":0.0,"enemies":"Lagavulin","floor":6.0,"turns":1.0},{"damage":28.0,"enemies":"Replay:BlueRogue","floor":8.0,"turns":5.0},{"damage":2.0,"enemies":"Lagavulin","floor":10.0,"turns":3.0},{"damage":0.0,"enemies":"Cultist","floor":12.0,"turns":2.0},{"damage":0.0,"enemies":"Looter","floor":13.0,"turns":2.0},{"damage":0.0,"enemies":"Exordium Thugs","floor":14.0,"turns":2.0},{"damage":0.0,"enemies":"The Guardian","floor":16.0,"turns":7.0},{"damage":0.0,"enemies":"theJungle:GiantWrat","floor":18.0,"turns":4.0},{"damage":0.0,"enemies":"theJungle:MamaSnecko","floor":23.0,"turns":4.0},{"damage":0.0,"enemies":"Shell Parasite","floor":24.0,"turns":1.0},{"damage":0,"enemies":"theJungle:Cassacara","floor":31,"turns":2},{"damage":0,"enemies":"theJungle:QueenSpyder","floor":33,"turns":7},{"damage":1,"enemies":"3 Shapes","floor":35,"turns":3},{"damage":16,"enemies":"3 Darklings","floor":36,"turns":4},{"damage":0,"enemies":"Giant Head","floor":44,"turns":3},{"damage":0,"enemies":"Maw","floor":45,"turns":5},{"damage":0,"enemies":"R_Hoarder","floor":47,"turns":5},{"damage":5,"enemies":"Sphere and 2 Shapes","floor":48,"turns":4},{"damage":62,"enemies":"Awakened One","floor":50,"turns":9},{"damage":48,"enemies":"Shield and Spear","floor":54,"turns":8},{"damage":34,"enemies":"The Heart","floor":55,"turns":3}],"seed_played":"3495066379410105935","potions_obtained":[{"floor":1.0,"key":"SkillPotion"},{"floor":10.0,"key":"DuplicationPotion"},{"floor":13.0,"key":"CunningPotion"},{"floor":24.0,"key":"LiquidMemories"},{"floor":45,"key":"Toxic Potion"}],"is_trial":false,"path_per_floor":["M","?","?","M","?","E","R","E","T","E","$","M","M","M","R","B",null,"M","?","$","?","?","E","M","R","T","?","$","R","?","E","R","B",null,"M","M","$","?","?","R","$","R","T","E","M","R","E","M","R","B",null,"R","$","E","B"],"character_chosen":"THE_SILENT","items_purchased":["Ninja Scroll","PiercingWail","Endless Agony+1","Infinite Blades","Guide Book","Oddly Smooth Stone"],"campfire_rested":1,"item_purchase_floors":[11,20,20,28,37,53],"current_hp_per_floor":[63,67,67,71,64,68,68,44,44,46,46,50,54,58,58,62,71,74,74,74,74,74,76,76,76,76,66,66,66,66,70,70,74,76,76,66,66,66,66,66,66,66,66,70,74,74,78,77,77,19,63,78,78,36,2,2],"gold":50,"neow_bonus":"THREE_ENEMY_KILL","is_daily":false,"chose_seed":false,"campfire_upgraded":3,"win_rate":0.0,"timestamp":1610295286,"path_taken":["M","?","?","?","?","E","R","E","T","E","?","M","?","M","R","BOSS","M","?","$","?","?","E","?","R","T","?","$","R","?","E","R","BOSS","M","M","$","?","?","R","$","R","T","E","M","R","E","M","R","BOSS","R","$","E","BOSS"],"items_purchased_type":["Relic","Card","Card","Card","Relic","Relic"],"build_version":"2020-12-22","purchased_purges":0,"victory":false,"max_hp_per_floor":[70,74,74,74,74,74,74,74,74,74,74,74,74,74,74,74,74,74,74,74,74,74,76,76,76,76,76,76,76,76,76,76,76,76,76,78,78,78,78,78,78,78,78,78,78,78,78,78,78,78,78,78,78,80,80,80],"card_choices":[{"not_picked":["Tactician","Bane","Flying Knee"],"picked":"SKIP","floor":1.0},{"not_picked":["Acrobatics","Hidden Blade"],"picked":"Blade Dance","floor":4.0},{"not_picked":["Dash","Underhanded Strike"],"picked":"Finisher","floor":6.0},{"not_picked":["Outmaneuver","ReplayTheSpireMod:From All Sides"],"picked":"Well Laid Plans","floor":8.0},{"not_picked":["Caltrops","Eviscerate"],"picked":"Dagger Throw","floor":10.0},{"not_picked":["Slice","Dagger Throw"],"picked":"Footwork","floor":12.0},{"not_picked":["Flying Knee","Tactician"],"picked":"Slice","floor":13.0},{"not_picked":["Dagger Spray","Prepared"],"picked":"Dash","floor":14.0},{"not_picked":["Poison Darts","Night Terror"],"picked":"After Image","floor":16.0},{"not_picked":["Sucker Punch+1","Cloak And Dagger"],"picked":"ReplayTheSpireMod:Shiv Toss","floor":18.0},{"not_picked":["Replay:Poison Smokescreen","Dodge and Roll","Dagger Throw"],"picked":"Singing Bowl","floor":23.0},{"not_picked":["Outmaneuver","All Out Attack+1"],"picked":"Choke","floor":24.0},{"not_picked":["Bouncing Flask+1","Skewer"],"picked":"Hidden Blade","floor":31},{"not_picked":["Poison Darts","Replay:Bag of Tricks"],"picked":"Night Terror","floor":33},{"not_picked":["Bouncing Flask","Flying Knee+1"],"picked":"Blade Dance","floor":35},{"not_picked":["Dagger Spray","Deflect","Dagger Throw"],"picked":"Singing Bowl","floor":36},{"not_picked":["Specialist","Chrysalis"],"picked":"Apotheosis","floor":38},{"not_picked":["Skewer","Quick Slash+1"],"picked":"Caltrops","floor":44},{"not_picked":["Poisoned Stab","Outmaneuver"],"picked":"Backflip+1","floor":45},{"not_picked":["Eviscerate+1","Finisher"],"picked":"Distraction+1","floor":47},{"not_picked":["All Out Attack","Bane"],"picked":"Backflip","floor":48},{"not_picked":["Poisoned Stab+1","Eviscerate","Flechettes+1"],"picked":"Singing Bowl","floor":54}],"player_experience":263022,"relics_obtained":[{"floor":6.0,"key":"ReplayTheSpireMod:Ninjato"},{"floor":8.0,"key":"Simple Rune"},{"floor":9.0,"key":"Shuriken"},{"floor":10.0,"key":"Ice Cream"},{"floor":23.0,"key":"Singing Bowl"},{"floor":25.0,"key":"Mummified Hand"},{"floor":26.0,"key":"Bronze Scales"},{"floor":29,"key":"Tiny Chest"},{"floor":31,"key":"Paper Crane"},{"floor":32,"key":"StrikeDummy"},{"floor":39,"key":"Ring of Fury"},{"floor":39,"key":"ReplayTheSpireMod:Ring of Exchange"},{"floor":44,"key":"Letter Opener"},{"floor":46,"key":"The Courier"},{"floor":47,"key":"CaptainsWheel"},{"floor":49,"key":"Pondfish Scales"},{"floor":54,"key":"ReplayFunnel"}],"event_choices":[{"damage_healed":0.0,"max_hp_gain":0.0,"max_hp_loss":0.0,"gold_gain":0.0,"event_name":"Upgrade Shrine","player_choice":"Upgraded","floor":3.0,"gold_loss":0.0,"damage_taken":0.0,"cards_upgraded":["Neutralize"]},{"damage_healed":0.0,"max_hp_gain":0.0,"max_hp_loss":0.0,"gold_gain":75.0,"event_name":"FaceTrader","player_choice":"Touch","floor":5.0,"gold_loss":0.0,"damage_taken":7.0},{"cards_removed":["Writhe"],"damage_healed":0.0,"max_hp_gain":0.0,"max_hp_loss":0.0,"gold_gain":0.0,"event_name":"Fountain of Cleansing","player_choice":"Removed Curses","floor":22.0,"gold_loss":0.0,"damage_taken":0.0},{"damage_healed":0,"gold_gain":0,"cards_transformed":["Strike_G"],"player_choice":"Transformed","damage_taken":0,"max_hp_gain":0,"max_hp_loss":0,"event_name":"Transmorgrifier","floor":30,"gold_loss":0,"cards_obtained":["Replay:Poison Smokescreen"]},{"damage_healed":0,"gold_gain":0,"player_choice":"Memory 1","damage_taken":0,"max_hp_gain":0,"max_hp_loss":0,"event_name":"SensoryStone","floor":38,"gold_loss":0}],"is_beta":false,"boss_relics":[{"not_picked":["Snecko Eye","Sozu","Ectoplasm"]},{"not_picked":["Empty Cage","ReplayTheSpireMod:DimensionalGlitch"],"picked":"Ring of Chaos"}],"items_purged_floors":[],"is_endless":false,"potions_floor_spawned":[1,10,13,16,18,24,35,36,45,48],"killed_by":"The Heart","ascension_level":6}}