{"host":"j4g6ia6asvpyu2b0","time":1610237029,"event":{"mods":["BaseMod","Colored Map","Minty Spire (QoL Compilation)","Permanent Neow","Quick Restart","Relic Stats","StSLib","Unceasing Turn Reminder"],"gold_per_floor":[15,31,49,62,62,93,112,112,138,138,313,388,420,420,420,517,517,427,427],"floor_reached":18,"playtime":482,"items_purged":[],"score":280,"play_id":"9b0b8d1b-c75c-44fe-aa6a-2be6046db801","local_time":"20210109170349","is_ascension_mode":true,"campfire_choices":[{"data":"Demon Form","floor":8,"key":"SMITH"},{"data":"Feed","floor":10,"key":"SMITH"},{"data":"Spot Weakness","floor":15,"key":"SMITH"}],"circlet_count":0,"master_deck":["AscendersBane","Strike_R","Strike_R","Strike_R","Strike_R","Strike_R","Defend_R","Defend_R","Defend_R","Defend_R","Bash","Feed+1","Flame Barrier","Pommel Strike","Spot Weakness+1","Iron Wave","Demon Form+1","Dark Shackles","Carnage","Doubt","Heavy Blade","Reaper"],"relics":["Burning Blood","Blood Vial","Anchor","PreservedInsect","Cursed Key"],"acts_visited":["Exordium","TheCity"],"potions_floor_usage":[13,16,18],"damage_taken":[{"damage":3.0,"enemies":"2 Louse","floor":1.0,"turns":4.0},{"damage":0.0,"enemies":"Cultist","floor":2.0,"turns":4.0},{"damage":9.0,"enemies":"Jaw Worm","floor":3.0,"turns":5.0},{"damage":11.0,"enemies":"2 Fungi Beasts","floor":4.0,"turns":4.0},{"damage":13,"enemies":"Lagavulin","floor":6,"turns":8},{"damage":13,"enemies":"Large Slime","floor":7,"turns":6},{"damage":30,"enemies":"3 Sentries","floor":13,"turns":8},{"damage":29,"enemies":"Slime Boss","floor":16,"turns":7},{"damage":34,"enemies":"2 Thieves","floor":18,"turns":5}],"seed_played":"7181319531093378611","potions_obtained":[{"floor":2.0,"key":"Block Potion"},{"floor":4.0,"key":"Strength Potion"},{"floor":14,"key":"DuplicationPotion"},{"floor":14,"key":"Energy Potion"},{"floor":14,"key":"PowerPotion"},{"floor":16,"key":"FairyPotion"}],"is_trial":false,"path_per_floor":["M","M","M","M","?","E","M","R","T","R","?","?","E","?","R","B",null,"M"],"character_chosen":"IRONCLAD","items_purchased":[],"campfire_rested":0,"item_purchase_floors":[],"current_hp_per_floor":[78,86,86,84,84,77,75,75,75,75,75,64,42,42,42,25,81,62,62],"gold":427,"neow_bonus":"THREE_RARE_CARDS","is_daily":false,"chose_seed":false,"campfire_upgraded":3,"win_rate":0.0,"timestamp":1610237029,"path_taken":["M","M","M","M","?","E","?","R","T","R","?","?","E","?","R","BOSS","M"],"items_purchased_type":[],"build_version":"2020-12-22","purchased_purges":0,"victory":false,"max_hp_per_floor":[83,86,89,92,92,92,95,95,95,95,95,95,95,95,95,99,99,99,99],"relic_stats":{"Blood Vial":8,"counters":[9,51],"PreservedInsect":0,"Cursed Key":0,"obtain_stats":[{"Blood Vial":6,"Anchor":9,"PreservedInsect":13,"Cursed Key":17,"Burning Blood":0},{"Blood Vial":5,"Anchor":6,"PreservedInsect":7,"Cursed Key":8,"Burning Blood":0},{"Blood Vial":25,"Anchor":31,"PreservedInsect":39,"Cursed Key":46,"Burning Blood":0}],"Burning Blood":47},"card_choices":[{"not_picked":["Brutality","Fiend Fire"],"picked":"Feed","floor":0.0},{"not_picked":["Perfected Strike","Headbutt"],"picked":"Flame Barrier","floor":1.0},{"not_picked":["Wild Strike","Cleave"],"picked":"Pommel Strike","floor":2.0},{"not_picked":["Twin Strike","Uppercut"],"picked":"Spot Weakness","floor":3.0},{"not_picked":["Reckless Charge","Sever Soul"],"picked":"Iron Wave","floor":4.0},{"not_picked":["Second Wind","Thunderclap"],"picked":"Carnage","floor":6},{"not_picked":["Warcry","Power Through","Body Slam"],"picked":"SKIP","floor":7},{"not_picked":["Iron Wave","Intimidate"],"picked":"Heavy Blade","floor":13},{"not_picked":["Fiend Fire","Impervious"],"picked":"Reaper","floor":16}],"player_experience":781080,"relics_obtained":[{"floor":6,"key":"Blood Vial"},{"floor":9,"key":"Anchor"},{"floor":13,"key":"PreservedInsect"}],"event_choices":[{"damage_healed":0,"gold_gain":0,"player_choice":"2 cards matched","damage_taken":0,"max_hp_gain":0,"max_hp_loss":0,"event_name":"Match and Keep!","floor":5,"gold_loss":0,"cards_obtained":["Demon Form","Dark Shackles"]},{"damage_healed":0,"gold_gain":175,"player_choice":"AGREE","damage_taken":0,"max_hp_gain":0,"max_hp_loss":0,"event_name":"Liars Game","floor":11,"gold_loss":0,"cards_obtained":["Doubt"]},{"damage_healed":0,"gold_gain":75,"player_choice":"Gather Gold","damage_taken":11,"max_hp_gain":0,"max_hp_loss":0,"event_name":"World of Goop","floor":12,"gold_loss":0},{"damage_healed":0,"gold_gain":0,"player_choice":"Got Potions","damage_taken":0,"max_hp_gain":0,"max_hp_loss":0,"event_name":"Lab","floor":14,"gold_loss":0}],"is_beta":false,"boss_relics":[{"not_picked":["Black Star","Ectoplasm"],"picked":"Cursed Key"}],"items_purged_floors":[],"is_endless":false,"potions_floor_spawned":[2,4,16],"killed_by":"2 Thieves","ascension_level":10}}