{"host":"5ezk7t18wcb10u1o","time":1610275379,"event":{"mods":["BaseMod","Bestiary","Colored Powertips","Minty Spire (QoL Compilation)","Relic Sorter"],"gold_per_floor":[116,134,134,134,151,151,151,151,220,220,235,254,254,279,279,353,353,371,371,381,400,411,411,411,411],"floor_reached":24,"playtime":941,"items_purged":[],"score":396,"play_id":"195e8bc9-d71f-4565-afdc-33637af83342","local_time":"20210110104259","is_ascension_mode":true,"campfire_choices":[{"floor":6.0,"key":"REST"},{"floor":8.0,"key":"REST"},{"data":"Zap","floor":10.0,"key":"SMITH"},{"floor":13.0,"key":"REST"},{"data":"Sunder","floor":15.0,"key":"SMITH"},{"data":"Steam","floor":23,"key":"SMITH"}],"circlet_count":0,"master_deck":["AscendersBane","Strike_B","Strike_B","Strike_B","Strike_B","Defend_B+1","Defend_B","Defend_B","Zap+1","Dualcast+1","Scrape+1","Beam Cell","Core Surge","Steam+1","Sunder+1","Melter","Ball Lightning+1","PanicButton","Coolheaded","Gash"],"relics":["Cracked Core","Potion Belt","Symbiotic Virus","Orichalcum","SlaversCollar"],"acts_visited":["Exordium","TheCity"],"potions_floor_usage":[22,24],"damage_taken":[{"damage":7.0,"enemies":"Jaw Worm","floor":1.0,"turns":3.0},{"damage":16.0,"enemies":"Small Slimes","floor":2.0,"turns":3.0},{"damage":6.0,"enemies":"2 Louse","floor":5.0,"turns":3.0},{"damage":1.0,"enemies":"Red Slaver","floor":11.0,"turns":2.0},{"damage":1.0,"enemies":"Looter","floor":12.0,"turns":2.0},{"damage":14.0,"enemies":"3 Sentries","floor":14.0,"turns":6.0},{"damage":6.0,"enemies":"Slime Boss","floor":16.0,"turns":5.0},{"damage":0.0,"enemies":"Spheric Guardian","floor":18.0,"turns":3.0},{"damage":1.0,"enemies":"Chosen","floor":20.0,"turns":3.0},{"damage":8.0,"enemies":"Centurion and Healer","floor":21.0,"turns":3.0},{"damage":5,"enemies":"Sentry and Sphere","floor":22,"turns":3},{"damage":38,"enemies":"Book of Stabbing","floor":24,"turns":5}],"seed_played":"-1677462064242358470","potions_obtained":[{"floor":2.0,"key":"ColorlessPotion"},{"floor":5.0,"key":"Swift Potion"},{"floor":14.0,"key":"AttackPotion"},{"floor":18.0,"key":"Fire Potion"}],"is_trial":false,"path_per_floor":["M","M","?","?","M","R","?","R","T","R","M","M","R","E","R","B",null,"M","?","M","M","M","R","E"],"character_chosen":"DEFECT","items_purchased":[],"campfire_rested":3,"item_purchase_floors":[],"current_hp_per_floor":[57,41,36,15,9,30,30,51,51,51,50,49,70,56,56,50,66,66,48,47,39,34,34,0,0],"gold":411,"neow_bonus":"REMOVE_CARD","is_daily":false,"chose_seed":false,"campfire_upgraded":3,"win_rate":0.0,"timestamp":1610275379,"path_taken":["M","M","?","?","M","R","?","R","T","R","?","M","R","E","R","BOSS","M","?","?","M","M","R","E"],"items_purchased_type":[],"build_version":"2020-12-22","purchased_purges":0,"victory":false,"max_hp_per_floor":[71,71,71,71,71,71,71,71,71,71,71,71,71,71,71,71,71,71,71,71,71,71,71,71,71],"card_choices":[{"not_picked":["Rebound","Hello World"],"picked":"Scrape","floor":1.0},{"not_picked":["Compile Driver","Tempest"],"picked":"Beam Cell","floor":2.0},{"not_picked":["Streamline","Coolheaded"],"picked":"Core Surge","floor":5.0},{"not_picked":["Lockon","Barrage"],"picked":"Steam","floor":11.0},{"not_picked":["Skim","Turbo"],"picked":"Sunder","floor":12.0},{"not_picked":["Hyperbeam","Compile Driver"],"picked":"Melter","floor":14.0},{"not_picked":["Rip and Tear","Leap"],"picked":"Ball Lightning+1","floor":18.0},{"not_picked":["Compile Driver","Coolheaded","Steam Power"],"picked":"SKIP","floor":20.0},{"not_picked":["Turbo","Double Energy"],"picked":"Coolheaded","floor":21},{"not_picked":["Steam","Cold Snap"],"picked":"Gash","floor":22}],"player_experience":1113420,"relics_obtained":[{"floor":9.0,"key":"Symbiotic Virus"},{"floor":14.0,"key":"Orichalcum"}],"event_choices":[{"damage_healed":0.0,"max_hp_gain":0.0,"max_hp_loss":0.0,"gold_gain":0.0,"event_name":"Scrap Ooze","player_choice":"Success","floor":3.0,"gold_loss":0.0,"damage_taken":5.0,"relics_obtained":["Potion Belt"]},{"damage_healed":0.0,"max_hp_gain":0.0,"max_hp_loss":0.0,"gold_gain":0.0,"event_name":"Shining Light","player_choice":"Entered Light","floor":4.0,"gold_loss":0.0,"damage_taken":21.0,"cards_upgraded":["Dualcast","Scrape"]},{"damage_healed":0.0,"max_hp_gain":0.0,"max_hp_loss":0.0,"gold_gain":0.0,"event_name":"Accursed Blacksmith","player_choice":"Forge","floor":7.0,"gold_loss":0.0,"damage_taken":0.0,"cards_upgraded":["Defend_B"]},{"damage_healed":0.0,"max_hp_gain":0.0,"max_hp_loss":0.0,"gold_gain":0.0,"event_name":"Knowing Skull","player_choice":"POTION CARD ","floor":19.0,"potions_obtained":["EssenceOfSteel"],"gold_loss":0.0,"damage_taken":18.0,"cards_obtained":["PanicButton"]}],"is_beta":false,"boss_relics":[{"not_picked":["Fusion Hammer","Calling Bell"],"picked":"SlaversCollar"}],"items_purged_floors":[],"is_endless":false,"potions_floor_spawned":[2,5,14,18],"killed_by":"Book of Stabbing","ascension_level":20}}