{"host":"3po7ngt2j61s4rmj","time":1610255826,"event":{"mods":["Act Like it!","BaseMod","Elementarium","Hermit","JesterMod","Minty Spire (QoL Compilation)","Relic Stats","Shade Mod","StSLib"],"gold_per_floor":[116,133,144,156,168,168,203,203,274,299,299,19,54,65,65,179,179,205,64,73,73,93,127,67,105,105,129,140,140,140],"floor_reached":29,"playtime":2348,"items_purged":["jesterMod:Strike"],"score":359,"play_id":"e4889aca-4f69-416e-9d5d-a9072321925b","local_time":"20210109221706","is_ascension_mode":true,"campfire_choices":[{"data":"jesterMod:Flee","floor":6,"key":"SMITH"},{"data":"jesterMod:Juggler","floor":11,"key":"SMITH"},{"data":"jesterMod:Prankster","floor":15,"key":"SMITH"}],"circlet_count":0,"master_deck":["jesterMod:Strike","jesterMod:Strike","jesterMod:Strike","jesterMod:Sickle","jesterMod:Defend","jesterMod:Defend","jesterMod:Defend","jesterMod:Defend","jesterMod:Dodge","jesterMod:Flee+1","jesterMod:BouncingKnife","jesterMod:Prankster+1","jesterMod:OblivionStrike","jesterMod:Juggler+1","jesterMod:Unleash","jesterMod:Precipitation","jesterMod:Inspiration","jesterMod:Juggle","jesterMod:FlameDance","Decay","jesterMod:Flee","jesterMod:Inspiration","jesterMod:Mending","jesterMod:DancingMad","jesterMod:DancingMad"],"relics":["Philosopher\u0027s Stone","Gremlin Horn","Bottled Tornado","Du-Vu Doll","White Beast Statue","CeramicFish","Snecko Eye","Pear","StrikeDummy","Kunai"],"acts_visited":["Exordium","Elementarium:Elementarium"],"potions_floor_usage":[5,10,16,25,28,28,29],"damage_taken":[{"damage":0,"enemies":"Cultist","floor":1,"turns":3},{"damage":4,"enemies":"2 Louse","floor":2,"turns":3},{"damage":3,"enemies":"Jaw Worm","floor":3,"turns":4},{"damage":5,"enemies":"Large Slime","floor":4,"turns":6},{"damage":13,"enemies":"Exordium Thugs","floor":5,"turns":4},{"damage":7,"enemies":"Lagavulin","floor":7,"turns":7},{"damage":23,"enemies":"Gremlin Nob","floor":10,"turns":4},{"damage":3,"enemies":"Lagavulin","floor":13,"turns":4},{"damage":2,"enemies":"Exordium Wildlife","floor":14,"turns":2},{"damage":2,"enemies":"Slime Boss","floor":16,"turns":7},{"damage":32,"enemies":"Elementarium:MUD_AND_TAR_GOLEMS","floor":18,"turns":4},{"damage":0,"enemies":"Elementarium:2_ELEMENTALS","floor":22,"turns":3},{"damage":40,"enemies":"Elementarium:WarGolem","floor":23,"turns":4},{"damage":29,"enemies":"Elementarium:FIRE_NOBILITY","floor":25,"turns":7},{"damage":6,"enemies":"Elementarium:RubyGolem","floor":27,"turns":3},{"damage":5,"enemies":"Elementarium:Hydrostalker","floor":28,"turns":4},{"damage":8,"enemies":"Elementarium:VoidBeast","floor":29,"turns":1}],"seed_played":"993765114592346783","potions_obtained":[{"floor":2,"key":"Weak Potion"},{"floor":3,"key":"LiquidMemories"},{"floor":7,"key":"FairyPotion"},{"floor":10,"key":"Ancient Potion"},{"floor":13,"key":"SkillPotion"},{"floor":14,"key":"Block Potion"},{"floor":16,"key":"Strength Potion"},{"floor":18,"key":"Weak Potion"},{"floor":25,"key":"Block Potion"},{"floor":27,"key":"SkillPotion"},{"floor":28,"key":"ColorlessPotion"}],"is_trial":false,"path_per_floor":["M","M","M","M","M","R","E","?","T","E","R","$","E","M","R","B",null,"M","$","?","$","M","E","$","E","T","M","M","M"],"character_chosen":"THE_JESTER","items_purchased":["White Beast Statue","jesterMod:Precipitation","jesterMod:FlameDance","jesterMod:Mending"],"campfire_rested":0,"item_purchase_floors":[12,12,19,24],"current_hp_per_floor":[70,66,63,58,45,45,38,80,80,57,57,57,54,52,52,50,80,48,48,48,48,48,18,18,19,19,13,8,0,0],"gold":140,"neow_bonus":"BOSS_RELIC","is_daily":false,"chose_seed":false,"campfire_upgraded":3,"win_rate":0.0,"timestamp":1610255826,"path_taken":["M","M","?","M","M","R","E","?","T","E","R","?","E","?","R","BOSS","M","$","?","?","M","E","$","E","T","?","M","M"],"items_purchased_type":["Relic","Card","Card","Card"],"build_version":"2020-12-22","purchased_purges":1,"victory":false,"max_hp_per_floor":[70,70,70,70,70,70,70,80,80,80,80,80,80,80,80,80,80,80,80,80,80,80,90,90,90,90,90,90,90,90],"relic_stats":{"Gremlin Horn":[8,8],"counters":[17,70],"CeramicFish":90,"Snecko Eye":[41,37,39,49],"Kunai":[0],"obtain_stats":[{"Du-Vu Doll":10,"Pear":23,"Gremlin Horn":7,"CeramicFish":13,"Snecko Eye":17,"Philosopher\u0027s Stone":0,"jesterMod:JesterCap":0,"Kunai":26,"Bottled Tornado":9,"StrikeDummy":25,"White Beast Statue":12},{"Du-Vu Doll":7,"Pear":13,"Gremlin Horn":6,"CeramicFish":8,"Snecko Eye":10,"Philosopher\u0027s Stone":0,"jesterMod:JesterCap":0,"Kunai":14,"Bottled Tornado":6,"StrikeDummy":14,"White Beast Statue":7},{"Du-Vu Doll":31,"Pear":55,"Gremlin Horn":27,"CeramicFish":35,"Snecko Eye":44,"Philosopher\u0027s Stone":0,"jesterMod:JesterCap":0,"Kunai":62,"Bottled Tornado":27,"StrikeDummy":62,"White Beast Statue":31}]},"card_choices":[{"not_picked":["jesterMod:Disposophobia","jesterMod:Pause"],"picked":"jesterMod:Flee","floor":1},{"not_picked":["jesterMod:Hide","jesterMod:Discretion"],"picked":"jesterMod:BouncingKnife","floor":2},{"not_picked":["jesterMod:Hide","jesterMod:SelfMockery"],"picked":"jesterMod:Prankster","floor":3},{"not_picked":["jesterMod:Anticipation","jesterMod:Feint"],"picked":"jesterMod:OblivionStrike","floor":4},{"not_picked":["jesterMod:Anticipation","jesterMod:JackInTheBox"],"picked":"jesterMod:Placebo","floor":5},{"not_picked":["jesterMod:DaggerRain","jesterMod:Anticipation"],"picked":"jesterMod:Juggler","floor":7},{"not_picked":["jesterMod:Patience","jesterMod:Flee"],"picked":"jesterMod:Unleash","floor":10},{"not_picked":["jesterMod:HitAndRun","jesterMod:Taunt"],"picked":"jesterMod:Inspiration","floor":13},{"not_picked":["jesterMod:SwiftDodge","jesterMod:Precipitation","jesterMod:Schizophrenia"],"picked":"SKIP","floor":14},{"not_picked":["jesterMod:ExperimentalTreatment","jesterMod:Pillage"],"picked":"jesterMod:Juggle","floor":16},{"not_picked":["jesterMod:Hide","jesterMod:Anticipation","jesterMod:SmokeScreen"],"picked":"SKIP","floor":18},{"not_picked":["jesterMod:RecklessStrike","jesterMod:BouncingKnife+1"],"picked":"jesterMod:Flee","floor":22},{"not_picked":["jesterMod:Procrastination","jesterMod:Unleash"],"picked":"jesterMod:Inspiration","floor":23},{"not_picked":["jesterMod:Illness","jesterMod:Placebo"],"picked":"jesterMod:DancingMad","floor":25},{"not_picked":["jesterMod:Patience+1","jesterMod:OblivionStrike"],"picked":"jesterMod:DancingMad","floor":27},{"not_picked":["jesterMod:Flee","jesterMod:Anticipation","jesterMod:MudBall"],"picked":"SKIP","floor":28}],"player_experience":1103825,"relics_obtained":[{"floor":7,"key":"Gremlin Horn"},{"floor":9,"key":"Bottled Tornado"},{"floor":10,"key":"Du-Vu Doll"},{"floor":13,"key":"CeramicFish"},{"floor":23,"key":"Pear"},{"floor":25,"key":"StrikeDummy"},{"floor":26,"key":"Kunai"}],"event_choices":[{"cards_removed":["jesterMod:Placebo"],"damage_healed":32,"gold_gain":0,"player_choice":"Offered Rare","damage_taken":0,"max_hp_gain":10,"max_hp_loss":0,"event_name":"Bonfire Elementals","floor":8,"gold_loss":0},{"damage_healed":0,"gold_gain":0,"player_choice":"Desecrate","damage_taken":0,"max_hp_gain":0,"max_hp_loss":0,"event_name":"Elementarium:RadiantAltar","floor":20,"gold_loss":0,"cards_obtained":["Decay"]}],"is_beta":false,"boss_relics":[{"not_picked":["Astrolabe","Tiny House"],"picked":"Snecko Eye"}],"items_purged_floors":[19],"is_endless":false,"potions_floor_spawned":[2,3,7,10,13,14,16,18,22,23,25,27,28],"killed_by":"Elementarium:VoidBeast","ascension_level":4}}