{"host":"h26iowzi6bk5r55d","time":1610273591,"event":{"mods":["ATMod(阿瑾Mod)","Arknights The Spire","Aspiration","BaseMod","Colored Powertips","Conspire","Downfall","Hermit","Minty Spire (QoL Compilation)","Relic Stats","Replay The Spire","Robot Space Explorer","RumiaBox-露米娅的神秘盒子","StSLib","The Alterego","[地精首领爬塔]The Maniac","vexMod","【遗物卡牌】REMEMod"],"gold_per_floor":[114,125,50,60,19,47,47,59,59,85,96,114,127,140,140,242,242,256,270,63,81,81,81],"floor_reached":22,"playtime":1808,"items_purged":["alterego_mod:Strike","alterego_mod:Defend"],"score":252,"play_id":"c5dddf82-3d4d-4170-96fc-3e2ba1996726","local_time":"20210110181311","is_ascension_mode":false,"campfire_choices":[{"data":"AT_FamilyPortrait","floor":7,"key":"SMITH"},{"floor":15,"key":"REST"}],"circlet_count":0,"master_deck":["alterego_mod:Strike","alterego_mod:Strike","alterego_mod:Strike","alterego_mod:Defend","alterego_mod:Defend","alterego_mod:Defend","alterego_mod:Impale","alterego_mod:BigMeatyClaws","alterego_mod:BrynhildrsRune","AT_FamilyPortrait+1","AT_KingSlayer","alterego_mod:Bloomers","alterego_mod:Complex","alterego_mod:Cushion","alterego_mod:SakuraLabyrinth","alterego_mod:TrashNCrash","alterego_mod:IndependentAction","alterego_mod:TrickOrTreatment","alterego_mod:Bunnysuit","alterego_mod:MaintainEyeContact+1","alterego_mod:SakuraFive","alterego_mod:SakuraFive","conspire:Banana"],"relics":["alterego_mod:MasochisticConstitution","REME_ComplimentaryCards","AT_ATBox","NeowsBlessing","Blue Doll","Gremlin Horn","Replay:PocketPolymizer","Sozu","BargainBundle"],"acts_visited":["Exordium","TheCity"],"potions_floor_usage":[16,16,16],"damage_taken":[{"damage":1,"enemies":"Cultist","floor":1,"turns":3},{"damage":6,"enemies":"Jaw Worm","floor":2,"turns":2},{"damage":3,"enemies":"Small Slimes","floor":4,"turns":3},{"damage":47,"enemies":"3 Sentries","floor":6,"turns":12},{"damage":18,"enemies":"2 Fungi Beasts","floor":8,"turns":7},{"damage":3,"enemies":"Lagavulin","floor":10,"turns":6},{"damage":3,"enemies":"Looter","floor":11,"turns":4},{"damage":49,"enemies":"Exordium Wildlife","floor":12,"turns":8},{"damage":0,"enemies":"3 Louse","floor":13,"turns":5},{"damage":5,"enemies":"conspire:2 RoseBushes","floor":14,"turns":7},{"damage":37,"enemies":"Hexaghost","floor":16,"turns":7},{"damage":9,"enemies":"Chosen","floor":18,"turns":7},{"damage":36,"enemies":"Shell Parasite","floor":19,"turns":5},{"damage":39,"enemies":"Chosen and Byrds","floor":21,"turns":6},{"damage":26,"enemies":"Snecko","floor":22,"turns":4}],"seed_played":"-3626472813202218203","potions_obtained":[{"floor":1,"key":"SpeedPotion"},{"floor":2,"key":"FairyPotion"},{"floor":8,"key":"LiquidBronze"},{"floor":13,"key":"Explosive Potion"}],"is_trial":false,"path_per_floor":["M","M","$","M","$","E","R","M","T","E","M","M","M","M","R","B",null,"M","M","$","M","M"],"character_chosen":"The_Alterego","items_purchased":["alterego_mod:Cushion","BargainBundle","alterego_mod:MaintainEyeContact+1","alterego_mod:SakuraFive","conspire:Banana"],"campfire_rested":1,"item_purchase_floors":[5,20,20,20,20],"current_hp_per_floor":[70,65,65,63,63,24,24,14,14,19,17,3,10,20,44,13,81,80,49,49,12,0,0],"gold":81,"neow_bonus":"THREE_ENEMY_KILL","is_daily":false,"chose_seed":false,"campfire_upgraded":1,"win_rate":0.0,"timestamp":1610273591,"path_taken":["M","M","?","M","?","E","R","M","T","E","M","M","M","M","R","BOSS","M","M","$","M","M"],"items_purchased_type":["Card","Relic","Card","Card","Card"],"build_version":"2020-12-22","purchased_purges":2,"victory":false,"max_hp_per_floor":[71,72,72,73,73,74,74,75,75,76,77,79,79,80,80,81,81,82,83,83,85,86,86],"relic_stats":{"Sozu":1,"Gremlin Horn":[5,5],"counters":[15,86],"obtain_stats":[{"Sozu":17,"alterego_mod:MasochisticConstitution":0,"BargainBundle":20,"AT_ATBox":0,"Replay:PocketPolymizer":10,"NeowsBlessing":0,"Gremlin Horn":9,"Blue Doll":6,"REME_ComplimentaryCards":0},{"Sozu":11,"alterego_mod:MasochisticConstitution":0,"BargainBundle":13,"AT_ATBox":0,"Replay:PocketPolymizer":6,"NeowsBlessing":0,"Gremlin Horn":5,"Blue Doll":4,"REME_ComplimentaryCards":0},{"Sozu":64,"alterego_mod:MasochisticConstitution":0,"BargainBundle":76,"AT_ATBox":0,"Replay:PocketPolymizer":33,"NeowsBlessing":0,"Gremlin Horn":27,"Blue Doll":20,"REME_ComplimentaryCards":0}]},"card_choices":[{"not_picked":["alterego_mod:Cushion","alterego_mod:1TonWallop"],"picked":"alterego_mod:Bloomers","floor":1},{"not_picked":["alterego_mod:PerceptionDisorder","alterego_mod:Maid"],"picked":"alterego_mod:Complex","floor":2},{"not_picked":["alterego_mod:BiFurious","alterego_mod:Maid","alterego_mod:Cycle"],"picked":"SKIP","floor":4},{"not_picked":["alterego_mod:Exercise","alterego_mod:DestructionOfProperty","alterego_mod:Crossover"],"picked":"SKIP","floor":6},{"not_picked":["alterego_mod:DeftHands","alterego_mod:InsideBaseball"],"picked":"alterego_mod:SakuraLabyrinth","floor":8},{"not_picked":["alterego_mod:BoobPocket","alterego_mod:Cushion"],"picked":"alterego_mod:TrashNCrash","floor":10},{"not_picked":["alterego_mod:SakuraLabyrinth","alterego_mod:TrashNCrash","alterego_mod:Maid"],"picked":"SKIP","floor":11},{"not_picked":["alterego_mod:SuperDuperMasochism","alterego_mod:BustOut","alterego_mod:Complex"],"picked":"SKIP","floor":12},{"not_picked":["alterego_mod:Rip","alterego_mod:MaintainEyeContact"],"picked":"alterego_mod:IndependentAction","floor":13},{"not_picked":["alterego_mod:Crossover","alterego_mod:Clap","alterego_mod:Rip"],"picked":"SKIP","floor":14},{"not_picked":["alterego_mod:Lift","alterego_mod:ClassAdvantage"],"picked":"alterego_mod:TrickOrTreatment","floor":16},{"not_picked":["alterego_mod:Complex","alterego_mod:HighServant","alterego_mod:Belts"],"picked":"SKIP","floor":18},{"not_picked":["alterego_mod:TrashNCrash","alterego_mod:Valentines"],"picked":"alterego_mod:Bunnysuit","floor":19},{"not_picked":["alterego_mod:SuperDuperMasochism","alterego_mod:Cycle+1","alterego_mod:IndependentAction"],"picked":"SKIP","floor":21}],"player_experience":287964,"relics_obtained":[{"floor":6,"key":"Blue Doll"},{"floor":9,"key":"Gremlin Horn"},{"floor":10,"key":"Replay:PocketPolymizer"}],"event_choices":[],"is_beta":false,"boss_relics":[{"not_picked":["Cursed Key","SoulBox"],"picked":"Sozu"}],"items_purged_floors":[3,20],"is_endless":false,"potions_floor_spawned":[1,2,8,13,21],"killed_by":"Snecko","ascension_level":0}}