{"host":"07e1k1rk6c4zn0bu","time":1610237160,"event":{"mods":["AchievementEnabler","BaseMod","Bestiary","Colored Map","Colored Powertips","DeckTracker","Minty Spire (QoL Compilation)"],"gold_per_floor":[112,112,60,79,179,179,208,226,302,314,18,31,42,7,7,103,103,115,115,115,127,127,127],"floor_reached":22,"playtime":883,"items_purged":[],"score":211,"play_id":"e422c573-5822-401b-80cc-b2e57172b065","local_time":"20210109190600","is_ascension_mode":false,"campfire_choices":[{"data":"Bouncing Flask","floor":6,"key":"SMITH"},{"data":"Noxious Fumes","floor":15,"key":"SMITH"}],"circlet_count":0,"master_deck":["Strike_G","Strike_G","Strike_G","Strike_G","Strike_G","Defend_G+1","Defend_G","Defend_G+1","Defend_G","Defend_G","Survivor","Neutralize","Bouncing Flask+1","Poisoned Stab","Deadly Poison","Bouncing Flask","Bouncing Flask","Transmutation","Good Instincts","Dagger Spray","Prepared","Noxious Fumes+1","A Thousand Cuts","CurseOfTheBell","Dagger Spray+1","Deadly Poison"],"relics":["Ring of the Snake","NeowsBlessing","Lantern","War Paint","Kunai","Calling Bell","Juzu Bracelet","Pocketwatch","Molten Egg 2"],"acts_visited":["Exordium","TheCity"],"potions_floor_usage":[],"damage_taken":[{"damage":0,"enemies":"Small Slimes","floor":1,"turns":1},{"damage":0,"enemies":"2 Louse","floor":4,"turns":1},{"damage":0,"enemies":"Lagavulin","floor":7,"turns":1},{"damage":6,"enemies":"Cultist","floor":8,"turns":3},{"damage":12,"enemies":"3 Louse","floor":10,"turns":2},{"damage":9,"enemies":"Red Slaver","floor":12,"turns":2},{"damage":14,"enemies":"Blue Slaver","floor":13,"turns":3},{"damage":27,"enemies":"Hexaghost","floor":16,"turns":7},{"damage":34,"enemies":"3 Byrds","floor":18,"turns":5},{"damage":2,"enemies":"Spheric Guardian","floor":21,"turns":3},{"damage":35,"enemies":"Centurion and Healer","floor":22,"turns":5}],"seed_played":"5061166306543468888","potions_obtained":[{"floor":7,"key":"SkillPotion"},{"floor":8,"key":"SkillPotion"},{"floor":16,"key":"DuplicationPotion"}],"is_trial":false,"path_per_floor":["M","?","?","M","?","R","E","M","T","M","$","M","M","?","R","B",null,"M","$","?","M","M"],"character_chosen":"THE_SILENT","items_purchased":["Transmutation","Good Instincts","Dagger Spray"],"campfire_rested":0,"item_purchase_floors":[11,11,11],"current_hp_per_floor":[70,75,75,75,75,75,75,69,69,57,57,48,34,52,52,25,75,41,41,27,25,0,0],"gold":127,"neow_bonus":"THREE_ENEMY_KILL","is_daily":false,"chose_seed":false,"campfire_upgraded":2,"win_rate":0.0,"timestamp":1610237160,"path_taken":["M","?","?","?","?","R","E","M","T","M","$","?","M","?","R","BOSS","M","$","?","M","M"],"items_purchased_type":["Card","Card","Card"],"build_version":"2020-12-22","purchased_purges":0,"victory":false,"max_hp_per_floor":[70,75,75,75,75,75,75,75,75,75,75,75,75,75,75,75,75,75,75,80,80,80,80],"card_choices":[{"not_picked":["Slice","Backflip"],"picked":"Bouncing Flask","floor":1},{"not_picked":["Slice","Flying Knee"],"picked":"Poisoned Stab","floor":4},{"not_picked":["Dagger Throw","Reflex"],"picked":"Deadly Poison","floor":7},{"not_picked":["Dodge and Roll","Doppelganger"],"picked":"Bouncing Flask","floor":8},{"not_picked":["Predator","Prepared"],"picked":"Bouncing Flask","floor":10},{"not_picked":["Quick Slash","Footwork"],"picked":"Prepared","floor":12},{"not_picked":["Flying Knee","Riddle With Holes"],"picked":"Noxious Fumes","floor":13},{"not_picked":["Bullet Time","Adrenaline"],"picked":"A Thousand Cuts","floor":16},{"not_picked":["Dagger Throw+1","Bouncing Flask"],"picked":"Dagger Spray+1","floor":18},{"not_picked":["Dagger Throw+1","Dagger Spray+1"],"picked":"Deadly Poison","floor":21}],"player_experience":23170,"relics_obtained":[{"floor":7,"key":"War Paint"},{"floor":9,"key":"Kunai"},{"floor":17,"key":"Juzu Bracelet"},{"floor":17,"key":"Pocketwatch"},{"floor":17,"key":"Molten Egg 2"}],"event_choices":[{"damage_healed":0,"gold_gain":0,"player_choice":"Donut","damage_taken":0,"max_hp_gain":5,"max_hp_loss":0,"event_name":"Big Fish","floor":2,"gold_loss":0},{"damage_healed":0,"gold_gain":0,"player_choice":"Paid Gold","damage_taken":0,"relics_obtained":["Lantern"],"max_hp_gain":0,"max_hp_loss":0,"event_name":"WeMeetAgain","floor":3,"gold_loss":52},{"damage_healed":0,"gold_gain":100,"player_choice":"Gold","damage_taken":0,"max_hp_gain":0,"max_hp_loss":0,"event_name":"Wheel of Change","floor":5,"gold_loss":0},{"damage_healed":18,"gold_gain":0,"player_choice":"Healed","damage_taken":0,"max_hp_gain":0,"max_hp_loss":0,"event_name":"The Cleric","floor":14,"gold_loss":35},{"damage_healed":0,"gold_gain":0,"player_choice":"Shed Blood","damage_taken":19,"max_hp_gain":5,"max_hp_loss":0,"event_name":"Forgotten Altar","floor":20,"gold_loss":0}],"is_beta":false,"boss_relics":[{"not_picked":["Sozu","Snecko Eye"],"picked":"Calling Bell"}],"items_purged_floors":[],"is_endless":false,"potions_floor_spawned":[7,8,16,18,21],"killed_by":"Centurion and Healer","ascension_level":0}}