{"host":"h26iowzi6bk5r55d","time":1610293335,"event":{"mods":["ATMod(阿瑾Mod)","Arknights The Spire","Aspiration","BaseMod","Colored Powertips","Conspire","Downfall","Hermit","Minty Spire (QoL Compilation)","Relic Stats","Replay The Spire","Robot Space Explorer","RumiaBox-露米娅的神秘盒子","StSLib","The Alterego","[地精首领爬塔]The Maniac","vexMod","【遗物卡牌】REMEMod"],"gold_per_floor":[109,36,36,47,23,52,62,95,146,146,22,22,40,51,51,154,154,168,35,45,64,79,114,114,114,141,141,141,218,218,235,235,340,340,353,401,419,119,133,133,167,167,167,180,195,48,48,66,66,66,66],"floor_reached":50,"playtime":2855,"items_purged":["RobotSpaceExplorer:Strike","Writhe"],"score":872,"play_id":"447c6060-4c47-4c3b-af04-740e25086c14","local_time":"20210110234215","is_ascension_mode":false,"campfire_choices":[{"data":"RobotSpaceExplorer:Comet","floor":10,"key":"SMITH"},{"data":"RobotSpaceExplorer:Defend","floor":15,"key":"PURGE"},{"data":"RobotSpaceExplorer:Accelerator","floor":24,"key":"SMITH"},{"floor":30,"key":"REST"},{"floor":32,"key":"REST"},{"floor":40,"key":"RECALL"},{"data":"RobotSpaceExplorer:StarDust","floor":42,"key":"SMITH"},{"data":"ReplayTheSpireMod:Splinters","floor":49,"key":"PURGE"},{"data":"RobotSpaceExplorer:Strike","floor":49,"key":"PURGE"}],"circlet_count":0,"master_deck":["RobotSpaceExplorer:Strike","RobotSpaceExplorer:Strike+1","RobotSpaceExplorer:Defend","RobotSpaceExplorer:Defend","RobotSpaceExplorer:Scan","RobotSpaceExplorer:MiniLasers+1","AT_TwilightShroud","RobotSpaceExplorer:Probe","RobotSpaceExplorer:Jetpack","RobotSpaceExplorer:Defend","RobotSpaceExplorer:ScrapMissile","RobotSpaceExplorer:MiniDrones","RobotSpaceExplorer:Comet+1","RobotSpaceExplorer:IronShell","RobotSpaceExplorer:Counterblock","RobotSpaceExplorer:StarDust","RobotSpaceExplorer:MiniBoosters","RobotSpaceExplorer:Accelerator+1","RobotSpaceExplorer:ScrapMissile","RobotSpaceExplorer:StarDust+1","RobotSpaceExplorer:DoubleFind+1","RobotSpaceExplorer:StarDust","RobotSpaceExplorer:PlasmaMissile","RobotSpaceExplorer:ScrapToss+1","RobotSpaceExplorer:StunGrenade+1","RobotSpaceExplorer:ScrapMissile","RobotSpaceExplorer:Comet","RobotSpaceExplorer:GlueShot","RobotSpaceExplorer:Pulsar+1","RobotSpaceExplorer:Probe+1","Parasite","RobotSpaceExplorer:StarLightning"],"relics":["RobotSpaceExplorer:RoboCore","REME_ComplimentaryCards","AT_ATBox","NeowsBlessing","aspiration:Lifesprig","Vajra","AT_RedTearstoneRing","ReplayFunnel","GodSword4","Black Star","Baka2","REME_HourglassOfDeath","MagicDraw2","Tiny Chest","Juzu Bracelet","AT_SunfireAegis","aspiration:FrozenJewel","Ccalipers","Calling Bell","REME_HandOfSuture","ReplayTheSpireMod:Ninjato","vexMod:PlasmaPancake","Whetstone","AT_SilvercatRing","Gremlin Food","vexMod:InvisibilityCloak","RobotSpaceExplorer:FoglandsKnife"],"acts_visited":["Exordium","TheCity","TheBeyond"],"potions_floor_usage":[18,22,37,50,50],"damage_taken":[{"damage":0,"enemies":"Small Slimes","floor":1,"turns":1},{"damage":0,"enemies":"Cultist","floor":4,"turns":4},{"damage":0,"enemies":"3 Sentries","floor":6,"turns":1},{"damage":0,"enemies":"Jaw Worm","floor":7,"turns":3},{"damage":0,"enemies":"Lagavulin","floor":8,"turns":2},{"damage":0,"enemies":"3 Louse","floor":13,"turns":3},{"damage":0,"enemies":"2 Fungi Beasts","floor":14,"turns":2},{"damage":3,"enemies":"Hexaghost","floor":16,"turns":9},{"damage":7,"enemies":"Chosen","floor":18,"turns":3},{"damage":8,"enemies":"3 Byrds","floor":20,"turns":3},{"damage":1,"enemies":"Cultist and Chosen","floor":21,"turns":3},{"damage":72,"enemies":"Snake Plant","floor":22,"turns":5},{"damage":2,"enemies":"Slavers","floor":23,"turns":4},{"damage":14,"enemies":"Book of Stabbing","floor":25,"turns":5},{"damage":13,"enemies":"Snecko","floor":31,"turns":6},{"damage":2,"enemies":"Pondfish","floor":33,"turns":7},{"damage":0,"enemies":"3 Darklings","floor":35,"turns":2},{"damage":13,"enemies":"Orb Walker","floor":37,"turns":3},{"damage":0,"enemies":"Writhing Mass","floor":39,"turns":5},{"damage":16,"enemies":"R_Hoarder","floor":41,"turns":8},{"damage":47,"enemies":"Transient","floor":44,"turns":5},{"damage":0,"enemies":"Maw","floor":45,"turns":4},{"damage":0,"enemies":"3 Darklings","floor":48,"turns":1},{"damage":62,"enemies":"conspire:OrnateMirror","floor":50,"turns":3}],"seed_played":"-9041423574281962996","potions_obtained":[{"floor":7,"key":"SteroidPotion"},{"floor":8,"key":"SneckoOil"},{"floor":13,"key":"Elixir"},{"floor":20,"key":"SteroidPotion"},{"floor":22,"key":"Milkshake"},{"floor":35,"key":"champ:CounterPotion"},{"floor":39,"key":"Milkshake"}],"is_trial":false,"path_per_floor":["M","$","?","M","$","E","M","E","T","R","$","?","M","M","R","B",null,"M","$","M","M","M","E","R","E","T","?","?","?","R","M","R","B",null,"M","T","M","$","M","R","E","R","T","M","M","$","?","M","R","B"],"character_chosen":"RobotSpaceExplorer","items_purchased":["RobotSpaceExplorer:Jetpack","RobotSpaceExplorer:MiniDrones","RobotSpaceExplorer:Counterblock","RobotSpaceExplorer:StarDust","RobotSpaceExplorer:DoubleFind+1","RobotSpaceExplorer:Probe","Whetstone","RobotSpaceExplorer:FoglandsKnife"],"campfire_rested":2,"item_purchase_floors":[2,5,11,19,19,38,38,46],"current_hp_per_floor":[75,75,75,75,75,75,75,75,75,75,75,68,68,68,68,65,105,98,98,90,89,53,51,51,37,37,37,37,11,42,29,60,58,111,111,111,111,111,111,111,104,104,104,57,57,57,57,57,57,0,0],"gold":66,"neow_bonus":"THREE_ENEMY_KILL","is_daily":false,"chose_seed":false,"campfire_upgraded":3,"win_rate":0.0,"timestamp":1610293335,"path_taken":["M","$","?","M","$","E","?","E","T","R","?","?","M","M","R","BOSS","M","$","M","M","M","E","R","E","T","?","?","?","R","M","R","BOSS","M","?","M","$","M","R","E","R","T","M","M","$","?","M","R","BOSS"],"items_purchased_type":["Card","Card","Card","Card","Card","Card","Relic","Relic"],"build_version":"2020-12-22","purchased_purges":2,"victory":false,"max_hp_per_floor":[75,75,75,105,105,105,105,105,105,105,105,105,105,105,105,105,105,105,105,105,105,105,105,105,105,105,105,105,105,105,105,105,105,111,111,111,111,111,111,111,111,111,111,111,111,111,105,105,105,105,105],"relic_stats":{"counters":[24,92],"Tiny Chest":1,"Black Star":3,"Juzu Bracelet":1,"Whetstone":["RobotSpaceExplorer:Probe","RobotSpaceExplorer:MiniLasers"],"obtain_stats":[{"ReplayFunnel":9,"vexMod:PlasmaPancake":34,"aspiration:Lifesprig":6,"AT_ATBox":0,"Vajra":6,"Juzu Bracelet":25,"Whetstone":38,"MagicDraw2":23,"vexMod:InvisibilityCloak":43,"Baka2":20,"Ccalipers":28,"Tiny Chest":25,"Gremlin Food":41,"AT_RedTearstoneRing":8,"ReplayTheSpireMod:Ninjato":34,"NeowsBlessing":0,"RobotSpaceExplorer:RoboCore":0,"Baka":1,"AT_SilvercatRing":41,"aspiration:FrozenJewel":27,"Calling Bell":34,"RobotSpaceExplorer:FoglandsKnife":46,"REME_HourglassOfDeath":23,"REME_HandOfSuture":34,"Black Star":17,"GodSword4":12,"AT_SunfireAegis":26,"REME_ComplimentaryCards":0},{"ReplayFunnel":5,"vexMod:PlasmaPancake":16,"aspiration:Lifesprig":3,"AT_ATBox":0,"Vajra":3,"Juzu Bracelet":14,"Whetstone":18,"MagicDraw2":13,"vexMod:InvisibilityCloak":20,"Baka2":10,"Ccalipers":14,"Tiny Chest":14,"Gremlin Food":20,"AT_RedTearstoneRing":5,"ReplayTheSpireMod:Ninjato":16,"NeowsBlessing":0,"RobotSpaceExplorer:RoboCore":0,"Baka":1,"AT_SilvercatRing":20,"aspiration:FrozenJewel":14,"Calling Bell":16,"RobotSpaceExplorer:FoglandsKnife":22,"REME_HourglassOfDeath":13,"REME_HandOfSuture":16,"Black Star":8,"GodSword4":5,"AT_SunfireAegis":14,"REME_ComplimentaryCards":0},{"ReplayFunnel":11,"vexMod:PlasmaPancake":61,"aspiration:Lifesprig":6,"AT_ATBox":0,"Vajra":6,"Juzu Bracelet":48,"Whetstone":66,"MagicDraw2":43,"vexMod:InvisibilityCloak":79,"Baka2":31,"Ccalipers":48,"Tiny Chest":48,"Gremlin Food":79,"AT_RedTearstoneRing":11,"ReplayTheSpireMod:Ninjato":61,"NeowsBlessing":0,"RobotSpaceExplorer:RoboCore":0,"Baka":1,"AT_SilvercatRing":79,"aspiration:FrozenJewel":48,"Calling Bell":61,"RobotSpaceExplorer:FoglandsKnife":88,"REME_HourglassOfDeath":43,"REME_HandOfSuture":61,"Black Star":25,"GodSword4":11,"AT_SunfireAegis":48,"REME_ComplimentaryCards":0}]},"card_choices":[{"not_picked":["RobotSpaceExplorer:Counterblock","RobotSpaceExplorer:Pulsar"],"picked":"RobotSpaceExplorer:Probe","floor":1},{"not_picked":["RobotSpaceExplorer:ScrapShield","RobotSpaceExplorer:Electropulse"],"picked":"RobotSpaceExplorer:ScrapMissile","floor":4},{"not_picked":["RobotSpaceExplorer:ScrapShield","RobotSpaceExplorer:SlimeMissile","RobotSpaceExplorer:ImprovisedAttack"],"picked":"SKIP","floor":6},{"not_picked":["RobotSpaceExplorer:SurgingShield","RobotSpaceExplorer:ScrapToss"],"picked":"RobotSpaceExplorer:Comet","floor":7},{"not_picked":["RobotSpaceExplorer:MetalStrike","RobotSpaceExplorer:PowerGlove"],"picked":"RobotSpaceExplorer:IronShell","floor":8},{"not_picked":["RobotSpaceExplorer:FranticSearch","RobotSpaceExplorer:ShockKick"],"picked":"RobotSpaceExplorer:StarDust","floor":13},{"not_picked":["RobotSpaceExplorer:Ammunition","RobotSpaceExplorer:ExhaustFan"],"picked":"RobotSpaceExplorer:MiniBoosters","floor":14},{"not_picked":["RobotSpaceExplorer:DroneSwarm","RobotSpaceExplorer:Autoloader"],"picked":"RobotSpaceExplorer:Accelerator","floor":16},{"not_picked":["RobotSpaceExplorer:LaserBurst","RobotSpaceExplorer:MetalStrike"],"picked":"RobotSpaceExplorer:ScrapMissile","floor":18},{"not_picked":["RobotSpaceExplorer:MiniDrones","RobotSpaceExplorer:Counterblock","RobotSpaceExplorer:Ammunition"],"picked":"SKIP","floor":20},{"not_picked":["RobotSpaceExplorer:SelfCleaning+1","RobotSpaceExplorer:Electroshield+1"],"picked":"RobotSpaceExplorer:PlasmaMissile","floor":21},{"not_picked":["RobotSpaceExplorer:GlueShot+1","RobotSpaceExplorer:ImprovisedAttack","RobotSpaceExplorer:MiniDrones"],"picked":"SKIP","floor":22},{"not_picked":["RobotSpaceExplorer:Electropulse","RobotSpaceExplorer:Ammunition+1"],"picked":"RobotSpaceExplorer:ScrapToss+1","floor":23},{"not_picked":["RobotSpaceExplorer:ImprovisedAttack","RobotSpaceExplorer:SelfCleaning+1","RobotSpaceExplorer:ShockKick+1"],"picked":"SKIP","floor":25},{"not_picked":["RobotSpaceExplorer:TrailblazerForm","RobotSpaceExplorer:FrostMissile"],"picked":"RobotSpaceExplorer:StunGrenade+1","floor":29},{"not_picked":["RobotSpaceExplorer:ShovelStrike","RobotSpaceExplorer:SwiftStep"],"picked":"RobotSpaceExplorer:ScrapMissile","floor":29},{"not_picked":["RobotSpaceExplorer:SwiftStep","RobotSpaceExplorer:FreezingShield","RobotSpaceExplorer:ShockKick"],"picked":"SKIP","floor":31},{"not_picked":["RobotSpaceExplorer:Asteroid","RobotSpaceExplorer:Wormhole"],"picked":"RobotSpaceExplorer:Comet","floor":33},{"not_picked":["RobotSpaceExplorer:FrostMissile","RobotSpaceExplorer:ImprovisedAttack+1"],"picked":"RobotSpaceExplorer:GlueShot","floor":35},{"not_picked":["RobotSpaceExplorer:Counterblock","RobotSpaceExplorer:Probe"],"picked":"RobotSpaceExplorer:Pulsar+1","floor":37},{"not_picked":["RobotSpaceExplorer:LaserBurst","RobotSpaceExplorer:MiniDrones+1","RobotSpaceExplorer:RigExplosive+1"],"picked":"SKIP","floor":39},{"not_picked":["RobotSpaceExplorer:TrailblazerForm","RobotSpaceExplorer:GearShield+1"],"picked":"RobotSpaceExplorer:StarLightning","floor":41},{"not_picked":["RobotSpaceExplorer:SurgingStrike+1","RobotSpaceExplorer:Pulsar","RobotSpaceExplorer:GlueSpray+1"],"picked":"SKIP","floor":44},{"not_picked":["RobotSpaceExplorer:SurgingShield","RobotSpaceExplorer:ExhaustFan+1","RobotSpaceExplorer:Probe"],"picked":"SKIP","floor":45},{"not_picked":["RobotSpaceExplorer:SlimeMissile","RobotSpaceExplorer:Ammunition","RobotSpaceExplorer:ImprovisedAttack"],"picked":"SKIP","floor":48}],"player_experience":297057,"relics_obtained":[{"floor":1,"key":"Baka"},{"floor":6,"key":"aspiration:Lifesprig"},{"floor":6,"key":"Vajra"},{"floor":8,"key":"AT_RedTearstoneRing"},{"floor":9,"key":"ReplayFunnel"},{"floor":20,"key":"Baka2"},{"floor":23,"key":"REME_HourglassOfDeath"},{"floor":23,"key":"MagicDraw2"},{"floor":25,"key":"Tiny Chest"},{"floor":25,"key":"Juzu Bracelet"},{"floor":26,"key":"AT_SunfireAegis"},{"floor":34,"key":"REME_HandOfSuture"},{"floor":34,"key":"ReplayTheSpireMod:Ninjato"},{"floor":34,"key":"vexMod:PlasmaPancake"},{"floor":41,"key":"AT_SilvercatRing"},{"floor":41,"key":"Gremlin Food"},{"floor":43,"key":"vexMod:InvisibilityCloak"}],"event_choices":[{"damage_healed":0,"gold_gain":0,"player_choice":"Success","damage_taken":7,"relics_obtained":["GodSword4"],"max_hp_gain":0,"max_hp_loss":0,"event_name":"Scrap Ooze","floor":12,"gold_loss":0},{"damage_healed":0,"gold_gain":0,"player_choice":"Gave Potion","damage_taken":0,"relics_obtained":["Ccalipers"],"max_hp_gain":0,"max_hp_loss":0,"event_name":"WeMeetAgain","floor":28,"gold_loss":0},{"damage_healed":0,"gold_gain":0,"player_choice":"Max HP","damage_taken":0,"max_hp_gain":0,"max_hp_loss":6,"event_name":"Winding Halls","floor":47,"gold_loss":0}],"is_beta":false,"boss_relics":[{"not_picked":["AddBug","vexMod:ImprovementManual"],"picked":"Black Star"},{"not_picked":["Replay:Bronze Core","SacredBark"],"picked":"Calling Bell"}],"items_purged_floors":[11,38],"is_endless":false,"potions_floor_spawned":[7,8,13,14,20,22,23,35,39,44],"killed_by":"conspire:OrnateMirror","ascension_level":0}}