{"host":"konjmgczbcns2r3g","time":1610299892,"event":{"mods":["AchievementEnabler","BaseMod","Colored Powertips","Hermit","Infinite Spire","Koishi","Marisa????????","Minty Spire (QoL Compilation)","Replay The Spire","StSLib","The Cursed","The Necromancer","The Servant 0.9.4"],"gold_per_floor":[119,134,214,230,66,85,85,119,143,161,161,161],"floor_reached":11,"playtime":1783,"items_purged":[],"score":75,"play_id":"a954d06d-fa5b-4faa-8434-4ffaeea0b03d","local_time":"20210110123132","is_ascension_mode":false,"campfire_choices":[{"floor":7,"key":"RECALL"}],"circlet_count":0,"master_deck":["Koishi:BasicStrike","Koishi:BasicStrike","Koishi:BasicStrike","Koishi:BasicStrike","Koishi:BasicDefend","Koishi:BasicDefend","Koishi:BasicDefend","Koishi:BasicDefend","Koishi:Provoke","Koishi:HauntingSlash","Koishi:SubconsciousSweep","Koishi:Bloodlust","Koishi:PhantomBarrier","Koishi:SilentAndRestless","Koishi:YoukaiPolygraph","Koishi:UnconsciousUprising","Koishi:SubterraneanRose"],"relics":["Koishi:ImaginaryFriend","Potion Belt"],"acts_visited":["Exordium"],"potions_floor_usage":[11,11,11],"damage_taken":[{"damage":2,"enemies":"Small Slimes","floor":1,"turns":4},{"damage":0,"enemies":"2 Louse","floor":2,"turns":2},{"damage":9,"enemies":"Cultist","floor":4,"turns":4},{"damage":1,"enemies":"2 Fungi Beasts","floor":6,"turns":3},{"damage":16,"enemies":"3 Sentries","floor":8,"turns":7},{"damage":0,"enemies":"Exordium Wildlife","floor":10,"turns":3},{"damage":47,"enemies":"Gremlin Nob","floor":11,"turns":5}],"seed_played":"5073409459429098450","potions_obtained":[{"floor":4,"key":"Explosive Potion"},{"floor":6,"key":"Adrenaline Potion"},{"floor":8,"key":"Adrenaline Potion"}],"is_trial":false,"path_per_floor":["M","M","?","M","$","M","R","E","T","M","E"],"character_chosen":"KOISHI","items_purchased":["Koishi:SilentAndRestless"],"campfire_rested":0,"item_purchase_floors":[5],"current_hp_per_floor":[66,66,66,58,58,58,58,42,42,43,0,0],"gold":161,"neow_bonus":"TEN_PERCENT_HP_BONUS","is_daily":false,"chose_seed":false,"campfire_upgraded":0,"win_rate":0.0,"timestamp":1610299892,"path_taken":["M","M","?","M","$","M","R","E","T","M","E"],"items_purchased_type":["Card"],"build_version":"2020-12-22","purchased_purges":0,"victory":false,"max_hp_per_floor":[66,66,66,66,66,66,66,66,66,66,66,66],"card_choices":[{"not_picked":["Koishi:ReflexRadar","Koishi:BloodcurdlingScream"],"picked":"Koishi:SubconsciousSweep","floor":1},{"not_picked":["Koishi:StingingMind","Koishi:ReflexRadar"],"picked":"Koishi:Bloodlust","floor":2},{"not_picked":["Koishi:MindNumbingTerror","Koishi:Jaunt"],"picked":"Koishi:PhantomBarrier","floor":4},{"not_picked":["Koishi:HeartfeltFancy","Koishi:PhilosophyOfTheDespised"],"picked":"Koishi:YoukaiPolygraph","floor":6},{"not_picked":["Koishi:TraumaticStroke","Koishi:BloodcurdlingScream"],"picked":"Koishi:UnconsciousUprising","floor":8},{"not_picked":["Koishi:EmbryosDream","Koishi:StingingMind"],"picked":"Koishi:SubterraneanRose","floor":10}],"player_experience":303151,"relics_obtained":[{"floor":8,"key":"Potion Belt"}],"event_choices":[],"is_beta":false,"boss_relics":[],"items_purged_floors":[],"is_endless":false,"potions_floor_spawned":[4,6,8],"killed_by":"Gremlin Nob","ascension_level":0}}