{"host":"ydujlihd8f5px9gp","time":1610280071,"event":{"mods":["AchievementEnabler","BaseMod","Block Reminder","Colored Map","Minty Spire (QoL Compilation)","ojb\u0027s Info Mod"],"gold_per_floor":[117,117,127,141,161,188,188,65,110,130,144,164,219,29,29,124,124,143,123,134,147,147,147],"floor_reached":22,"playtime":1189,"items_purged":[],"score":200,"play_id":"74078d74-4903-45b8-931a-9f35ac4076e3","local_time":"20210110100111","is_ascension_mode":true,"campfire_choices":[{"data":"Bouncing Flask","floor":7,"key":"SMITH"},{"floor":15,"key":"REST"}],"circlet_count":0,"master_deck":["Strike_G","Strike_G","Strike_G","Strike_G","Strike_G","Defend_G","Defend_G","Defend_G","Defend_G","Defend_G","Survivor","Neutralize","Die Die Die","Leg Sweep","Bouncing Flask+1","Cloak And Dagger","Infinite Blades","Heel Hook","Cloak And Dagger","Infinite Blades","Envenom","Accuracy+1","Infinite Blades"],"relics":["Ring of the Serpent","Shuriken","Boot","Tiny Chest","Lantern"],"acts_visited":["Exordium","TheCity"],"potions_floor_usage":[6,6,10,13,16,16,16,21,21],"damage_taken":[{"damage":0,"enemies":"2 Louse","floor":1,"turns":2},{"damage":0,"enemies":"Cultist","floor":3,"turns":3},{"damage":0,"enemies":"Small Slimes","floor":4,"turns":1},{"damage":1,"enemies":"Blue Slaver","floor":5,"turns":4},{"damage":21,"enemies":"Lagavulin","floor":6,"turns":6},{"damage":19,"enemies":"Gremlin Gang","floor":10,"turns":4},{"damage":0,"enemies":"Red Slaver","floor":11,"turns":3},{"damage":0,"enemies":"Lots of Slimes","floor":12,"turns":1},{"damage":0,"enemies":"3 Sentries","floor":13,"turns":7},{"damage":20,"enemies":"Hexaghost","floor":16,"turns":8},{"damage":24,"enemies":"Spheric Guardian","floor":18,"turns":6},{"damage":2,"enemies":"Shell Parasite","floor":20,"turns":5},{"damage":35,"enemies":"3 Cultists","floor":21,"turns":4},{"damage":3,"enemies":"Shelled Parasite and Fungi","floor":22,"turns":4}],"seed_played":"-1195313162623290970","potions_obtained":[{"floor":3,"key":"DuplicationPotion"},{"floor":5,"key":"EntropicBrew"},{"floor":10,"key":"EssenceOfSteel"},{"floor":19,"key":"Explosive Potion"},{"floor":21,"key":"FearPotion"}],"is_trial":false,"path_per_floor":["M","?","M","M","M","E","R","$","T","M","M","M","?","$","R","B",null,"M","?","M","M","M"],"character_chosen":"THE_SILENT","items_purchased":["Cloak And Dagger","Infinite Blades","Infinite Blades","Lantern"],"campfire_rested":1,"item_purchase_floors":[8,8,14,14],"current_hp_per_floor":[70,70,70,70,69,48,48,48,48,29,29,29,29,29,50,30,70,46,46,44,9,6,6],"gold":147,"neow_bonus":"ONE_RANDOM_RARE_CARD","is_daily":false,"chose_seed":false,"campfire_upgraded":1,"win_rate":0.0,"timestamp":1610280071,"path_taken":["M","?","M","M","?","E","R","$","T","M","M","M","?","$","R","BOSS","M","?","?","M","M"],"items_purchased_type":["Card","Card","Card","Relic"],"build_version":"2020-12-22","purchased_purges":0,"victory":false,"max_hp_per_floor":[70,70,70,70,70,70,70,70,70,70,70,70,70,70,70,70,70,70,70,70,70,70,70],"card_choices":[{"not_picked":["Outmaneuver","Slice","Prepared"],"picked":"SKIP","floor":1},{"not_picked":["Predator","All Out Attack"],"picked":"Leg Sweep","floor":3},{"not_picked":["Terror","Dagger Spray"],"picked":"Bouncing Flask","floor":4},{"not_picked":["Blur","Dagger Throw","Prepared"],"picked":"SKIP","floor":5},{"not_picked":["Masterful Stab","Escape Plan","Deadly Poison"],"picked":"SKIP","floor":6},{"not_picked":["Setup","Backflip"],"picked":"Heel Hook","floor":10},{"not_picked":["Bane","Blur"],"picked":"Cloak And Dagger","floor":11},{"not_picked":["Grand Finale","Dodge and Roll","Escape Plan"],"picked":"SKIP","floor":12},{"not_picked":["Venomology","Malaise"],"picked":"Envenom","floor":16},{"not_picked":["Deadly Poison","Bouncing Flask+1"],"picked":"Accuracy+1","floor":18},{"not_picked":["Flying Knee+1","Underhanded Strike+1"],"picked":"Infinite Blades","floor":20},{"not_picked":["Caltrops","Predator+1","Well Laid Plans+1"],"picked":"SKIP","floor":21}],"player_experience":110679,"relics_obtained":[{"floor":6,"key":"Shuriken"},{"floor":9,"key":"Boot"},{"floor":13,"key":"Tiny Chest"}],"event_choices":[{"damage_healed":0,"gold_gain":0,"player_choice":"Leave","damage_taken":0,"max_hp_gain":0,"max_hp_loss":0,"event_name":"FaceTrader","floor":2,"gold_loss":0},{"damage_healed":0,"gold_gain":0,"player_choice":"Searched \u00271\u0027 times","damage_taken":0,"max_hp_gain":0,"max_hp_loss":0,"event_name":"Dead Adventurer","floor":13,"gold_loss":0},{"damage_healed":0,"gold_gain":0,"player_choice":"Bought 1 Potion","damage_taken":0,"max_hp_gain":0,"max_hp_loss":0,"event_name":"The Woman in Blue","floor":19,"gold_loss":0}],"is_beta":false,"boss_relics":[{"not_picked":["SacredBark","Sozu"],"picked":"Ring of the Serpent"}],"items_purged_floors":[],"is_endless":false,"potions_floor_spawned":[3,5,10,20,21],"killed_by":"Shelled Parasite and Fungi","ascension_level":1}}