{"host":"ayh4nqhr0ddw4ozv","time":1610248689,"event":{"mods":["BaseMod","Minty Spire (QoL Compilation)","Relic Stats","Replay The Spire","Robot Space Explorer","StSLib"],"gold_per_floor":[114,131,131,144,157,192,192,221,221,251,263,263,263],"floor_reached":12,"playtime":655,"items_purged":[],"score":165,"play_id":"fc80deec-95ed-4362-8558-14c4b04c6c9b","local_time":"20210109191809","is_ascension_mode":true,"campfire_choices":[{"data":"Fiend Fire","floor":7,"key":"SMITH"}],"circlet_count":0,"master_deck":["AscendersBane","Strike_R","Strike_R","Strike_R","Strike_R","Strike_R","Defend_R","Defend_R","Defend_R","Defend_R","Bash","Fiend Fire+1","Thunderclap","Ghostly Armor","Uppercut","Feed","Pot Of Greed","Pot Of Greed","Blood for Blood"],"relics":["Burning Blood","SsserpentHead","Grinning Jar","Garlic","Peace Pipe","WingedGreaves"],"acts_visited":["Exordium"],"potions_floor_usage":[6,10,12],"damage_taken":[{"damage":0,"enemies":"Cultist","floor":1,"turns":2},{"damage":2,"enemies":"Jaw Worm","floor":2,"turns":3},{"damage":7,"enemies":"2 Louse","floor":4,"turns":3},{"damage":17,"enemies":"Exordium Thugs","floor":5,"turns":5},{"damage":30,"enemies":"3 Sentries","floor":6,"turns":7},{"damage":23,"enemies":"Gremlin Nob","floor":8,"turns":4},{"damage":20,"enemies":"Lagavulin","floor":10,"turns":8},{"damage":0,"enemies":"Red Slaver","floor":11,"turns":1},{"damage":18,"enemies":"3 Sentries","floor":12,"turns":4}],"seed_played":"-5356535491729884853","potions_obtained":[{"floor":4,"key":"Swift Potion"},{"floor":5,"key":"Reflective Coating"},{"floor":8,"key":"Flashbang"}],"is_trial":false,"path_per_floor":["M","M","?","M","M","E","R","E","T","E","M","E"],"character_chosen":"IRONCLAD","items_purchased":[],"campfire_rested":0,"item_purchase_floors":[],"current_hp_per_floor":[72,72,72,71,60,39,39,25,25,11,17,0,0],"gold":263,"neow_bonus":"THREE_RARE_CARDS","is_daily":false,"chose_seed":false,"campfire_upgraded":1,"win_rate":0.0,"timestamp":1610248689,"path_taken":["M","M","?","M","M","E","R","E","T","E","M","E"],"items_purchased_type":[],"build_version":"2020-12-22","purchased_purges":0,"victory":false,"max_hp_per_floor":[72,72,72,72,72,75,75,78,78,78,78,78,78],"relic_stats":{"Peace Pipe":0,"SsserpentHead":0,"counters":[9,37],"obtain_stats":[{"Peace Pipe":9,"SsserpentHead":3,"WingedGreaves":10,"Garlic":8,"Grinning Jar":6,"Burning Blood":0},{"Peace Pipe":6,"SsserpentHead":2,"WingedGreaves":7,"Garlic":6,"Grinning Jar":5,"Burning Blood":0},{"Peace Pipe":24,"SsserpentHead":5,"WingedGreaves":32,"Garlic":24,"Grinning Jar":20,"Burning Blood":0}],"Burning Blood":38},"card_choices":[{"not_picked":["Demonic Infusion","Barricade"],"picked":"Fiend Fire","floor":0},{"not_picked":["Clash","Perfected Strike"],"picked":"Thunderclap","floor":1},{"not_picked":["True Grit","Heavy Blade"],"picked":"Ghostly Armor","floor":2},{"not_picked":["Ghostly Armor","Havoc"],"picked":"Uppercut","floor":4},{"not_picked":["Warcry","Perfected Strike"],"picked":"Feed","floor":5},{"not_picked":["Perfected Strike","Sword Boomerang"],"picked":"Blood for Blood","floor":6},{"not_picked":["Headbutt","Clash","Body Slam"],"picked":"SKIP","floor":8},{"not_picked":["Pummel","Sentinel","Replay:Undeath\u0027s Touch"],"picked":"SKIP","floor":10},{"not_picked":["ReplayTheSpireMod:Strike From Hell","Twin Strike","Cleave"],"picked":"SKIP","floor":11}],"player_experience":318078,"relics_obtained":[{"floor":6,"key":"Grinning Jar"},{"floor":8,"key":"Garlic"},{"floor":9,"key":"Peace Pipe"},{"floor":10,"key":"WingedGreaves"}],"event_choices":[{"damage_healed":0,"gold_gain":0,"player_choice":"Trade","damage_taken":0,"relics_obtained":["SsserpentHead"],"max_hp_gain":0,"max_hp_loss":0,"event_name":"FaceTrader","floor":3,"gold_loss":0}],"is_beta":false,"boss_relics":[],"items_purged_floors":[],"is_endless":false,"potions_floor_spawned":[4,5,8],"killed_by":"3 Sentries","ascension_level":13}}