{"host":"avjwtc49fhlk6kym","time":1610253276,"event":{"mods":["AchievementEnabler","BaseMod","Better Match","Better Note","Better Third Choice","Colored Map","Colored Powertips","Displayed Cursed Tome","Highlight Path","Minty Spire (QoL Compilation)","Permanent Neow","Quick Restart","StSLib"],"gold_per_floor":[113,129,129,147,159,193,207,207,207],"floor_reached":8,"playtime":401,"items_purged":[],"score":60,"play_id":"f0a07d34-0149-46bd-b860-d8ec7a47c9b4","local_time":"20210109233436","is_ascension_mode":false,"campfire_choices":[],"circlet_count":0,"master_deck":["Strike_P","Strike_P","Strike_P","Defend_P","Defend_P","Defend_P","Defend_P","Eruption","Vigilance","CutThroughFate","Consecrate","PathToVictory","Protect","ReachHeaven","Evaluate"],"relics":["PureWater","Toy Ornithopter"],"acts_visited":["Exordium"],"potions_floor_usage":[6,6,8],"damage_taken":[{"damage":5,"enemies":"Small Slimes","floor":1,"turns":4},{"damage":1,"enemies":"Jaw Worm","floor":2,"turns":4},{"damage":0,"enemies":"2 Louse","floor":4,"turns":2},{"damage":2,"enemies":"Blue Slaver","floor":5,"turns":3},{"damage":8,"enemies":"3 Sentries","floor":6,"turns":6},{"damage":27,"enemies":"Large Slime","floor":7,"turns":9},{"damage":30,"enemies":"Gremlin Nob","floor":8,"turns":3}],"seed_played":"6251134083409281075","potions_obtained":[{"floor":1,"key":"FearPotion"},{"floor":4,"key":"Energy Potion"},{"floor":5,"key":"Ancient Potion"}],"is_trial":false,"path_per_floor":["M","M","?","M","M","E","M","E"],"character_chosen":"WATCHER","items_purchased":[],"campfire_rested":0,"item_purchase_floors":[],"current_hp_per_floor":[67,66,59,59,57,49,22,0,0],"gold":207,"neow_bonus":"THREE_CARDS","is_daily":false,"chose_seed":false,"campfire_upgraded":0,"win_rate":0.0,"timestamp":1610253276,"path_taken":["M","M","?","M","M","E","M","E"],"items_purchased_type":[],"build_version":"2020-12-22","purchased_purges":0,"victory":false,"max_hp_per_floor":[72,72,72,72,72,72,72,72,72],"card_choices":[{"not_picked":["EmptyBody","EmptyFist"],"picked":"CutThroughFate","floor":0},{"not_picked":["Meditate","BowlingBash"],"picked":"Consecrate","floor":1},{"not_picked":["EmptyFist","BowlingBash"],"picked":"PathToVictory","floor":2},{"not_picked":["EmptyBody","Consecrate"],"picked":"Protect","floor":4},{"not_picked":["Consecrate","Crescendo"],"picked":"ReachHeaven","floor":5},{"not_picked":["DeceiveReality","Wish","Fasting2"],"picked":"SKIP","floor":6},{"not_picked":["Weave","ThirdEye"],"picked":"Evaluate","floor":7}],"player_experience":370806,"relics_obtained":[{"floor":6,"key":"Toy Ornithopter"}],"event_choices":[{"cards_removed":["Strike_P"],"damage_healed":0,"gold_gain":0,"player_choice":"Card Removal","damage_taken":7,"max_hp_gain":0,"max_hp_loss":0,"event_name":"Golden Wing","floor":3,"gold_loss":0}],"is_beta":false,"boss_relics":[],"items_purged_floors":[],"is_endless":false,"potions_floor_spawned":[1,4,5],"killed_by":"Gremlin Nob","ascension_level":0}}