{"host":"ig7tc0uedzltt2sr","time":1610238278,"event":{"mods":["BaseMod","Better Twitch Integration","Block Reminder","Colored Map","Colored Powertips","Communication Mod","Current Relic Mod","GifTheSpireLib","HexUI Lib","Minty Spire (QoL Compilation)","Quick Restart","Random Character Button","Rare Cards Sparkle","Relic Sorter","Relic Stats","Slay the Relics Exporter","StSLib","SuperFastMode","Synergy Search","Twitch Decklist","Twitch Utils","everything is the same but u backflip on backflip","slay the spire mod where everything is the same but ironclad has a cowboy hat"],"gold_per_floor":[112,130,148,159,159,159,159],"floor_reached":6,"playtime":35,"items_purged":[],"score":38,"play_id":"4881cc15-ccfa-40ab-b4c2-13d6dd042630","local_time":"20210109162438","is_ascension_mode":false,"campfire_choices":[],"circlet_count":0,"master_deck":["Strike_R","Strike_R","Strike_R+1","Strike_R","Strike_R","Defend_R+1","Defend_R","Defend_R","Defend_R","Bash"],"relics":["Burning Blood"],"acts_visited":["Exordium"],"potions_floor_usage":[],"damage_taken":[{"damage":10,"enemies":"2 Louse","floor":1,"turns":3},{"damage":25,"enemies":"Jaw Worm","floor":2,"turns":4},{"damage":0,"enemies":"Small Slimes","floor":3,"turns":3},{"damage":38,"enemies":"Blue Slaver","floor":4,"turns":5},{"damage":36,"enemies":"Lagavulin","floor":6,"turns":3}],"seed_played":"-3994086456789922509","potions_obtained":[{"floor":4,"key":"SkillPotion"}],"is_trial":false,"path_per_floor":["M","M","M","M","?","E"],"character_chosen":"IRONCLAD","items_purchased":[],"campfire_rested":0,"item_purchase_floors":[],"current_hp_per_floor":[84,65,71,39,21,0,0],"gold":159,"neow_bonus":"TEN_PERCENT_HP_BONUS","is_daily":false,"chose_seed":false,"campfire_upgraded":0,"win_rate":0.0,"timestamp":1610238278,"path_taken":["M","M","M","M","?","E"],"items_purchased_type":[],"build_version":"2020-12-22","purchased_purges":0,"victory":false,"max_hp_per_floor":[88,88,88,88,88,88,88],"relic_stats":{"counters":[5,18],"obtain_stats":[{"Burning Blood":0},{"Burning Blood":0},{"Burning Blood":0}],"Burning Blood":24},"card_choices":[{"not_picked":["Havoc","Perfected Strike","Seeing Red"],"picked":"SKIP","floor":1},{"not_picked":["Warcry","Cleave","True Grit"],"picked":"SKIP","floor":2},{"not_picked":["Havoc","Heavy Blade","Shockwave"],"picked":"SKIP","floor":3},{"not_picked":["Cleave","Iron Wave","Body Slam"],"picked":"SKIP","floor":4}],"player_experience":1476681,"relics_obtained":[],"event_choices":[{"damage_healed":0,"gold_gain":0,"player_choice":"Entered Light","damage_taken":18,"max_hp_gain":0,"max_hp_loss":0,"event_name":"Shining Light","floor":5,"gold_loss":0,"cards_upgraded":["Defend_R","Strike_R"]}],"is_beta":false,"boss_relics":[],"items_purged_floors":[],"is_endless":false,"potions_floor_spawned":[4],"killed_by":"Lagavulin","ascension_level":0}}