{"host":"i58uscbei3sy5089","time":1610299014,"event":{"mods":["ATMod(阿瑾Mod)","Act Like it!","BaseMod","Challenge The Spire","Colored Powertips","Conspire","Infinite Spire","Koishi","Lobotomy","LobotomyExtend","Minty Spire (QoL Compilation)","MostiFishMod","Prisma Mod","Quick Restart","Replay The Spire","Shop Mod","Spicy Shops","StSLib","TestMod","The Administrix","The Construct","The Marked","UnlockEverythingMod","WarShipGirlsR/战舰少女R mod","[IsaacMod]以撒尖塔","vexMod","【功能Mod】混沌之环修复补丁","【遗物卡牌】REMEMod","篝火指南"],"gold_per_floor":[111,111,111,121,136,136,61,61,61,61,91,106,106,121,121,224,224,244,264,264,264,283,283,309,309,309,87,106,117,135,56,56,151,151,285,176,260,46,83,32,49,285,285,213,277,369,163,200,200,342],"floor_reached":51,"playtime":6755,"items_purged":["theMarked:Strike","theMarked:Strike+1","theMarked:Strike+1","theMarked:Strike+1","theMarked:Strike+1","theMarked:DispelDoubt+1","theMarked:Defy+1"],"score":1188,"play_id":"0d5d6f3f-af84-4acd-9c01-a1434253155a","local_time":"20210111011654","is_ascension_mode":true,"campfire_choices":[{"data":"After Image","floor":8,"key":"SMITH"},{"data":"AT_ShrugMaster","floor":10,"key":"SMITH"},{"data":"theMarked:Levitate","floor":15,"key":"SMITH"},{"data":"ReplayTheSpireMod:Faulty Equipment","floor":23,"key":"SMITH"},{"data":"theMarked:EternalStudent","floor":25,"key":"SMITH"},{"floor":32,"key":"RECALL"},{"floor":49,"key":"REST"}],"circlet_count":0,"master_deck":["theMarked:Defend+1","theMarked:Defend+1","theMarked:Defend+1","theMarked:Defend+1","theMarked:SoldierOfQuellstein+1","After Image+1","AT_ShrugMaster+1","infinitespire:Gouge+1","theMarked:ElementalBlade+1","REME_CopyPotion+1","MHz","OSAHOGD","theMarked:Levitate+1","QueenOfHatred","LongBird","theMarked:EternalStudent+1","construct:SpinDrive+1"],"relics":["theMarked:ArtifactOfAir","testmod-TestBox","HushsDoor","DaveBox","AT_ATBox","REME_ComplimentaryCards","DSteel32","testmod-NegativeEmotionEnhancer","CogitoBucket","SynthV:TestCard","LetterFromLob","testmod-HeartOfDaVinci","REME_HourglassOfDeath","ShadowXiaoBlade","infinitespire:Bottled Soul","InkBottle","MerchantsRug","Runic Cube","SalivaCoin","Chameleon Ring","Omamori","ReplayTheSpireMod:CursedCoin","construct:IceCubes","testmod-Brilliant","Frozen Eye","AnarchistCookbook"],"acts_visited":["Exordium","TheCity","TheBeyond"],"potions_floor_usage":[35,35,35,35,35,35,35,35,35,35,35,35,35,35,35,35,35,35,35,35,35,35,35,35,35,35,35,35,35,35,35,35,35,35,35,35,35,35,35,35,35,35,35,35,35,35,35,35,35,35,35,35,35,35,35,35,35,35,35,35,35,35,35,35,35,35,35,35,35,35,35,35,35,35,35,35,35,35,35,35,35,35,35,45,45,45,45,45,45,45,45,45,45,45,45,45,45,46,46,46,46,46,46,46,46,46,46,46,46,46,46,46,46,46,46,46,46,46,46,48,48,48,48,48,48,48,48,48,48,50,50,50,50,50,50,50,50,50,50,50,50,50,50,50,50,50,50,50,50,50,50,50,50,50,50,50,50,50,50,50,50,51,51,51,51,51,51,51,51,51,51,51,51,51,51,51,51,51,51,51,51,51,51,51,51,51,51,51,51,51,51,51,51,51,51,51,51,51,51,51,51,51,51,51,51,51,51,51,51,51,51,51,51,51,51,51,51,51,51,51,51,51,51,51,51,51,51,51,51,51,51,51,51,51,51,51,51,51,51,51,51,51,51,51,51,51,51,51,51,51,51,51,51,51,51,51,51,51,51,51,51,51,51,51,51,51,51,51],"damage_taken":[{"damage":0,"enemies":"Small Slimes","floor":1,"turns":4},{"damage":0,"enemies":"2 Louse","floor":4,"turns":3},{"damage":0,"enemies":"Cultist","floor":5,"turns":3},{"damage":5,"enemies":"3 Sentries","floor":11,"turns":2},{"damage":20,"enemies":"Exordium Thugs","floor":12,"turns":3},{"damage":3,"enemies":"2 Fungi Beasts","floor":14,"turns":3},{"damage":0,"enemies":"Hexaghost","floor":16,"turns":5},{"damage":6,"enemies":"Shell Parasite","floor":18,"turns":2},{"damage":0,"enemies":"Spheric Guardian","floor":19,"turns":2},{"damage":10,"enemies":"Cultist and Chosen","floor":22,"turns":4},{"damage":0,"enemies":"Gremlin Leader","floor":24,"turns":3},{"damage":0,"enemies":"3 Cultists","floor":28,"turns":3},{"damage":0,"enemies":"Sentry and Sphere","floor":29,"turns":3},{"damage":5,"enemies":"Centurion and Healer","floor":30,"turns":4},{"damage":9,"enemies":"Champ","floor":33,"turns":7},{"damage":90,"enemies":"3 Darklings","floor":35,"turns":86},{"damage":13,"enemies":"3 Shapes","floor":39,"turns":3},{"damage":5,"enemies":"Sphere and 2 Shapes","floor":41,"turns":3},{"damage":1,"enemies":"3 Darklings","floor":45,"turns":3},{"damage":51,"enemies":"2 Orb Walkers","floor":46,"turns":7},{"damage":9,"enemies":"R_Hoarder","floor":48,"turns":4},{"damage":2,"enemies":"infinitespire:MassOfShapes","floor":50,"turns":3},{"damage":26,"enemies":"Malkuth","floor":51,"turns":4},{"damage":0,"enemies":"Netzach","floor":51,"turns":4},{"damage":0,"enemies":"Chesed","floor":51,"turns":1},{"damage":42,"enemies":"Hokma","floor":51,"turns":5},{"damage":4,"enemies":"Angela","floor":51,"turns":2}],"seed_played":"-8383253101100476470","potions_obtained":[{"floor":1,"key":"Strength Potion"},{"floor":14,"key":"Weak Potion"},{"floor":19,"key":"Fire Potion"},{"floor":28,"key":"Block Potion"},{"floor":30,"key":"Block Potion"},{"floor":35,"key":"PowerPotion"},{"floor":46,"key":"BlessingOfTheForge"},{"floor":48,"key":"Elixir"}],"is_trial":false,"path_per_floor":["M","?","?","M","M","E","$","R","T","R","E","M","?","M","R","B",null,"M","M","?","?","M","R","E","R","T","R","M","M","M","$","R","B",null,"M","$","?","$","M","R","M","R","T","R","M","?","R","E","R","B",null],"character_chosen":"THE_DEFAULT","items_purchased":["MerchantsRug","testmod-SpacePotion","Replay:Baseball","Omamori","ReplayTheSpireMod:CursedCoin","construct:IceCubes","Frozen Eye"],"campfire_rested":1,"item_purchase_floors":[27,31,31,44,44,44,47],"current_hp_per_floor":[71,55,52,55,57,57,57,57,57,57,56,39,39,39,39,41,68,64,66,73,73,72,72,81,81,81,81,82,83,84,84,84,85,85,58,58,37,37,40,40,45,45,45,45,57,26,26,31,58,80],"gold":571,"neow_bonus":"","is_daily":false,"chose_seed":false,"campfire_upgraded":5,"win_rate":0.0,"timestamp":1610299014,"path_taken":["M","?","?","M","?","E","?","R","T","R","E","M","?","M","R","BOSS","M","M","?","?","M","R","E","R","T","R","M","?","?","$","R","BOSS","M","$","?","?","M","R","M","R","T","R","?","?","R","E","R","BOSS"],"items_purchased_type":["Relic","Potion","Relic","Relic","Relic","Relic","Relic"],"build_version":"2020-12-22","purchased_purges":7,"victory":true,"max_hp_per_floor":[71,71,71,72,73,73,73,73,73,73,74,75,75,76,76,77,77,78,79,79,79,80,80,81,81,81,81,82,83,84,84,84,85,85,86,86,86,86,87,87,88,88,88,88,89,90,90,91,91,92],"card_choices":[{"not_picked":["MHz","RedShoes","Wellcheers"],"picked":"Singing Bowl","floor":1},{"not_picked":["theMarked:ChainLightning","theMarked:Electrocute","theMarked:EnhanceMovement"],"picked":"SKIP","floor":1},{"not_picked":["infinitespire:Collect","infinitespire:SevenWalls"],"picked":"infinitespire:Gouge","floor":2},{"not_picked":["LaLuna","Bloodbath","CherryBlossoms"],"picked":"Singing Bowl","floor":4},{"not_picked":["theMarked:Static","theMarked:Aftermath","theMarked:TwofoldDefense","theMarked:Standoff"],"picked":"Bomb","floor":4},{"not_picked":["SpiderBud","Woodsman","OldLady"],"picked":"Singing Bowl","floor":5},{"not_picked":["theMarked:HeightenedSenses","theMarked:Electrocute","theMarked:Generate","theMarked:RogueSparks"],"picked":"theMarked:ElementalBlade","floor":5},{"not_picked":["Variant","PunishingBird"],"picked":"MHz","floor":11},{"not_picked":["theMarked:ResourceFulStrike","theMarked:UnarmedFury","theMarked:SwordAndMagic","theMarked:Aftermath","theMarked:EmpowerWeapon"],"picked":"SKIP","floor":11},{"not_picked":["theMarked:ResourceFulStrike","theMarked:UnarmedFury","theMarked:SwordAndMagic","theMarked:Aftermath","theMarked:EmpowerWeapon"],"picked":"SKIP","floor":11},{"not_picked":["PunishingBird","Alriune"],"picked":"OSAHOGD","floor":12},{"not_picked":["theMarked:Aftermath","theMarked:ResourceFulStrike","theMarked:BanishingStrike","theMarked:Reabsorb"],"picked":"Bomb","floor":12},{"not_picked":["theMarked:ElectricStrings","theMarked:Parry","theMarked:Opportunist","theMarked:Frustration"],"picked":"theMarked:Levitate","floor":14},{"not_picked":["Mercenary","QueenBee","Scarecrow"],"picked":"Singing Bowl","floor":14},{"not_picked":["CherryBlossoms","FairyFestival","OldLady"],"picked":"Singing Bowl","floor":16},{"not_picked":["theMarked:ThrowWeapon","theMarked:Levitate","theMarked:TurnInvisible","theMarked:Snap"],"picked":"theMarked:Defy","floor":16},{"not_picked":["DreamingCurrent","ShyLook","Mercenary"],"picked":"Singing Bowl","floor":18},{"not_picked":["theMarked:Static","theMarked:TwofoldDefense","theMarked:WastefulDefense+1","theMarked:RepellingDischarge","theMarked:EmpowerWeapon"],"picked":"SKIP","floor":18},{"not_picked":["Mercenary","SnowQueen","Freischutz"],"picked":"Singing Bowl","floor":19},{"not_picked":["WallGazer","Scarecrow"],"picked":"QueenOfHatred","floor":19},{"not_picked":["theMarked:Electrocute","theMarked:TunnelVision","theMarked:BanishingStrike+1","theMarked:Generate+1","theMarked:TwofoldDefense+1"],"picked":"SKIP","floor":19},{"not_picked":["theMarked:Electrocute","theMarked:TunnelVision","theMarked:BanishingStrike+1","theMarked:Generate+1","theMarked:TwofoldDefense+1"],"picked":"SKIP","floor":19},{"not_picked":["OldLady","BigBadWolf","Yin"],"picked":"Singing Bowl","floor":22},{"not_picked":["MeatLantern","BeautyBeast"],"picked":"LongBird","floor":22},{"not_picked":["theMarked:BanishingStrike","theMarked:TurnInvisible","theMarked:Parkour","theMarked:Opportunist","theMarked:Convert"],"picked":"SKIP","floor":22},{"not_picked":["RedShoes","BeautyBeast","Bloodbath"],"picked":"Singing Bowl","floor":24},{"not_picked":["theMarked:WastefulDefense","theMarked:Aftermath","theMarked:Static","theMarked:DispelDoubt"],"picked":"theMarked:EternalStudent","floor":24},{"not_picked":["MeatLantern","SingingMachine","DespairKnight"],"picked":"Singing Bowl","floor":28},{"not_picked":["theMarked:RogueSparks+1","theMarked:ResourceFulStrike","theMarked:FavorableWinds","theMarked:Aftermath","theMarked:WastefulAttack"],"picked":"SKIP","floor":28},{"not_picked":["SilentOrchestra","BigBird","DespairKnight"],"picked":"Singing Bowl","floor":29},{"not_picked":["theMarked:Static+1","theMarked:Parkour","theMarked:ChainLightning","theMarked:RogueSparks+1","theMarked:BanishingStrike"],"picked":"SKIP","floor":29},{"not_picked":["CrumblingArmor","Rudolta","PunishingBird"],"picked":"Singing Bowl","floor":30},{"not_picked":["theMarked:Aftermath","theMarked:EmpowerWeapon+1","theMarked:ElectricStrings","theMarked:BanishingStrike+1","theMarked:Generate+1"],"picked":"SKIP","floor":30},{"not_picked":["Murderer","PunishingBird","BeautyBeast"],"picked":"Singing Bowl","floor":33},{"not_picked":["theMarked:SoldierForm","theMarked:SummonStrength","theMarked:FavorableWinds","theMarked:Snap"],"picked":"theMarked:DispelDoubt","floor":33},{"not_picked":["NakedNest","FieryBird","ShyLook"],"picked":"Singing Bowl","floor":35},{"not_picked":["theMarked:TwofoldDefense+1","theMarked:Improvise","theMarked:Aftermath","theMarked:ResourceFulStrike","theMarked:RogueSparks+1"],"picked":"SKIP","floor":35},{"not_picked":["UniverseFragment","SingingMachine","Mercenary"],"picked":"Singing Bowl","floor":39},{"not_picked":["theMarked:EmpowerWeapon","theMarked:WastefulDefense+1","theMarked:HeritageOfTheMarked","theMarked:PowerFlow+1","theMarked:Improvise+1"],"picked":"SKIP","floor":39},{"not_picked":["Variant","PunishingBird","CENSORED"],"picked":"Singing Bowl","floor":41},{"not_picked":["theMarked:HeightenedSenses","theMarked:SummonStrength","theMarked:BanishingWave","theMarked:StartUp","theMarked:WardOff+1"],"picked":"SKIP","floor":41},{"not_picked":["Woodsman","LittlePrince","BlueStar"],"picked":"Singing Bowl","floor":45},{"not_picked":["theMarked:RogueSparks+1","theMarked:Parkour+1","theMarked:Static","theMarked:Panic","theMarked:ElectricStrings+1"],"picked":"SKIP","floor":45},{"not_picked":["NothingThere","Alriune","DespairKnight"],"picked":"Singing Bowl","floor":46},{"not_picked":["WhiteNight","Alriune","HeroicMonk"],"picked":"Singing Bowl","floor":48},{"not_picked":["theMarked:TurnInvisible","theMarked:RepellingDischarge+1","theMarked:Indomitable+1","theMarked:ChainLightning","theMarked:ShockingTouch+1"],"picked":"SKIP","floor":48}],"player_experience":718252,"relics_obtained":[{"floor":1,"key":"SynthV:TestCard"},{"floor":1,"key":"LetterFromLob"},{"floor":9,"key":"REME_HourglassOfDeath"},{"floor":11,"key":"REME_PoisonedDagger"},{"floor":24,"key":"InkBottle"},{"floor":26,"key":"Leech"},{"floor":37,"key":"SalivaCoin"},{"floor":43,"key":"Chameleon Ring"},{"floor":46,"key":"testmod-Brilliant"},{"floor":48,"key":"AnarchistCookbook"}],"event_choices":[{"damage_healed":0,"gold_gain":0,"player_choice":"Success","damage_taken":3,"relics_obtained":["testmod-HeartOfDaVinci"],"max_hp_gain":0,"max_hp_loss":0,"event_name":"Scrap Ooze","floor":3,"gold_loss":0},{"damage_healed":0,"gold_gain":0,"player_choice":"Fight","damage_taken":0,"max_hp_gain":0,"max_hp_loss":0,"event_name":"Mysterious Sphere","floor":46,"gold_loss":0}],"is_beta":false,"boss_relics":[{"not_picked":["Sozu","vexMod:ImprovementManual"],"picked":"ShadowXiaoBlade"},{"not_picked":[]},{"not_picked":["Runic Dome","SynthV:MejaisSoulstealer"],"picked":"Runic Cube"},{"not_picked":[]}],"items_purged_floors":[7,27,36,38,38,40,47],"is_endless":false,"potions_floor_spawned":[1,14,19,24,28,30,35,46,48],"ascension_level":5}}