{"host":"dm4yvegl9um2tlqd","time":1610281649,"event":{"mods":["2.2 Compatiblity","AchievementEnabler","BaseMod","Colored Map","DeckTracker","Highlight Path","KOR Keyword Fix","Keyboard Shortcuts","Minty Spire (QoL Compilation)","Permanent Neow","Quick Restart","Random Character Button","StSLib","SuperFastMode","everything is the same but u backflip on backflip"],"gold_per_floor":[359,376,394,70,82,114,134,163,163,180,209,209,225,258,258,354,354,369,381,381,381],"floor_reached":20,"playtime":883,"items_purged":["Strike_G"],"score":228,"play_id":"2c65cf1d-d06a-4a4d-9675-5c1305d9f9d5","local_time":"20210110212729","is_ascension_mode":true,"campfire_choices":[{"floor":12,"key":"REST"},{"data":"Footwork","floor":15,"key":"SMITH"}],"circlet_count":0,"master_deck":["Strike_G","Strike_G","Strike_G","Strike_G","Defend_G","Defend_G","Defend_G","Defend_G","Defend_G","Survivor","Neutralize","Dagger Throw","Crippling Poison","Dagger Throw","The Bomb","Footwork+1","Glass Knife","Well Laid Plans","Acrobatics","Calculated Gamble","Bullet Time","CurseOfTheBell","Backflip","Deflect+1"],"relics":["Ring of the Snake","Toy Ornithopter","Odd Mushroom","Pantograph","Kunai","Eternal Feather","Calling Bell","Vajra","Darkstone Periapt","Torii"],"acts_visited":["Exordium","TheCity"],"potions_floor_usage":[8,11,14,16],"damage_taken":[{"damage":1.0,"enemies":"Jaw Worm","floor":1.0,"turns":4.0},{"damage":0.0,"enemies":"Cultist","floor":2.0,"turns":3.0},{"damage":2.0,"enemies":"2 Louse","floor":3.0,"turns":2.0},{"damage":0.0,"enemies":"Blue Slaver","floor":5.0,"turns":6.0},{"damage":28,"enemies":"Gremlin Nob","floor":6,"turns":5},{"damage":1,"enemies":"Exordium Wildlife","floor":7,"turns":4},{"damage":0,"enemies":"The Mushroom Lair","floor":8,"turns":1},{"damage":15,"enemies":"3 Louse","floor":10,"turns":3},{"damage":6,"enemies":"3 Sentries","floor":11,"turns":4},{"damage":9,"enemies":"Looter","floor":13,"turns":4},{"damage":5,"enemies":"Gremlin Nob","floor":14,"turns":3},{"damage":27,"enemies":"The Guardian","floor":16,"turns":14},{"damage":16,"enemies":"3 Byrds","floor":18,"turns":5},{"damage":9,"enemies":"2 Thieves","floor":19,"turns":3},{"damage":26,"enemies":"Sentry and Sphere","floor":20,"turns":7}],"seed_played":"7718870287761011675","potions_obtained":[{"floor":1.0,"key":"SkillPotion"},{"floor":5.0,"key":"ColorlessPotion"},{"floor":7,"key":"PowerPotion"},{"floor":13,"key":"DuplicationPotion"},{"floor":16,"key":"Explosive Potion"},{"floor":18,"key":"LiquidBronze"}],"is_trial":false,"path_per_floor":["M","M","M","$","M","E","M","?","T","M","E","R","M","E","R","B",null,"M","M","M"],"character_chosen":"THE_SILENT","items_purchased":["The Bomb","Footwork"],"campfire_rested":1,"item_purchase_floors":[4,4],"current_hp_per_floor":[62,62,60,60,60,32,31,36,36,21,20,38,29,29,41,41,63,47,38,12,12],"gold":381,"neow_bonus":"TWO_FIFTY_GOLD","is_daily":false,"chose_seed":false,"campfire_upgraded":1,"win_rate":0.0,"timestamp":1610281649,"path_taken":["M","M","M","$","M","E","M","?","T","M","E","R","M","E","R","BOSS","M","M","M"],"items_purchased_type":["Card","Card"],"build_version":"2020-12-22","purchased_purges":1,"victory":false,"max_hp_per_floor":[63,63,63,63,63,63,63,63,63,63,63,63,63,63,63,63,63,63,63,63,63],"card_choices":[{"not_picked":["Endless Agony","Dodge and Roll"],"picked":"Dagger Throw","floor":1.0},{"not_picked":["Sucker Punch","Riddle With Holes"],"picked":"Crippling Poison","floor":2.0},{"not_picked":["All Out Attack","Quick Slash"],"picked":"Dagger Throw","floor":3.0},{"not_picked":["Dagger Spray","Sucker Punch"],"picked":"Glass Knife","floor":5.0},{"not_picked":["Backflip","Blade Dance"],"picked":"Well Laid Plans","floor":6},{"not_picked":["Flying Knee","Distraction","Dagger Throw"],"picked":"SKIP","floor":7},{"not_picked":["Poisoned Stab","Backflip"],"picked":"Acrobatics","floor":10},{"not_picked":["Dash","Glass Knife"],"picked":"Calculated Gamble","floor":11},{"not_picked":["Outmaneuver","Acrobatics","Predator"],"picked":"SKIP","floor":13},{"not_picked":["Flying Knee","Prepared","Bane"],"picked":"SKIP","floor":14},{"not_picked":["Night Terror","Phantasmal Killer"],"picked":"Bullet Time","floor":16},{"not_picked":["Dagger Throw+1","Endless Agony"],"picked":"Backflip","floor":18},{"not_picked":["Dagger Throw","Poisoned Stab"],"picked":"Deflect+1","floor":19}],"player_experience":23623,"relics_obtained":[{"floor":6,"key":"Toy Ornithopter"},{"floor":8,"key":"Odd Mushroom"},{"floor":9,"key":"Pantograph"},{"floor":11,"key":"Kunai"},{"floor":14,"key":"Eternal Feather"},{"floor":17,"key":"Vajra"},{"floor":17,"key":"Darkstone Periapt"},{"floor":17,"key":"Torii"}],"event_choices":[{"damage_healed":0,"gold_gain":0,"player_choice":"Fought Mushrooms","damage_taken":0,"max_hp_gain":0,"max_hp_loss":0,"event_name":"Mushrooms","floor":8,"gold_loss":0}],"is_beta":false,"boss_relics":[{"not_picked":["Tiny House","Runic Pyramid"],"picked":"Calling Bell"}],"items_purged_floors":[4],"is_endless":false,"potions_floor_spawned":[1,5,7,13,16,18],"killed_by":"Sentry and Sphere","ascension_level":3}}