{"host":"dv3lni0xre0h79kd","time":1610304498,"event":{"mods":["BaseMod","BetterRewards","Colored Map","GifTheSpireLib","Highlight Path","Minty Spire (QoL Compilation)","StSLib"],"gold_per_floor":[109,127,127,127,145,145,176,176,244,244,254,254,254,254,254,373,373,392,236,261,261,284,325,325,361,361,375,375,398,398,419,419,549,549,572,572,585,585,439,439,464,464,464,464,464,515,515,515],"floor_reached":47,"playtime":1838,"items_purged":[],"score":511,"play_id":"90b10cf0-4862-428f-811a-f092527b8d4f","local_time":"20210110134818","is_ascension_mode":false,"campfire_choices":[{"floor":6,"key":"REST"},{"floor":8,"key":"REST"},{"data":"Poisoned Stab","floor":10,"key":"SMITH"},{"data":"Unload","floor":15,"key":"SMITH"},{"floor":30,"key":"REST"},{"floor":32,"key":"REST"},{"data":"Storm of Steel","floor":40,"key":"SMITH"},{"data":"Envenom","floor":44,"key":"SMITH"}],"circlet_count":0,"master_deck":["Strike_G","Strike_G+1","Strike_G+1","Strike_G","Defend_G","Defend_G","Survivor+1","Neutralize","Poisoned Stab+1","Backstab","Flying Knee+1","Leg Sweep","Distraction","Unload+1","Adrenaline","Catalyst+1","Blade Dance+1","Envenom+1","Accuracy+1","Deflect+1","Prepared","Noxious Fumes","Bullet Time","Deadly Poison","Eviscerate+1","Storm of Steel+1","Endless Agony+1","Finisher","Bouncing Flask","Infinite Blades","Parasite","Bouncing Flask","Chrysalis"],"relics":["Ring of the Snake","StoneCalendar","Du-Vu Doll","TwistedFunnel","Oddly Smooth Stone","Kunai","Golden Idol","Letter Opener","SacredBark","Lee\u0027s Waffle","Centennial Puzzle","Whetstone","Nunchaku","HoveringKite","Bottled Tornado","Snake Skull"],"acts_visited":["Exordium","TheCity","TheBeyond"],"potions_floor_usage":[27,29,31,33,33],"damage_taken":[{"damage":0,"enemies":"Small Slimes","floor":1,"turns":2},{"damage":0,"enemies":"2 Louse","floor":2,"turns":1},{"damage":0,"enemies":"Cultist","floor":5,"turns":2},{"damage":14,"enemies":"Gremlin Nob","floor":7,"turns":3},{"damage":7,"enemies":"Looter","floor":11,"turns":2},{"damage":36,"enemies":"The Guardian","floor":16,"turns":7},{"damage":20,"enemies":"3 Byrds","floor":18,"turns":3},{"damage":1,"enemies":"Shell Parasite","floor":20,"turns":4},{"damage":14,"enemies":"3 Cultists","floor":22,"turns":5},{"damage":0,"enemies":"Gremlin Leader","floor":23,"turns":4},{"damage":37,"enemies":"Book of Stabbing","floor":25,"turns":5},{"damage":0,"enemies":"Snake Plant","floor":27,"turns":2},{"damage":8,"enemies":"Centurion and Healer","floor":29,"turns":5},{"damage":4,"enemies":"Cultist and Chosen","floor":31,"turns":3},{"damage":37,"enemies":"Automaton","floor":33,"turns":7},{"damage":28,"enemies":"3 Shapes","floor":35,"turns":3},{"damage":0,"enemies":"Orb Walker","floor":37,"turns":2},{"damage":34,"enemies":"Writhing Mass","floor":41,"turns":4},{"damage":17,"enemies":"3 Darklings","floor":47,"turns":2}],"seed_played":"-4330536906945099008","potions_obtained":[{"floor":1,"key":"Weak Potion"},{"floor":16,"key":"CultistPotion"},{"floor":22,"key":"Block Potion"},{"floor":23,"key":"CunningPotion"},{"floor":27,"key":"SpeedPotion"},{"floor":31,"key":"GhostInAJar"},{"floor":33,"key":"SteroidPotion"},{"floor":41,"key":"Energy Potion"}],"is_trial":false,"path_per_floor":["M","M","?","?","M","R","E","R","T","R","M","?","?","T","R","B",null,"M","$","M","?","M","E","?","E","T","M","?","M","R","M","R","B",null,"M","?","M","?","$","R","M","?","T","R","?","T","M"],"character_chosen":"THE_SILENT","items_purchased":["StoneCalendar","Poisoned Stab","TwistedFunnel","Lee\u0027s Waffle","Bouncing Flask","Infinite Blades"],"campfire_rested":4,"item_purchase_floors":[0,0,0,19,39,39],"current_hp_per_floor":[38,38,38,38,38,59,45,66,66,66,59,45,45,45,45,9,65,45,72,71,71,57,57,57,20,20,20,20,12,33,29,50,13,72,44,44,44,44,44,44,10,10,10,10,10,10,0,0],"gold":515,"neow_bonus":"","is_daily":false,"chose_seed":false,"campfire_upgraded":4,"win_rate":0.0,"timestamp":1610304498,"path_taken":["M","M","?","?","?","R","E","R","T","R","M","?","?","?","R","BOSS","M","$","?","?","?","E","?","E","T","M","?","M","R","M","R","BOSS","M","?","M","?","$","R","M","?","T","R","?","?","M"],"items_purchased_type":["Relic","Card","Relic","Relic","Card","Card"],"build_version":"2020-12-22","purchased_purges":0,"victory":false,"max_hp_per_floor":[70,70,70,70,70,70,70,70,70,70,70,70,65,65,65,65,65,65,72,72,72,72,72,72,72,72,72,72,72,72,72,72,72,72,72,72,72,72,72,72,72,72,72,72,68,68,68,68],"card_choices":[{"not_picked":["Underhanded Strike","Flying Knee"],"picked":"Backstab","floor":1},{"not_picked":["Prepared","Sucker Punch"],"picked":"Flying Knee","floor":2},{"not_picked":["Acrobatics","Blur","Prepared"],"picked":"SKIP","floor":5},{"not_picked":["Acrobatics","Underhanded Strike"],"picked":"Distraction","floor":7},{"not_picked":["Expertise","Deadly Poison"],"picked":"Unload","floor":11},{"not_picked":["Wraith Form v2","Malaise"],"picked":"Adrenaline","floor":16},{"not_picked":["Dodge and Roll","Masterful Stab"],"picked":"Catalyst+1","floor":18},{"not_picked":["Dodge and Roll","Sucker Punch+1"],"picked":"Blade Dance+1","floor":20},{"not_picked":["Outmaneuver+1","Flying Knee"],"picked":"Accuracy+1","floor":22},{"not_picked":["Flechettes","Prepared+1"],"picked":"Deflect+1","floor":23},{"not_picked":["Underhanded Strike","Terror"],"picked":"Prepared","floor":25},{"not_picked":["Calculated Gamble+1","Acrobatics+1"],"picked":"Noxious Fumes","floor":27},{"not_picked":["Dagger Throw","Underhanded Strike+1"],"picked":"Deadly Poison","floor":29},{"not_picked":["Reflex+1","Deflect+1"],"picked":"Eviscerate+1","floor":31},{"not_picked":["Unload","Venomology"],"picked":"Storm of Steel","floor":33},{"not_picked":["Quick Slash+1","Sucker Punch+1"],"picked":"Endless Agony+1","floor":35},{"not_picked":["Backflip+1","Dodge and Roll+1"],"picked":"Finisher","floor":37},{"not_picked":["Dagger Throw","Deadly Poison"],"picked":"Bouncing Flask","floor":41},{"not_picked":["Magnetism","Discovery"],"picked":"Chrysalis","floor":42}],"player_experience":49186,"relics_obtained":[{"floor":7,"key":"Oddly Smooth Stone"},{"floor":9,"key":"Kunai"},{"floor":14,"key":"Letter Opener"},{"floor":23,"key":"Centennial Puzzle"},{"floor":25,"key":"Whetstone"},{"floor":26,"key":"Nunchaku"},{"floor":43,"key":"Bottled Tornado"},{"floor":46,"key":"Snake Skull"}],"event_choices":[{"damage_healed":0,"gold_gain":0,"cards_transformed":["Defend_G"],"player_choice":"Change","damage_taken":0,"max_hp_gain":0,"max_hp_loss":0,"event_name":"Living Wall","floor":3,"gold_loss":0,"cards_obtained":["Leg Sweep"]},{"damage_healed":0,"gold_gain":0,"player_choice":"Bought 0 Potions","damage_taken":0,"max_hp_gain":0,"max_hp_loss":0,"event_name":"The Woman in Blue","floor":4,"gold_loss":0},{"damage_healed":0,"gold_gain":0,"player_choice":"Entered Light","damage_taken":14,"max_hp_gain":0,"max_hp_loss":0,"event_name":"Shining Light","floor":12,"gold_loss":0,"cards_upgraded":["Survivor","Flying Knee"]},{"damage_healed":0,"gold_gain":0,"player_choice":"Lose Max HP","damage_taken":0,"relics_obtained":["Golden Idol"],"max_hp_gain":0,"max_hp_loss":5,"event_name":"Golden Idol","floor":13,"gold_loss":0},{"damage_healed":0,"gold_gain":0,"cards_transformed":["Defend_G"],"player_choice":"Transformed","damage_taken":0,"max_hp_gain":0,"max_hp_loss":0,"event_name":"Transmorgrifier","floor":21,"gold_loss":0,"cards_obtained":["Envenom"]},{"cards_removed":["Strike_G"],"damage_healed":0,"gold_gain":0,"player_choice":"Elegance","damage_taken":0,"max_hp_gain":0,"max_hp_loss":0,"event_name":"Back to Basics","floor":24,"gold_loss":0},{"damage_healed":0,"gold_gain":0,"player_choice":"Read","damage_taken":0,"max_hp_gain":0,"max_hp_loss":0,"event_name":"The Library","floor":28,"gold_loss":0,"cards_obtained":["Bullet Time"]},{"cards_removed":["Defend_G"],"damage_healed":0,"gold_gain":0,"player_choice":"Removed Skill","damage_taken":0,"max_hp_gain":0,"max_hp_loss":0,"event_name":"Falling","floor":36,"gold_loss":0},{"damage_healed":0,"gold_gain":0,"player_choice":"Ignored","damage_taken":0,"max_hp_gain":0,"max_hp_loss":0,"event_name":"Tomb of Lord Red Mask","floor":38,"gold_loss":0},{"damage_healed":0,"gold_gain":0,"player_choice":"Memory 1","damage_taken":0,"max_hp_gain":0,"max_hp_loss":0,"event_name":"SensoryStone","floor":42,"gold_loss":0},{"damage_healed":0,"gold_gain":0,"player_choice":"Max HP","damage_taken":0,"max_hp_gain":0,"max_hp_loss":4,"event_name":"Winding Halls","floor":45,"gold_loss":0}],"is_beta":false,"boss_relics":[{"not_picked":["SlaversCollar","Sozu"],"picked":"SacredBark"},{"not_picked":["Empty Cage","Fusion Hammer"],"picked":"HoveringKite"}],"items_purged_floors":[],"is_endless":false,"potions_floor_spawned":[1,16,22,23,27,31,33,41],"killed_by":"3 Darklings","ascension_level":0}}