{"host":"1yemetsqamtkb9ct","time":1610251203,"event":{"mods":["AchievementEnabler","BaseMod","Colored Map","Custom Start","KOR Keyword Fix","Lobotomy","Minty Spire (QoL Compilation)","Quick Restart","Random Character Button","StSLib","SuperFastMode"],"gold_per_floor":[112,127,202,219,238,250,283,283,283,283,298,298,318,338,338,433,433,373,373,298,298,298,298,298,298,298,298,298,298,298,298,298,298,298,298,298],"floor_reached":35,"playtime":1403,"items_purged":["InformationCode"],"score":388,"play_id":"d63f6358-b7d9-4bd4-9a96-7965dbf39c15","local_time":"20210110130003","is_ascension_mode":false,"campfire_choices":[{"floor":8.0,"key":"REST"},{"floor":23.0,"key":"REST"}],"circlet_count":0,"master_deck":["SpecialBullet","SpecialBullet","SpecialBullet","SpecialBullet","SpecialBullet","SpecialBullet","SpecialBullet","SpecialBullet","ControlCode","SecurityCode","Adoration","VoidDream","Reverberation","Rudolta","TodaysExpression","QueenBee","MeatLantern","Mimicry","Moonlight","TT2Protocol","Diffraction","DisciplinaryCode","Noise","Scorched"],"relics":["CogitoBucket","Pantograph","Pen Nib","BackwardClock","Ectoplasm","AspirationHeart","Darkstone Periapt","Tiny Chest","Matryoshka","Busted Crown"],"acts_visited":["Exordium","TheCity","TheBeyond"],"potions_floor_usage":[],"damage_taken":[{"damage":0.0,"enemies":"2 Louse","floor":1.0,"turns":2.0},{"damage":6.0,"enemies":"Cultist","floor":2.0,"turns":3.0},{"damage":7.0,"enemies":"Small Slimes","floor":4.0,"turns":3.0},{"damage":1.0,"enemies":"2 Fungi Beasts","floor":5.0,"turns":3.0},{"damage":37.0,"enemies":"Large Slime","floor":6.0,"turns":5.0},{"damage":31.0,"enemies":"Gremlin Nob","floor":7.0,"turns":4.0},{"damage":10.0,"enemies":"Red Slaver","floor":11.0,"turns":4.0},{"damage":9.0,"enemies":"Blue Slaver","floor":13.0,"turns":4.0},{"damage":0.0,"enemies":"2 Fungi Beasts","floor":14.0,"turns":4.0},{"damage":14.0,"enemies":"The Guardian","floor":16.0,"turns":21.0},{"damage":5.0,"enemies":"2 Thieves","floor":18.0,"turns":3.0},{"damage":33.0,"enemies":"Chosen","floor":19.0,"turns":6.0},{"damage":32.0,"enemies":"Snecko","floor":21.0,"turns":7.0},{"damage":11.0,"enemies":"Centurion and Healer","floor":22.0,"turns":11.0},{"damage":13.0,"enemies":"3 Cultists","floor":24.0,"turns":3.0},{"damage":1.0,"enemies":"Snake Plant","floor":31.0,"turns":4.0},{"damage":53.0,"enemies":"Collector","floor":33.0,"turns":13.0},{"damage":0,"enemies":"3 Shapes","floor":35,"turns":1}],"seed_played":"6353967219800733890","potions_obtained":[{"floor":1.0,"key":"Energy Potion"},{"floor":4.0,"key":"SteroidPotion"},{"floor":6.0,"key":"FairyPotion"},{"floor":18.0,"key":"Fruit Juice"},{"floor":24.0,"key":"FearPotion"},{"floor":33.0,"key":"AttackPotion"}],"is_trial":false,"path_per_floor":["M","M","?","M","M","M","E","R","T","R","M","R","M","M","R","B",null,"M","M","$","M","M","R","M","?","T","?","R","?","R","M","R","B",null,"M"],"character_chosen":"Angela","items_purchased":[],"campfire_rested":2,"item_purchase_floors":[],"current_hp_per_floor":[70,70,63,64,70,41,18,39,39,39,29,29,28,36,36,47,70,70,47,47,23,17,42,43,43,43,43,43,43,43,56,56,42,85,0,0],"gold":298,"neow_bonus":"ONE_RANDOM_RARE_CARD","is_daily":false,"chose_seed":false,"campfire_upgraded":0,"win_rate":0.0,"timestamp":1610251203,"path_taken":["M","M","?","M","M","M","E","R","T","R","M","R","M","M","R","BOSS","M","M","?","M","M","R","M","?","T","?","R","?","R","?","R","BOSS","M"],"items_purchased_type":[],"build_version":"2020-12-22","purchased_purges":1,"victory":false,"max_hp_per_floor":[70,70,70,70,70,70,70,70,70,70,70,70,70,70,70,70,70,70,80,80,80,85,85,85,85,85,85,85,85,85,85,85,85,85,85,85],"card_choices":[{"not_picked":["ShyLook","Bloodbath"],"picked":"VoidDream","floor":1.0},{"not_picked":["Tough"],"picked":"Reverberation","floor":1.0},{"not_picked":["Discord","WristCuter"],"picked":"SKIP","floor":2.0},{"not_picked":["LaLuna","Wellcheers"],"picked":"Rudolta","floor":4.0},{"not_picked":["RapturousDream"],"picked":"TodaysExpression","floor":4.0},{"not_picked":["Lantern","Horn"],"picked":"SKIP","floor":5.0},{"not_picked":["MHz","Yin"],"picked":"QueenBee","floor":6.0},{"not_picked":["BlueScar","Wingbeat"],"picked":"SKIP","floor":6.0},{"not_picked":["FairyFestival","OSAHOGD"],"picked":"MeatLantern","floor":7.0},{"not_picked":["RedEyes"],"picked":"Mimicry","floor":7.0},{"not_picked":["Logging"],"picked":"Moonlight","floor":11.0},{"not_picked":["CUTE","Ecstasy"],"picked":"SKIP","floor":13.0},{"not_picked":["MagicBullet"],"picked":"Diffraction","floor":14.0},{"not_picked":["ShedSkin"],"picked":"Noise","floor":18.0},{"not_picked":["Mercenary","FairyFestival"],"picked":"Yin","floor":19.0},{"not_picked":["Hypocrisy","FrostShard+1"],"picked":"SKIP","floor":19.0},{"not_picked":["GrinderMk4","BearPaw"],"picked":"SKIP","floor":21.0},{"not_picked":["Hypocrisy+1","Lantern"],"picked":"SKIP","floor":22.0},{"not_picked":["GalaxyChild","UniverseFragment"],"picked":"Scorched","floor":24.0},{"not_picked":["Noise+1","Loneliness"],"picked":"SKIP","floor":24.0},{"not_picked":["Spore","Pleasure"],"picked":"SKIP","floor":31.0}],"player_experience":604318,"relics_obtained":[{"floor":7.0,"key":"Pantograph"},{"floor":9.0,"key":"Pen Nib"},{"floor":26.0,"key":"Darkstone Periapt"}],"event_choices":[{"damage_healed":0.0,"max_hp_gain":0.0,"max_hp_loss":0.0,"gold_gain":75.0,"event_name":"FaceTrader","player_choice":"Touch","floor":3.0,"gold_loss":0.0,"damage_taken":7.0},{"damage_healed":0.0,"max_hp_gain":0.0,"max_hp_loss":0.0,"gold_gain":0.0,"event_name":"Vampires","player_choice":"Ignored","floor":25.0,"gold_loss":0.0,"damage_taken":0.0},{"damage_healed":0.0,"max_hp_gain":0.0,"max_hp_loss":0.0,"gold_gain":0.0,"event_name":"The Mausoleum","player_choice":"Opened","floor":27.0,"gold_loss":0.0,"damage_taken":0.0,"relics_obtained":["Tiny Chest"]},{"cards_removed":["CentralCode"],"damage_healed":0.0,"max_hp_gain":0.0,"max_hp_loss":0.0,"gold_gain":0.0,"event_name":"WeMeetAgain","player_choice":"Gave Card","floor":29.0,"gold_loss":0.0,"damage_taken":0.0,"relics_obtained":["Matryoshka"]}],"is_beta":false,"boss_relics":[{"not_picked":["Cursed Key","SacredBark"],"picked":"Ectoplasm"},{"not_picked":["Calling Bell","Empty Cage"],"picked":"Busted Crown"}],"items_purged_floors":[20],"is_endless":false,"potions_floor_spawned":[1,4,6,14,18,19,24,33],"killed_by":"3 Shapes","ascension_level":0}}