{"host":"xlyaqk2h7qrmsurq","time":1610310917,"event":{"mods":["BaseMod","Bestiary","Colored Map","Highlight Path","Minty Spire (QoL Compilation)"],"gold_per_floor":[109,109,127,138,152,177,187,204,204,221,221,221,221],"floor_reached":12,"playtime":1951,"items_purged":[],"score":84,"play_id":"2a7d844c-df85-4b5f-b1fe-5be9df9f837e","local_time":"20210110163517","is_ascension_mode":false,"campfire_choices":[],"circlet_count":0,"master_deck":["Strike_P","Strike_P","Strike_P","Defend_P","Defend_P","Defend_P","Defend_P","Eruption","Vigilance","Perseverance","ClearTheMind","SashWhip","Conclude","Consecrate","SandsOfTime","FollowUp","WindmillStrike"],"relics":["Velvet Choker","Frozen Egg 2","Damaru"],"acts_visited":["Exordium"],"potions_floor_usage":[12],"damage_taken":[{"damage":6,"enemies":"Jaw Worm","floor":1,"turns":4},{"damage":8,"enemies":"2 Louse","floor":3,"turns":3},{"damage":0,"enemies":"Cultist","floor":4,"turns":3},{"damage":6,"enemies":"Lots of Slimes","floor":5,"turns":3},{"damage":34,"enemies":"Gremlin Nob","floor":6,"turns":4},{"damage":0,"enemies":"Blue Slaver","floor":7,"turns":5},{"damage":0,"enemies":"Large Slime","floor":8,"turns":3},{"damage":11,"enemies":"Lots of Slimes","floor":10,"turns":4},{"damage":9,"enemies":"3 Sentries","floor":12,"turns":2}],"seed_played":"5359558893657252522","potions_obtained":[{"floor":1,"key":"GamblersBrew"},{"floor":4,"key":"Swift Potion"},{"floor":8,"key":"Fire Potion"}],"is_trial":false,"path_per_floor":["M","?","M","M","M","E","M","M","T","M","?","E"],"character_chosen":"WATCHER","items_purchased":[],"campfire_rested":0,"item_purchase_floors":[],"current_hp_per_floor":[66,66,58,58,52,18,18,18,18,7,7,0,0],"gold":221,"neow_bonus":"BOSS_RELIC","is_daily":false,"chose_seed":false,"campfire_upgraded":0,"win_rate":0.0,"timestamp":1610310917,"path_taken":["M","?","M","M","M","E","M","M","T","M","?","E"],"items_purchased_type":[],"build_version":"2020-12-22","purchased_purges":0,"victory":false,"max_hp_per_floor":[72,72,72,72,72,72,72,72,72,72,72,72,72],"card_choices":[{"not_picked":["Fasting2","Protect"],"picked":"Perseverance","floor":1},{"not_picked":["Wallop","WheelKick"],"picked":"ClearTheMind","floor":3},{"not_picked":["Study","Indignation"],"picked":"SashWhip","floor":4},{"not_picked":["PathToVictory","ClearTheMind"],"picked":"Conclude","floor":5},{"not_picked":["Protect","Omniscience"],"picked":"Consecrate","floor":6},{"not_picked":["Collect","TalkToTheHand"],"picked":"SandsOfTime","floor":7},{"not_picked":["Halt","CutThroughFate"],"picked":"FollowUp","floor":8},{"not_picked":["SashWhip","Nirvana+1"],"picked":"WindmillStrike","floor":10}],"player_experience":302315,"relics_obtained":[{"floor":6,"key":"Frozen Egg 2"},{"floor":9,"key":"Damaru"}],"event_choices":[{"damage_healed":0,"gold_gain":0,"player_choice":"Ignored","damage_taken":0,"max_hp_gain":0,"max_hp_loss":0,"event_name":"Golden Wing","floor":2,"gold_loss":0},{"cards_removed":["Strike_P"],"damage_healed":0,"gold_gain":0,"player_choice":"Offered Basic","damage_taken":0,"max_hp_gain":0,"max_hp_loss":0,"event_name":"Bonfire Elementals","floor":11,"gold_loss":0}],"is_beta":false,"boss_relics":[],"items_purged_floors":[],"is_endless":false,"potions_floor_spawned":[1,4,8,10],"killed_by":"3 Sentries","ascension_level":0}}