{"host":"1ql62c9o0mvto073","time":1610307387,"event":{"mods":["BaseMod","Minty Spire (QoL Compilation)","Replay The Spire","StSLib"],"gold_per_floor":[112,62,62,162,175,203,203,213,213,227,255,320,336,336,336,440,440,453,471,176,176,88,120,33,63,63,63,63,97,50,50,50,50,50],"floor_reached":33,"playtime":1645,"items_purged":["Writhe"],"score":431,"play_id":"f365988d-e0ad-439e-9d66-58cabfcf0925","local_time":"20210110143627","is_ascension_mode":true,"campfire_choices":[{"floor":7,"key":"RECALL"},{"data":"Strike_B","floor":15,"key":"PURGE"},{"floor":28,"key":"REST"},{"floor":32,"key":"REST"}],"circlet_count":0,"master_deck":["Strike_B","Strike_B","Defend_B","Defend_B","Defend_B","Defend_B","Zap+1","Dualcast","Sweeping Beam","FTL","Hyperbeam","Steam","Leap","Streamline","Conserve Battery","Seek","Turbo","Streamline","Beam Cell","Beam Cell","Dark Shackles","Leap","Redo","Genetic Algorithm","Self Repair","FTL","Ball Lightning","ReplayTheSpireMod:IOU","Shame"],"relics":["Cracked Core","NeowsBlessing","Onion Ring","Pear","Replay:Wax Seal","SlaversCollar","Mercury Hourglass","ReplayTheSpireMod:TigerMarble","ReplayTheSpireMod:CursedCoin","Letter Opener","Pantograph","Replay:Bottled Snecko","Orichalcum","DataDisk"],"acts_visited":["Exordium","TheCity"],"potions_floor_usage":[11,16,19,23,33,33],"damage_taken":[{"damage":0,"enemies":"2 Louse","floor":1,"turns":1},{"damage":0,"enemies":"Cultist","floor":5,"turns":1},{"damage":0,"enemies":"Gremlin Nob","floor":6,"turns":1},{"damage":1,"enemies":"Jaw Worm","floor":8,"turns":3},{"damage":9,"enemies":"Large Slime","floor":10,"turns":5},{"damage":0,"enemies":"3 Sentries","floor":11,"turns":1},{"damage":0,"enemies":"Lots of Slimes","floor":13,"turns":1},{"damage":54,"enemies":"Fading Forest","floor":16,"turns":11},{"damage":13,"enemies":"3 Byrds","floor":18,"turns":6},{"damage":0,"enemies":"2 Thieves","floor":19,"turns":2},{"damage":3,"enemies":"Snake Plant","floor":22,"turns":4},{"damage":13,"enemies":"Book of Stabbing","floor":23,"turns":5},{"damage":10,"enemies":"Snecko","floor":24,"turns":3},{"damage":36,"enemies":"Slavers","floor":25,"turns":4},{"damage":1,"enemies":"Book of Stabbing","floor":29,"turns":4},{"damage":90,"enemies":"Collector","floor":33,"turns":11}],"seed_played":"5344057894741555501","potions_obtained":[{"floor":1,"key":"Explosive Potion"},{"floor":5,"key":"Swift Potion"},{"floor":8,"key":"Venom Potion"},{"floor":13,"key":"SpeedPotion"},{"floor":18,"key":"Weak Potion"},{"floor":22,"key":"Milkshake"},{"floor":29,"key":"Strength Potion"}],"is_trial":false,"path_per_floor":["M","?","$","?","M","E","R","M","T","M","E","?","M","?","R","B",null,"M","M","$","?","M","E","M","E","T","?","R","E","$","?","R","B"],"character_chosen":"DEFECT","items_purchased":["Beam Cell","Dark Shackles","Mercury Hourglass","ReplayTheSpireMod:TigerMarble","ReplayTheSpireMod:CursedCoin","Leap","Orichalcum"],"campfire_rested":2,"item_purchase_floors":[20,20,20,20,20,20,30],"current_hp_per_floor":[75,75,75,75,75,75,75,74,84,75,75,75,75,75,75,21,85,72,72,72,72,69,60,50,21,21,5,32,41,41,41,68,0,0],"gold":50,"neow_bonus":"THREE_ENEMY_KILL","is_daily":false,"chose_seed":false,"campfire_upgraded":0,"win_rate":0.0,"timestamp":1610307387,"path_taken":["M","?","$","?","M","E","R","?","T","M","E","?","M","?","R","BOSS","M","?","$","?","M","E","M","E","T","?","R","E","$","?","R","BOSS"],"items_purchased_type":["Card","Card","Relic","Relic","Relic","Card","Relic"],"build_version":"2020-12-22","purchased_purges":1,"victory":false,"max_hp_per_floor":[75,75,75,75,75,75,75,75,85,85,85,85,85,85,85,85,85,85,85,85,85,85,85,85,85,85,90,90,90,90,90,90,90,90],"card_choices":[{"not_picked":["Melter","Compile Driver"],"picked":"Sweeping Beam","floor":1},{"not_picked":["Beam Cell","Rebound"],"picked":"FTL","floor":5},{"not_picked":["ReplaySolidLightProjector","ReplayTheSpireMod:System Scan"],"picked":"Hyperbeam","floor":6},{"not_picked":["Rip and Tear","FIFO Queue"],"picked":"Steam","floor":8},{"not_picked":["Steam","Barrage"],"picked":"Leap","floor":10},{"not_picked":["Auto Shields","ReplayTheSpireMod:Omega Cannon"],"picked":"Streamline","floor":11},{"not_picked":["Gash","Hologram"],"picked":"Conserve Battery","floor":13},{"not_picked":["Mirror Shield","ReplayRNGCard"],"picked":"Seek","floor":16},{"not_picked":["Self Repair","Coolheaded"],"picked":"Turbo","floor":18},{"not_picked":["Sunder","Aggregate"],"picked":"Streamline","floor":19},{"not_picked":["Barrage","Chill"],"picked":"Redo","floor":22},{"not_picked":["Cold Snap","Go for the Eyes"],"picked":"Genetic Algorithm","floor":23},{"not_picked":["Coolheaded","Heatsinks"],"picked":"Self Repair","floor":24},{"not_picked":["Amplify","Heatsinks"],"picked":"FTL","floor":25},{"not_picked":["Gash","Self Repair"],"picked":"Ball Lightning","floor":29}],"player_experience":404038,"relics_obtained":[{"floor":6,"key":"Onion Ring"},{"floor":9,"key":"Pear"},{"floor":11,"key":"Replay:Wax Seal"},{"floor":23,"key":"Letter Opener"},{"floor":25,"key":"Pantograph"},{"floor":29,"key":"Replay:Bottled Snecko"}],"event_choices":[{"cards_removed":["Strike_B"],"damage_healed":0,"gold_gain":0,"player_choice":"Card Removal","damage_taken":0,"max_hp_gain":0,"max_hp_loss":0,"event_name":"The Cleric","floor":2,"gold_loss":50},{"damage_healed":0,"gold_gain":100,"player_choice":"Gold","damage_taken":0,"max_hp_gain":0,"max_hp_loss":0,"event_name":"Wheel of Change","floor":4,"gold_loss":0},{"damage_healed":0,"gold_gain":65,"player_choice":"Gained Gold","damage_taken":0,"max_hp_gain":0,"max_hp_loss":0,"event_name":"Golden Wing","floor":12,"gold_loss":0},{"damage_healed":0,"gold_gain":0,"player_choice":"Upgraded","damage_taken":0,"max_hp_gain":0,"max_hp_loss":0,"event_name":"Upgrade Shrine","floor":14,"gold_loss":0,"cards_upgraded":["Zap"]},{"damage_healed":0,"gold_gain":0,"player_choice":"Ignored","damage_taken":0,"max_hp_gain":0,"max_hp_loss":0,"event_name":"Vampires","floor":21,"gold_loss":0},{"damage_healed":0,"gold_gain":0,"player_choice":"Shed Blood","damage_taken":21,"max_hp_gain":5,"max_hp_loss":0,"event_name":"Forgotten Altar","floor":27,"gold_loss":0},{"damage_healed":0,"gold_gain":0,"player_choice":"Stole Relic","damage_taken":0,"relics_obtained":["DataDisk"],"max_hp_gain":0,"max_hp_loss":0,"event_name":"Addict","floor":31,"gold_loss":0,"cards_obtained":["Shame"]}],"is_beta":false,"boss_relics":[{"not_picked":["Sozu","Runic Dome"],"picked":"SlaversCollar"}],"items_purged_floors":[20],"is_endless":false,"potions_floor_spawned":[1,5,8,13,18,22,29],"killed_by":"Collector","ascension_level":1}}