{"host":"2lo6hma6kymb0g9i","time":1610270124,"event":{"mods":["BaseMod","Colored Map","DeckTracker","Minty Spire (QoL Compilation)"],"gold_per_floor":[112,112,129,129,129,155,175,175,202,202,218,251,251,176,176,277,277,295,195,195,195,206,206,219,246,246,246,246,246,81,107,107,210,210,221,145,145,145,191,191,225,245,270,288,288,288,109,127,127,127],"floor_reached":51,"playtime":3731,"items_purged":["Strike_B","Strike_B","Strike_B"],"score":1146,"play_id":"159d29b0-f179-45d4-b466-a712a0d6ab66","local_time":"20210110181524","is_ascension_mode":true,"campfire_choices":[{"data":"Go for the Eyes","floor":8.0,"key":"SMITH"},{"data":"Chill","floor":10.0,"key":"SMITH"},{"data":"Dualcast","floor":13.0,"key":"SMITH"},{"data":"Compile Driver","floor":15.0,"key":"SMITH"},{"data":"Defragment","floor":23.0,"key":"SMITH"},{"floor":27.0,"key":"REST"},{"data":"Defragment","floor":29.0,"key":"SMITH"},{"data":"Capacitor","floor":32.0,"key":"SMITH"},{"data":"Multi-Cast","floor":40.0,"key":"SMITH"},{"floor":46.0,"key":"REST"},{"floor":49,"key":"REST"}],"circlet_count":0,"master_deck":["AscendersBane","Strike_B","Defend_B","Defend_B","Defend_B","Defend_B","Zap+1","Dualcast+1","Go for the Eyes+1","Chill+1","Machine Learning","Compile Driver+1","Genetic Algorithm","Seek","Leap","Defragment+1","Barrage+1","Hologram+1","Defragment+1","Capacitor+1","Multi-Cast+1","Reboot","Leap+1","Defragment","Finesse","Defragment+1","Hologram+1","Redo","Cold Snap","Echo Form","Apotheosis","FTL+1"],"relics":["Cracked Core","NeowsBlessing","Bag of Marbles","Symbiotic Virus","Akabeko","Kunai","SlaversCollar","Red Mask","Calipers","Bronze Scales","Inserter","StoneCalendar","Prayer Wheel","DataDisk"],"acts_visited":["Exordium","TheCity","TheBeyond"],"potions_floor_usage":[48,50],"damage_taken":[{"damage":0.0,"enemies":"Jaw Worm","floor":1.0,"turns":1.0},{"damage":0.0,"enemies":"Cultist","floor":3.0,"turns":1.0},{"damage":0.0,"enemies":"Lagavulin","floor":6.0,"turns":1.0},{"damage":0.0,"enemies":"2 Louse","floor":7.0,"turns":2.0},{"damage":0.0,"enemies":"Looter","floor":11.0,"turns":1.0},{"damage":11.0,"enemies":"Gremlin Nob","floor":12.0,"turns":3.0},{"damage":25.0,"enemies":"Hexaghost","floor":16.0,"turns":8.0},{"damage":9.0,"enemies":"2 Thieves","floor":18.0,"turns":4.0},{"damage":0.0,"enemies":"Chosen","floor":22.0,"turns":4.0},{"damage":39.0,"enemies":"3 Cultists","floor":24.0,"turns":5.0},{"damage":4.0,"enemies":"Masked Bandits","floor":25.0,"turns":5.0},{"damage":0.0,"enemies":"Gremlin Leader","floor":31.0,"turns":6.0},{"damage":5.0,"enemies":"Champ","floor":33.0,"turns":8.0},{"damage":0.0,"enemies":"Orb Walker","floor":35.0,"turns":3.0},{"damage":18.0,"enemies":"2 Orb Walkers","floor":39.0,"turns":4.0},{"damage":36.0,"enemies":"Reptomancer","floor":41.0,"turns":5.0},{"damage":0.0,"enemies":"3 Darklings","floor":42.0,"turns":6.0},{"damage":2.0,"enemies":"4 Shapes","floor":44.0,"turns":7.0},{"damage":17,"enemies":"Transient","floor":48,"turns":5},{"damage":0,"enemies":"Awakened One","floor":50,"turns":13}],"seed_played":"5015876904076517210","potions_obtained":[{"floor":7.0,"key":"BlessingOfTheForge"},{"floor":12.0,"key":"Strength Potion"},{"floor":16.0,"key":"FocusPotion"},{"floor":24.0,"key":"FairyPotion"},{"floor":33.0,"key":"DistilledChaos"},{"floor":39.0,"key":"Swift Potion"},{"floor":42.0,"key":"Block Potion"}],"is_trial":false,"path_per_floor":["M","?","M","?","?","E","M","R","T","R","M","E","R","$","R","B",null,"M","$","?","?","M","R","M","?","T","R","?","R","$","E","R","B",null,"M","$","?","?","?","R","E","M","T","M","?","R","$","M","R","B",null],"character_chosen":"DEFECT","items_purchased":["Capacitor","Defragment","Apotheosis"],"campfire_rested":3,"item_purchase_floors":[30,36,47],"current_hp_per_floor":[68,68,68,61,66,66,66,66,66,66,66,55,55,55,55,30,68,59,59,59,59,59,59,20,16,16,40,40,40,40,40,40,35,69,69,69,69,69,51,51,15,15,15,13,13,35,35,18,40,40],"gold":127,"neow_bonus":"THREE_ENEMY_KILL","is_daily":false,"chose_seed":false,"campfire_upgraded":8,"win_rate":0.0,"timestamp":1610270124,"path_taken":["M","?","?","?","?","E","M","R","T","R","M","E","R","$","R","BOSS","M","$","?","?","M","R","M","?","T","R","?","R","$","E","R","BOSS","M","$","?","?","?","R","E","M","T","M","?","R","$","?","R","BOSS"],"items_purchased_type":["Card","Card","Card"],"build_version":"2020-12-22","purchased_purges":3,"victory":true,"max_hp_per_floor":[75,75,75,75,80,80,80,80,80,80,80,80,80,80,80,80,80,80,80,80,80,80,80,80,80,80,80,80,80,80,80,80,80,80,80,80,80,76,76,76,76,76,76,76,76,76,76,76,76,76],"card_choices":[{"not_picked":["Hologram","Coolheaded"],"picked":"Go for the Eyes","floor":1.0},{"not_picked":["Leap","Conserve Battery"],"picked":"Chill","floor":3.0},{"not_picked":["Force Field","Sweeping Beam"],"picked":"Machine Learning","floor":6.0},{"not_picked":["Rebound","Double Energy"],"picked":"Compile Driver","floor":7.0},{"not_picked":["Scrape","Doom and Gloom","Go for the Eyes"],"picked":"SKIP","floor":11.0},{"not_picked":["Heatsinks","Ball Lightning"],"picked":"Genetic Algorithm","floor":12.0},{"not_picked":["Rainbow","Machine Learning"],"picked":"Seek","floor":16.0},{"not_picked":["Sunder+1","Scrape"],"picked":"Leap","floor":18.0},{"not_picked":["Steam+1","Sweeping Beam"],"picked":"Defragment","floor":22.0},{"not_picked":["Fusion","Beam Cell+1"],"picked":"Barrage+1","floor":24.0},{"not_picked":["Go for the Eyes","Blizzard"],"picked":"Hologram+1","floor":25.0},{"not_picked":["Chill","Reinforced Body"],"picked":"Multi-Cast","floor":31.0},{"not_picked":["Electrodynamics","Rainbow"],"picked":"Reboot","floor":33.0},{"not_picked":["Barrage","Steam+1"],"picked":"Leap+1","floor":35.0},{"not_picked":["Magnetism","HandOfGreed"],"picked":"Finesse","floor":37.0},{"not_picked":["Barrage+1","Ball Lightning+1"],"picked":"Defragment+1","floor":39.0},{"not_picked":["Chaos+1","Turbo"],"picked":"Hologram+1","floor":41.0},{"not_picked":["FTL+1","Leap+1"],"picked":"Redo","floor":42.0},{"not_picked":["Redo+1","Streamline+1"],"picked":"Cold Snap","floor":42.0},{"not_picked":["Stack","Streamline"],"picked":"Echo Form","floor":44.0},{"not_picked":["Gash","Hello World+1","Scrape"],"picked":"SKIP","floor":44.0},{"not_picked":["Storm+1","Melter+1"],"picked":"FTL+1","floor":48},{"not_picked":["Rebound+1","Doom and Gloom","Ball Lightning+1"],"picked":"SKIP","floor":48}],"player_experience":1007037,"relics_obtained":[{"floor":6.0,"key":"Symbiotic Virus"},{"floor":9.0,"key":"Akabeko"},{"floor":12.0,"key":"Kunai"},{"floor":25.0,"key":"Red Mask"},{"floor":26.0,"key":"Calipers"},{"floor":31.0,"key":"Bronze Scales"},{"floor":39.0,"key":"StoneCalendar"},{"floor":41.0,"key":"Prayer Wheel"},{"floor":43.0,"key":"DataDisk"}],"event_choices":[{"damage_healed":0.0,"max_hp_gain":0.0,"max_hp_loss":0.0,"gold_gain":0.0,"event_name":"Upgrade Shrine","player_choice":"Upgraded","floor":2.0,"gold_loss":0.0,"damage_taken":0.0,"cards_upgraded":["Zap"]},{"damage_healed":0.0,"max_hp_gain":0.0,"max_hp_loss":0.0,"gold_gain":0.0,"event_name":"Scrap Ooze","player_choice":"Success","floor":4.0,"gold_loss":0.0,"damage_taken":7.0,"relics_obtained":["Bag of Marbles"]},{"damage_healed":0.0,"max_hp_gain":5.0,"max_hp_loss":0.0,"gold_gain":0.0,"event_name":"Big Fish","player_choice":"Donut","floor":5.0,"gold_loss":0.0,"damage_taken":0.0},{"damage_healed":0.0,"max_hp_gain":0.0,"max_hp_loss":0.0,"gold_gain":0.0,"event_name":"The Mausoleum","player_choice":"Ignored","floor":20.0,"gold_loss":0.0,"damage_taken":0.0},{"damage_healed":0.0,"max_hp_gain":0.0,"max_hp_loss":0.0,"gold_gain":0.0,"event_name":"Ghosts","player_choice":"Ignored","floor":21.0,"gold_loss":0.0,"damage_taken":0.0},{"damage_healed":0.0,"max_hp_gain":0.0,"max_hp_loss":0.0,"gold_gain":0.0,"event_name":"Masked Bandits","player_choice":"Fought Bandits","floor":25.0,"gold_loss":0.0,"damage_taken":0.0},{"damage_healed":0.0,"max_hp_gain":0.0,"max_hp_loss":0.0,"gold_gain":0.0,"event_name":"The Library","player_choice":"Read","floor":28.0,"gold_loss":0.0,"damage_taken":0.0,"cards_obtained":["Defragment"]},{"damage_healed":0.0,"max_hp_gain":0.0,"max_hp_loss":0.0,"gold_gain":0.0,"event_name":"SensoryStone","player_choice":"Memory 1","floor":37.0,"gold_loss":0.0,"damage_taken":0.0},{"damage_healed":0.0,"max_hp_gain":0.0,"max_hp_loss":4.0,"gold_gain":0.0,"event_name":"Winding Halls","player_choice":"Max HP","floor":38.0,"gold_loss":0.0,"damage_taken":0.0},{"damage_healed":0.0,"max_hp_gain":0.0,"max_hp_loss":0.0,"gold_gain":0.0,"event_name":"Mysterious Sphere","player_choice":"Fight","floor":39.0,"gold_loss":0.0,"damage_taken":0.0},{"damage_healed":0.0,"max_hp_gain":0.0,"max_hp_loss":0.0,"gold_gain":0.0,"event_name":"The Woman in Blue","player_choice":"Bought 0 Potions","floor":45.0,"gold_loss":0.0,"damage_taken":0.0}],"is_beta":false,"boss_relics":[{"not_picked":["Black Star","Velvet Choker"],"picked":"SlaversCollar"},{"not_picked":["Snecko Eye","Cursed Key"],"picked":"Inserter"}],"items_purged_floors":[14,19,30],"is_endless":false,"potions_floor_spawned":[7,12,16,24,33,39,42,44],"ascension_level":10}}