{"host":"ds3v42j7tpaaz1mg","time":1610239752,"event":{"mods":["AchievementEnabler","Aspiration","BaseMod","Bestiary","Better Altar","Better Note","Better Sensory Stone","BetterRewards","Block Reminder","Colored Powertips","Conspire","Downfall","Energized Spire","Halation","Hermit","Highlight Path","Hubris","Infinite Spire","Jorbs\u0027s Wanderer Trilogy","Minty Spire (QoL Compilation)","Relic Stats","Replay The Spire","StSLib","The Elementalist","The Servant 0.9.4","vexMod"],"gold_per_floor":[17,17,17,17,32,50,50,75,125,158,128,142,176,197,247,247,247],"floor_reached":16,"playtime":659,"items_purged":[],"score":146,"play_id":"10b4cb2f-879f-43f9-a923-af75f4e829bf","local_time":"20210109194912","is_ascension_mode":true,"campfire_choices":[{"data":"Panache","floor":7.0,"key":"SMITH"},{"floor":15.0,"key":"REST"}],"circlet_count":0,"master_deck":["Strike_G","Strike_G","Strike_G","Strike_G","Strike_G","Defend_G","Defend_G","Defend_G","Defend_G","Defend_G","Survivor","Neutralize","Panache+1","Poisoned Stab","ReplayTheSpireMod:Scrap Shanks","Malaise","Deadly Poison","Backstab","Backstab"],"relics":["Ring of the Snake","Golden Idol","Blood Vial","hubris:OldNail","hubris:MobiusCoin"],"acts_visited":["Exordium"],"potions_floor_usage":[],"damage_taken":[{"damage":5.0,"enemies":"Cultist","floor":1.0,"turns":4.0},{"damage":0.0,"enemies":"Jaw Worm","floor":5.0,"turns":6.0},{"damage":1.0,"enemies":"Small Slimes","floor":6.0,"turns":4.0},{"damage":3.0,"enemies":"Blue Slaver","floor":8.0,"turns":6.0},{"damage":13.0,"enemies":"Replay:BlueRogue","floor":10.0,"turns":5.0},{"damage":22.0,"enemies":"Lots of Slimes","floor":12.0,"turns":6.0},{"damage":12.0,"enemies":"Lagavulin","floor":13.0,"turns":7.0},{"damage":2.0,"enemies":"Exordium Thugs","floor":14.0,"turns":6.0},{"damage":40,"enemies":"Slime Boss","floor":16,"turns":9}],"seed_played":"6603290389230196796","potions_obtained":[{"floor":1.0,"key":"Fruit Juice"},{"floor":5.0,"key":"LifebloodPotion"},{"floor":6.0,"key":"Doom Potion"},{"floor":11.0,"key":"Languid Potion"},{"floor":11.0,"key":"Venom Potion"},{"floor":13.0,"key":"LifebloodPotion"}],"is_trial":false,"path_per_floor":["M","$","$","?","M","M","R","M","T","E","?","M","E","M","R","B"],"character_chosen":"THE_SILENT","items_purchased":[],"campfire_rested":1,"item_purchase_floors":[],"current_hp_per_floor":[58,58,58,58,63,62,62,59,59,48,48,28,18,18,39,1,1],"gold":247,"neow_bonus":"RANDOM_COLORLESS_2","is_daily":false,"chose_seed":false,"campfire_upgraded":1,"win_rate":0.0,"timestamp":1610239752,"path_taken":["M","?","$","?","M","M","R","M","T","E","?","?","E","M","R","BOSS"],"items_purchased_type":[],"build_version":"2020-12-22","purchased_purges":0,"victory":false,"max_hp_per_floor":[70,70,70,65,70,70,70,70,70,70,70,70,70,70,70,70,70],"relic_stats":{"Blood Vial":10,"counters":[9,53],"Golden Idol":33,"obtain_stats":[{"Blood Vial":9,"hubris:MobiusCoin":13,"Golden Idol":4,"hubris:OldNail":10,"Ring of the Snake":0},{"Blood Vial":4,"hubris:MobiusCoin":7,"Golden Idol":1,"hubris:OldNail":5,"Ring of the Snake":0},{"Blood Vial":20,"hubris:MobiusCoin":38,"Golden Idol":4,"hubris:OldNail":25,"Ring of the Snake":0}],"Ring of the Snake":[18]},"card_choices":[{"not_picked":["Crow Ritual","Replay:Dark Deal"],"picked":"Panache","floor":0.0},{"not_picked":["Dodge and Roll","Hidden Blade","hubris:SlightOfHand"],"picked":"SKIP","floor":1.0},{"not_picked":["Sucker Punch","Acrobatics","Finisher"],"picked":"SKIP","floor":5.0},{"not_picked":["Deflect","Bouncing Flask"],"picked":"Poisoned Stab","floor":6.0},{"not_picked":["Blur","ReplayTheSpireMod:Tripwire"],"picked":"ReplayTheSpireMod:Scrap Shanks","floor":8.0},{"not_picked":["Outmaneuver","Draining Mist"],"picked":"Malaise","floor":10.0},{"not_picked":["Distraction","Terror"],"picked":"Deadly Poison","floor":12.0},{"not_picked":["hubris:SlightOfHand","Dagger Throw"],"picked":"Backstab","floor":13.0},{"not_picked":["ReplayTheSpireMod:Tripwire","Riddle With Holes"],"picked":"Backstab","floor":14.0}],"player_experience":601699,"relics_obtained":[{"floor":9.0,"key":"Blood Vial"},{"floor":10.0,"key":"hubris:OldNail"},{"floor":13.0,"key":"hubris:MobiusCoin"}],"event_choices":[{"damage_healed":0.0,"max_hp_gain":0.0,"max_hp_loss":5.0,"gold_gain":0.0,"event_name":"Golden Idol","player_choice":"Lose Max HP","floor":4.0,"gold_loss":0.0,"damage_taken":0.0,"relics_obtained":["Golden Idol"]},{"damage_healed":0.0,"max_hp_gain":0.0,"max_hp_loss":0.0,"gold_gain":0.0,"event_name":"The Woman in Blue","player_choice":"Bought 2 Potions","floor":11.0,"gold_loss":0.0,"damage_taken":0.0}],"is_beta":false,"boss_relics":[],"items_purged_floors":[],"is_endless":false,"potions_floor_spawned":[1,5,6,13],"killed_by":"Slime Boss","ascension_level":6}}