{"host":"d23wowvt3mehu8rg","time":1610274407,"event":{"mods":["BaseMod","Colored Powertips","Dark Map","Highlight Path","Minty Spire (QoL Compilation)","Slay-I"],"gold_per_floor":[119,137,137,155,168,198,198,232,232,232,232,232,232,256,256,386,386,374,398,246,161,176,216,235,36,113,113,129,129,153,172,172,302,302,317,9,23,23,41,41,81,81,81,119,182,182,221,221,221,221],"floor_reached":51,"playtime":3806,"items_purged":["Injury","Strike_G"],"score":803,"play_id":"53b51c65-b729-4d02-9ed0-825f6d479bc7","local_time":"20210110112647","is_ascension_mode":true,"campfire_choices":[{"data":"Noxious Fumes","floor":7,"key":"SMITH"},{"data":"Neutralize","floor":10,"key":"SMITH"},{"data":"PiercingWail","floor":12,"key":"SMITH"},{"floor":15,"key":"REST"},{"floor":29,"key":"REST"},{"data":"Deadly Poison","floor":32,"key":"SMITH"},{"data":"Wraith Form v2","floor":40,"key":"SMITH"},{"floor":42,"key":"REST"},{"floor":46,"key":"REST"},{"floor":49,"key":"RECALL"}],"circlet_count":0,"master_deck":["Strike_G","Strike_G","Strike_G","Strike_G","Defend_G","Defend_G+1","Defend_G","Defend_G","Defend_G","Survivor","Neutralize+1","Infinite Blades+1","Noxious Fumes+1","Dodge and Roll","Dagger Spray","PiercingWail+1","Wraith Form v2+1","Blade Dance","Deadly Poison+1","Neutralize","Bane+1","Flying Knee","Tools of the Trade","Dash","Backflip","PiercingWail","Distraction+1","Finisher+1"],"relics":["Ring of the Snake","Sundial","Nunchaku","Kunai","Golden Idol","WristBlade","Shuriken","Bag of Marbles","Snake Skull","Gremlin Horn","Busted Crown","Vajra","Lantern","Molten Egg 2","Pen Nib","StoneCalendar","TungstenRod"],"acts_visited":["Exordium","TheCity","TheBeyond"],"potions_floor_usage":[6,8,16,23,23,33,33,33,41,41,50,50],"damage_taken":[{"damage":0,"enemies":"Cultist","floor":1,"turns":6},{"damage":1,"enemies":"Jaw Worm","floor":2,"turns":5},{"damage":0,"enemies":"2 Louse","floor":4,"turns":4},{"damage":2,"enemies":"Large Slime","floor":5,"turns":8},{"damage":12,"enemies":"Gremlin Nob","floor":6,"turns":4},{"damage":11,"enemies":"3 Sentries","floor":8,"turns":5},{"damage":13,"enemies":"Gremlin Gang","floor":14,"turns":5},{"damage":9,"enemies":"The Guardian","floor":16,"turns":13},{"damage":11,"enemies":"2 Thieves","floor":18,"turns":4},{"damage":0,"enemies":"3 Byrds","floor":19,"turns":5},{"damage":16,"enemies":"Centurion and Healer","floor":22,"turns":7},{"damage":22,"enemies":"Slavers","floor":23,"turns":5},{"damage":20,"enemies":"Chosen and Byrds","floor":24,"turns":6},{"damage":3,"enemies":"Snake Plant","floor":28,"turns":4},{"damage":2,"enemies":"Sentry and Sphere","floor":30,"turns":5},{"damage":0,"enemies":"3 Cultists","floor":31,"turns":4},{"damage":30,"enemies":"Collector","floor":33,"turns":6},{"damage":2,"enemies":"3 Darklings","floor":35,"turns":3},{"damage":8,"enemies":"3 Shapes","floor":37,"turns":4},{"damage":5,"enemies":"Transient","floor":39,"turns":5},{"damage":52,"enemies":"Giant Head","floor":41,"turns":8},{"damage":0,"enemies":"Nemesis","floor":44,"turns":5},{"damage":0,"enemies":"Mind Bloom Boss Battle","floor":45,"turns":4},{"damage":0,"enemies":"Reptomancer","floor":47,"turns":3},{"damage":25,"enemies":"Awakened One","floor":50,"turns":10}],"seed_played":"8914561019650230693","potions_obtained":[{"floor":1,"key":"Explosive Potion"},{"floor":5,"key":"BlessingOfTheForge"},{"floor":14,"key":"PowerPotion"},{"floor":16,"key":"LiquidBronze"},{"floor":18,"key":"Regen Potion"},{"floor":23,"key":"CultistPotion"},{"floor":30,"key":"Weak Potion"},{"floor":33,"key":"Block Potion"},{"floor":37,"key":"Fire Potion"},{"floor":41,"key":"Dexterity Potion"},{"floor":47,"key":"SteroidPotion"}],"is_trial":false,"path_per_floor":["M","M","?","M","M","E","R","E","T","R","?","R","?","M","R","B",null,"M","M","$","?","M","E","M","$","T","?","M","R","M","M","R","B",null,"M","$","M","$","M","R","E","R","T","E","?","R","E","?","R","B",null],"character_chosen":"THE_SILENT","items_purchased":["EssenceOfSteel","Blade Dance","Snake Skull","Backflip","Vajra"],"campfire_rested":4,"item_purchase_floors":[20,25,25,36,36],"current_hp_per_floor":[77,76,64,64,62,50,50,39,39,39,39,39,24,11,34,25,77,66,66,66,66,50,42,22,22,22,22,19,42,40,40,40,10,77,75,75,67,67,62,62,10,33,33,33,33,56,56,56,56,31],"gold":221,"neow_bonus":"TEN_PERCENT_HP_BONUS","is_daily":false,"chose_seed":false,"campfire_upgraded":5,"win_rate":0.0,"timestamp":1610274407,"path_taken":["M","?","?","M","M","E","R","E","T","R","?","R","?","M","R","BOSS","M","M","$","?","M","E","M","$","T","?","M","R","M","?","R","BOSS","M","$","M","$","M","R","E","R","T","E","?","R","E","?","R","BOSS"],"items_purchased_type":["Potion","Card","Relic","Card","Relic"],"build_version":"2020-12-22","purchased_purges":2,"victory":true,"max_hp_per_floor":[77,77,77,77,77,77,77,77,77,77,77,77,77,77,77,77,77,77,77,77,77,77,77,77,77,77,77,77,77,77,77,77,77,77,77,77,77,77,77,77,77,77,77,77,77,77,77,77,77,77],"card_choices":[{"not_picked":["Deflect","Backflip"],"picked":"Infinite Blades","floor":1},{"not_picked":["Endless Agony","Dodge and Roll"],"picked":"Noxious Fumes","floor":2},{"not_picked":["Choke","Quick Slash"],"picked":"Dodge and Roll","floor":4},{"not_picked":["Eviscerate","Night Terror"],"picked":"Dagger Spray","floor":5},{"not_picked":["Venomology","Dagger Spray"],"picked":"PiercingWail","floor":6},{"not_picked":["Outmaneuver","Caltrops","Slice"],"picked":"SKIP","floor":8},{"not_picked":["Poisoned Stab","Acrobatics","Deadly Poison"],"picked":"SKIP","floor":14},{"not_picked":["A Thousand Cuts","Bullet Time"],"picked":"Wraith Form v2","floor":16},{"not_picked":["PiercingWail","Prepared","Outmaneuver"],"picked":"SKIP","floor":18},{"not_picked":["Deflect","Concentrate","Underhanded Strike+1"],"picked":"SKIP","floor":19},{"not_picked":["Flechettes","Outmaneuver","Flying Knee"],"picked":"SKIP","floor":22},{"not_picked":["Tactician","Glass Knife","Heel Hook+1"],"picked":"SKIP","floor":23},{"not_picked":["Deadly Poison","Slice","Noxious Fumes+1"],"picked":"SKIP","floor":24},{"not_picked":["Dodge and Roll","Accuracy","Deflect"],"picked":"SKIP","floor":28},{"not_picked":["Quick Slash","Flying Knee+1"],"picked":"Bane+1","floor":30},{"not_picked":["Predator","Well Laid Plans"],"picked":"Flying Knee","floor":31},{"not_picked":["Venomology","Grand Finale"],"picked":"Tools of the Trade","floor":33},{"not_picked":[],"picked":"Dash","floor":35},{"not_picked":["Poisoned Stab"],"picked":"SKIP","floor":37},{"not_picked":["Outmaneuver+1"],"picked":"SKIP","floor":39},{"not_picked":["Outmaneuver+1"],"picked":"SKIP","floor":39},{"not_picked":[],"picked":"PiercingWail","floor":41},{"not_picked":[],"picked":"Distraction+1","floor":44},{"not_picked":[],"picked":"Finisher+1","floor":45},{"not_picked":["A Thousand Cuts"],"picked":"SKIP","floor":47}],"player_experience":162581,"relics_obtained":[{"floor":6,"key":"Nunchaku"},{"floor":8,"key":"Kunai"},{"floor":23,"key":"Bag of Marbles"},{"floor":26,"key":"Gremlin Horn"},{"floor":41,"key":"Lantern"},{"floor":43,"key":"Molten Egg 2"},{"floor":44,"key":"Pen Nib"},{"floor":45,"key":"StoneCalendar"},{"floor":47,"key":"TungstenRod"}],"event_choices":[{"damage_healed":0,"gold_gain":0,"player_choice":"Success","damage_taken":12,"relics_obtained":["Sundial"],"max_hp_gain":0,"max_hp_loss":0,"event_name":"Scrap Ooze","floor":3,"gold_loss":0},{"damage_healed":0,"gold_gain":0,"player_choice":"Take Wound","damage_taken":0,"relics_obtained":["Golden Idol"],"max_hp_gain":0,"max_hp_loss":0,"event_name":"Golden Idol","floor":11,"gold_loss":0,"cards_obtained":["Injury"]},{"damage_healed":0,"gold_gain":0,"player_choice":"Entered Light","damage_taken":15,"max_hp_gain":0,"max_hp_loss":0,"event_name":"Shining Light","floor":13,"gold_loss":0,"cards_upgraded":["Defend_G","Infinite Blades"]},{"damage_healed":0,"gold_gain":0,"player_choice":"Obtained Relic","damage_taken":0,"relics_obtained":["Shuriken"],"max_hp_gain":0,"max_hp_loss":0,"event_name":"Addict","floor":21,"gold_loss":85},{"damage_healed":0,"gold_gain":0,"player_choice":"2 cards matched","damage_taken":0,"max_hp_gain":0,"max_hp_loss":0,"event_name":"Match and Keep!","floor":27,"gold_loss":0,"cards_obtained":["Deadly Poison","Neutralize"]},{"damage_healed":0,"gold_gain":0,"player_choice":"Fight","damage_taken":0,"max_hp_gain":0,"max_hp_loss":0,"event_name":"MindBloom","floor":45,"gold_loss":0},{"damage_healed":0,"gold_gain":0,"player_choice":"Memory 1","damage_taken":0,"max_hp_gain":0,"max_hp_loss":0,"event_name":"SensoryStone","floor":48,"gold_loss":0}],"is_beta":false,"boss_relics":[{"not_picked":["Runic Pyramid","Velvet Choker"],"picked":"WristBlade"},{"not_picked":["HoveringKite","Snecko Eye"],"picked":"Busted Crown"}],"items_purged_floors":[20,36],"is_endless":false,"potions_floor_spawned":[1,5,14,16,18,23,30,33,37,41,47],"ascension_level":1}}