{"host":"359hz4210ybch7ku","time":1610313227,"event":{"mods":["BaseMod","Block Reminder","Colored Map","Colored Powertips","Highlight Path","Minty Spire (QoL Compilation)","Slay the Relics Exporter","StSLib"],"gold_per_floor":[114,189,34,34,52,52,82,82,82,139,154,174,20,35,35,134,134,145,45,45,58,58,58,91,139,139,139,139],"floor_reached":27,"playtime":1287,"items_purged":["Defend_P","Regret"],"score":360,"play_id":"ee6d822a-2c72-435f-9bfc-390ce6ac8a7c","local_time":"20210110131347","is_ascension_mode":true,"campfire_choices":[{"data":"MentalFortress","floor":6,"key":"SMITH"},{"floor":8,"key":"REST"},{"data":"Vengeance","floor":15,"key":"SMITH"},{"data":"Devotion","floor":23,"key":"SMITH"}],"circlet_count":0,"master_deck":["Defend_P","Defend_P","Defend_P","EmptyFist+1","ReachHeaven+1","Meditate+1","FollowUp","MentalFortress+1","Vengeance+1","Halt","Halt","Sanctity","Halt","Devotion+1","InnerPeace+1","Bite","Bite","Bite","Bite","Bite","FlurryOfBlows+1","Devotion"],"relics":["Astrolabe","CaptainsWheel","Regal Pillow","Strawberry","Medical Kit","VioletLotus","White Beast Statue","Juzu Bracelet","StrikeDummy"],"acts_visited":["Exordium","TheCity"],"potions_floor_usage":[18,24,24,27],"damage_taken":[{"damage":2,"enemies":"Jaw Worm","floor":1,"turns":3},{"damage":0,"enemies":"2 Louse","floor":5,"turns":2},{"damage":20,"enemies":"3 Sentries","floor":7,"turns":5},{"damage":19,"enemies":"Gremlin Nob","floor":10,"turns":3},{"damage":14,"enemies":"Small Slimes","floor":11,"turns":2},{"damage":3,"enemies":"Exordium Thugs","floor":12,"turns":4},{"damage":5,"enemies":"3 Louse","floor":14,"turns":2},{"damage":1,"enemies":"The Guardian","floor":16,"turns":5},{"damage":21,"enemies":"2 Thieves","floor":18,"turns":4},{"damage":8,"enemies":"Spheric Guardian","floor":21,"turns":3},{"damage":67,"enemies":"Book of Stabbing","floor":24,"turns":6},{"damage":6,"enemies":"Centurion and Healer","floor":27,"turns":1}],"seed_played":"-5086582517082808405","potions_obtained":[{"floor":11,"key":"ColorlessPotion"},{"floor":12,"key":"BlessingOfTheForge"},{"floor":16,"key":"GamblersBrew"},{"floor":18,"key":"AttackPotion"},{"floor":24,"key":"Block Potion"}],"is_trial":false,"path_per_floor":["M","?","$","?","M","R","E","R","T","?","M","M","$","M","R","B",null,"M","$","?","M","$","R","E","T","T","M"],"character_chosen":"WATCHER","items_purchased":["MentalFortress","Medical Kit"],"campfire_rested":1,"item_purchase_floors":[3,13],"current_hp_per_floor":[70,59,59,59,59,59,39,72,79,60,48,47,47,44,44,45,79,58,58,58,58,58,58,1,1,1,0,0],"gold":139,"neow_bonus":"BOSS_RELIC","is_daily":false,"chose_seed":false,"campfire_upgraded":3,"win_rate":0.0,"timestamp":1610313227,"path_taken":["M","?","$","?","M","R","E","R","T","?","?","M","$","M","R","BOSS","M","$","?","M","$","R","E","?","T","M"],"items_purchased_type":["Card","Relic"],"build_version":"2020-12-22","purchased_purges":2,"victory":false,"max_hp_per_floor":[72,72,72,72,72,72,72,72,79,79,79,79,79,79,79,79,79,79,79,79,79,79,79,79,79,79,79,79],"card_choices":[{"not_picked":["ThirdEye","Protect"],"picked":"FollowUp","floor":1},{"not_picked":["Adaptation","Protect"],"picked":"Vengeance","floor":5},{"not_picked":["TalkToTheHand","Consecrate"],"picked":"Halt","floor":7},{"not_picked":["WaveOfTheHand","Crescendo"],"picked":"Halt","floor":10},{"not_picked":["CutThroughFate","Prostrate","Worship"],"picked":"SKIP","floor":11},{"not_picked":["ForeignInfluence","Perseverance"],"picked":"Sanctity","floor":12},{"not_picked":["Evaluate","EmptyBody"],"picked":"Halt","floor":14},{"not_picked":["DeusExMachina","Alpha"],"picked":"Devotion","floor":16},{"not_picked":["EmptyBody+1","WheelKick+1"],"picked":"InnerPeace+1","floor":18},{"not_picked":["Crescendo","PathToVictory"],"picked":"FlurryOfBlows+1","floor":21},{"not_picked":["Wireheading+1","Protect"],"picked":"Devotion","floor":24}],"player_experience":182910,"relics_obtained":[{"floor":7,"key":"Regal Pillow"},{"floor":9,"key":"Strawberry"},{"floor":10,"key":"Blood Vial"},{"floor":24,"key":"White Beast Statue"},{"floor":25,"key":"Juzu Bracelet"},{"floor":26,"key":"StrikeDummy"}],"event_choices":[{"damage_healed":0,"gold_gain":75,"player_choice":"Gather Gold","damage_taken":11,"max_hp_gain":0,"max_hp_loss":0,"event_name":"World of Goop","floor":2,"gold_loss":0},{"damage_healed":0,"gold_gain":0,"player_choice":"Box","damage_taken":0,"relics_obtained":["CaptainsWheel"],"max_hp_gain":0,"max_hp_loss":0,"event_name":"Big Fish","floor":4,"gold_loss":0,"cards_obtained":["Regret"]},{"damage_healed":0,"gold_gain":30,"player_choice":"Searched \u00273\u0027 times","damage_taken":0,"max_hp_gain":0,"max_hp_loss":0,"event_name":"Dead Adventurer","floor":10,"gold_loss":0},{"damage_healed":0,"gold_gain":0,"player_choice":"Became a vampire (Vial)","damage_taken":0,"max_hp_gain":0,"max_hp_loss":0,"event_name":"Vampires","floor":20,"relics_lost":["Blood Vial"],"gold_loss":0,"cards_obtained":["Bite","Bite","Bite","Bite","Bite"]}],"is_beta":false,"boss_relics":[{"not_picked":["Coffee Dripper","Snecko Eye"],"picked":"VioletLotus"}],"items_purged_floors":[3,19],"is_endless":false,"potions_floor_spawned":[11,12,16,18,24],"killed_by":"Centurion and Healer","ascension_level":4}}