{"host":"s794kqxf2n1qz2yr","time":1610301918,"event":{"mods":["100% Spire Juice","2.2 Compatiblity","AchievementEnabler","Aspiration","BaseMod","ChefMod","Downfall","Friendly Minions","Hermit","HololiveMod","Melee Mod","Minty Spire (QoL Compilation)","Permanent Neow","StSLib","The Alterego","The Animator","The Disciple","The Marked"],"gold_per_floor":[99,99,109,259,259,259,259,288,288,29,61,105,105,118,130,130,130],"floor_reached":16,"playtime":2118,"items_purged":["Slimebound:Icky"],"score":133,"play_id":"791d40d8-c3a2-4176-babb-fbefe7de0b74","local_time":"20210110180518","daily_mods":["SealedDeck"],"is_ascension_mode":false,"campfire_choices":[{"data":"animator:Megumin","floor":1,"key":"SMITH"},{"data":"animator:Megumin+2","floor":9,"key":"SMITH"},{"data":"animator:Megumin+4","floor":13,"key":"SMITH"}],"circlet_count":0,"master_deck":["animator:Mitsuba","animator:OrikoMikuni","animator:Verdia","animator:Vanir","animator:ElricEdward","animator:ElricEdward","animator:YachiyoNanami","animator:Entoma+1","animator:Megumin+8","Iron Wave","Injury","animator:WinryRockbell+1","animator:Kuroyukihime","animator:Kazuma","animator:Millim+1","animator:Aqua","animator:Kaijin+1"],"relics":["animator:LivingPicture","animator:TheMissingPiece","animator:PurgingStone","Molten Egg 2","Frozen Egg 2","animator:BattleDrones","animator:AlchemistGlove","Peace Pipe"],"acts_visited":["Exordium"],"potions_floor_usage":[8],"damage_taken":[{"damage":4,"enemies":"Small Slimes","floor":3,"turns":4},{"damage":30,"enemies":"Lagavulin","floor":8,"turns":9},{"damage":3,"enemies":"downfall:FleeingMerchant","floor":10,"turns":4},{"damage":0,"enemies":"Cultist","floor":11,"turns":4},{"damage":0,"enemies":"Gremlin Nob","floor":12,"turns":4},{"damage":0,"enemies":"Jaw Worm","floor":14,"turns":3},{"damage":2,"enemies":"Blue Slaver","floor":15,"turns":3},{"damage":31,"enemies":"downfall:Silent","floor":16,"turns":8}],"seed_played":"-6187005465649240089","potions_obtained":[{"floor":3,"key":"Strength Potion"},{"floor":12,"key":"FearPotion"},{"floor":14,"key":"Weak Potion"}],"is_trial":true,"path_per_floor":["R","?","M","?","?","?","T","E","R","$","M","E","R","M","M","B"],"character_chosen":"THE_ANIMATOR","items_purchased":["animator:WinryRockbell+1","animator:Kuroyukihime"],"campfire_rested":0,"item_purchase_floors":[10,10],"current_hp_per_floor":[66,66,64,64,57,57,57,27,27,24,24,24,24,25,26,0,0],"gold":130,"neow_bonus":"","is_daily":false,"chose_seed":false,"campfire_upgraded":3,"win_rate":0.0,"timestamp":1610301918,"path_taken":["R","?","?","?","?","?","T","E","R","?","M","E","R","M","M","BOSS"],"items_purchased_type":["Card","Card"],"build_version":"2020-12-22","purchased_purges":1,"victory":false,"max_hp_per_floor":[66,66,68,68,68,68,68,68,68,68,68,68,68,69,70,70,70],"card_choices":[{"not_picked":["animator:UneriGinkaku","animator:Shinoa","animator:Kazuma"],"picked":"SKIP","floor":3},{"not_picked":["animator:MaesHughes","animator:Shalltear+1","animator:MamiTomoe+1"],"picked":"SKIP","floor":8},{"not_picked":["animator:ElricAlphonse","animator:DwarfShaman+1","animator:UneriGinkaku+1"],"picked":"SKIP","floor":10},{"not_picked":["animator:Mitsurugi+1","animator:Chris+1"],"picked":"animator:Kazuma","floor":11},{"not_picked":["animator:HiiragiShinya","animator:SayakaMiki"],"picked":"animator:Millim+1","floor":12},{"not_picked":["animator:Chung","animator:IrohaTamaki+1"],"picked":"animator:Aqua","floor":14},{"not_picked":["animator:Yoichi","animator:YuiTsuruno+1"],"picked":"animator:Kaijin+1","floor":15}],"player_experience":376861,"relics_obtained":[{"floor":7,"key":"animator:BattleDrones"},{"floor":8,"key":"animator:AlchemistGlove"},{"floor":12,"key":"Peace Pipe"}],"event_choices":[{"cards_removed":["animator:PandorasActor"],"damage_healed":0,"gold_gain":0,"player_choice":"Took Card","damage_taken":0,"max_hp_gain":0,"max_hp_loss":0,"event_name":"NoteForYourself","floor":2,"gold_loss":0,"cards_obtained":["Iron Wave"]},{"damage_healed":0,"gold_gain":0,"player_choice":"Success","damage_taken":7,"relics_obtained":["Molten Egg 2"],"max_hp_gain":0,"max_hp_loss":0,"event_name":"Scrap Ooze","floor":5,"gold_loss":0}],"is_beta":false,"boss_relics":[],"items_purged_floors":[10],"is_endless":false,"potions_floor_spawned":[3,12,14],"killed_by":"downfall:Silent","ascension_level":0}}