{"host":"ok3pmhc1fiz31noj","time":1610296809,"event":{"mods":["AchievementEnabler","BaseMod","Colored Map","Colored Powertips","Minty Spire (QoL Compilation)","Quick Restart","Relic Stats","Replay The Spire","StSLib"],"gold_per_floor":[119,44,44,44,67,67,98,98,122,122,157,173,199,46,46,46,46],"floor_reached":16,"playtime":511,"items_purged":["Defend_G"],"score":138,"play_id":"47ecba7d-7644-458c-9820-2209eda1652e","local_time":"20210111004009","is_ascension_mode":true,"campfire_choices":[{"data":"Burst","floor":6,"key":"SMITH"},{"data":"Cloak And Dagger","floor":8,"key":"SMITH"},{"data":"Cloak And Dagger","floor":10,"key":"SMITH"},{"data":"Survivor","floor":15,"key":"SMITH"}],"circlet_count":0,"master_deck":["Strike_G","Strike_G","Strike_G","Strike_G","Strike_G","Defend_G","Defend_G+1","Defend_G","Defend_G","Survivor+1","Neutralize","Cloak And Dagger+1","Burst+1","Cloak And Dagger+1","Cloak And Dagger+1","Hidden Blade","Backstab"],"relics":["Ring of the Snake","NeowsBlessing","Golden Idol","War Paint","Nunchaku","Letter Opener","Odd Mushroom","MealTicket"],"acts_visited":["Exordium"],"potions_floor_usage":[11],"damage_taken":[{"damage":0,"enemies":"Small Slimes","floor":1,"turns":1},{"damage":0,"enemies":"Cultist","floor":5,"turns":1},{"damage":0,"enemies":"Gremlin Nob","floor":7,"turns":1},{"damage":13,"enemies":"Lagavulin","floor":11,"turns":7},{"damage":0,"enemies":"Jaw Worm","floor":12,"turns":2},{"damage":1,"enemies":"The Mushroom Lair","floor":13,"turns":4},{"damage":41,"enemies":"The Guardian","floor":16,"turns":10}],"seed_played":"5191685348325693263","potions_obtained":[{"floor":5,"key":"SpeedPotion"},{"floor":11,"key":"SmokeBomb"},{"floor":13,"key":"BlessingOfTheForge"}],"is_trial":false,"path_per_floor":["M","$","?","?","M","R","E","R","T","R","E","M","?","$","R","B"],"character_chosen":"THE_SILENT","items_purchased":["MealTicket"],"campfire_rested":0,"item_purchase_floors":[14],"current_hp_per_floor":[70,70,53,53,53,53,53,53,53,53,40,40,39,39,39,0,0],"gold":46,"neow_bonus":"THREE_ENEMY_KILL","is_daily":false,"chose_seed":false,"campfire_upgraded":4,"win_rate":0.0,"timestamp":1610296809,"path_taken":["M","$","?","?","?","R","E","R","T","R","E","M","?","?","R","BOSS"],"items_purchased_type":["Relic"],"build_version":"2020-12-22","purchased_purges":1,"victory":false,"max_hp_per_floor":[70,70,70,70,70,70,70,70,70,70,70,70,70,70,70,70,70],"relic_stats":{"Nunchaku":[9],"counters":[7,26],"Golden Idol":26,"MealTicket":0,"Letter Opener":[64],"War Paint":["Cloak And Dagger","Defend_G"],"obtain_stats":[{"Nunchaku":9,"NeowsBlessing":0,"Golden Idol":3,"MealTicket":14,"Letter Opener":11,"War Paint":7,"Odd Mushroom":13,"Ring of the Snake":0},{"Nunchaku":3,"NeowsBlessing":0,"Golden Idol":1,"MealTicket":6,"Letter Opener":4,"War Paint":3,"Odd Mushroom":6,"Ring of the Snake":0},{"Nunchaku":3,"NeowsBlessing":0,"Golden Idol":1,"MealTicket":16,"Letter Opener":10,"War Paint":3,"Odd Mushroom":16,"Ring of the Snake":0}],"Ring of the Snake":[14]},"card_choices":[{"not_picked":["Sucker Punch","Well Laid Plans"],"picked":"Cloak And Dagger","floor":1},{"not_picked":["Flying Knee","Hidden Blade"],"picked":"Cloak And Dagger","floor":5},{"not_picked":["Dagger Throw","Backflip"],"picked":"Cloak And Dagger","floor":7},{"not_picked":["Sucker Punch","Bouncing Flask","Deadly Poison"],"picked":"SKIP","floor":11},{"not_picked":["Endless Agony","Prepared"],"picked":"Hidden Blade","floor":12},{"not_picked":["Dagger Spray","Skewer"],"picked":"Backstab","floor":13}],"player_experience":137111,"relics_obtained":[{"floor":7,"key":"War Paint"},{"floor":9,"key":"Nunchaku"},{"floor":11,"key":"Letter Opener"},{"floor":13,"key":"Odd Mushroom"}],"event_choices":[{"damage_healed":0,"gold_gain":0,"player_choice":"Take Damage","damage_taken":17,"relics_obtained":["Golden Idol"],"max_hp_gain":0,"max_hp_loss":0,"event_name":"Golden Idol","floor":3,"gold_loss":0},{"damage_healed":0,"gold_gain":0,"player_choice":"1 cards matched","damage_taken":0,"max_hp_gain":0,"max_hp_loss":0,"event_name":"Match and Keep!","floor":4,"gold_loss":0,"cards_obtained":["Burst"]},{"damage_healed":0,"gold_gain":0,"player_choice":"Fought Mushrooms","damage_taken":0,"max_hp_gain":0,"max_hp_loss":0,"event_name":"Mushrooms","floor":13,"gold_loss":0}],"is_beta":false,"boss_relics":[],"items_purged_floors":[2],"is_endless":false,"potions_floor_spawned":[5,11,13],"killed_by":"The Guardian","ascension_level":1}}