{"host":"z9mq1tf06lkrncmk","time":1610245048,"event":{"mods":["Aspiration","BaseMod","Conspire","GifTheSpireLib","Hermit","Hubris","Minty Spire (QoL Compilation)","RatMod","Remilia??????","Replay The Spire","Robot Space Explorer","Shade Mod","StSLib","Td1madao Mod","The Cursed","The Disciple","The Dragon Tamer","The Hierophant","The Jungle","The Marked","The Necromancer","The Senshi","The Servant 0.9.4"],"gold_per_floor":[115,132,132,146,70,70,96,107,107,107,126,160,177,197,197,302,302,316,289,214,214,114,141,141,141,164,184,184,216,216,231,231,336,336,352,135,135,148,148,174,174,174,174,95,123,123,123,138,138,138,138],"floor_reached":50,"playtime":7363,"items_purged":["Shade:Strike_Shade","Shade:Defend_Shade"],"score":573,"play_id":"d7e4567f-e60e-4ab8-9af0-ea1ef0272eeb","local_time":"20210109211728","is_ascension_mode":false,"campfire_choices":[{"data":"Shade:FleshOffering","floor":6,"key":"SMITH"},{"data":"Shade:LichForm","floor":24,"key":"SMITH"},{"floor":30,"key":"REST"},{"floor":32,"key":"REST"},{"data":"Shade:PoundOfFlesh","floor":41,"key":"SMITH"},{"data":"Shade:Putrefaction","floor":46,"key":"SMITH"},{"floor":49,"key":"REST"}],"circlet_count":0,"master_deck":["Shade:Strike_Shade","Shade:Strike_Shade","Shade:Strike_Shade","Shade:Defend_Shade+1","Shade:Defend_Shade","Shade:Defend_Shade","Shade:AnimateDead","Shade:CarefulCut","Shade:FleshOffering+1","Shade:TouchOfTheGrave+1","Shade:Premonition","Shade:PoundOfFlesh+1","Shade:SoulToxin+1","Shade:Trample","Shade:LichForm+1","Shade:CloudOfShrapnel","Shade:Putrefaction+1","Shade:SpectralStrikes+1","Shade:GoDigging","Shade:SkeletonArmy+1","Shade:Bonestorm+1","Shade:FleshLikeOak","Shade:LyeBath+1","Shade:CommandSoldier"],"relics":["Shade:YorickSkull","hubris:Towel","Peace Pipe","Bottled Tornado","ReplayTheSpireMod:Lightbulb","ChewingGum","hubris:Metronome","Boot","MutagenicStrength","Juzu Bracelet","Strawberry","conspire:SlowCooker","War Paint","Calipers","aspiration:FetidBarrel","Centennial Puzzle","White Beast Statue"],"acts_visited":["Exordium","TheCity","TheBeyond"],"potions_floor_usage":[16,16,19,23,45,45,50,50,50],"damage_taken":[{"damage":0,"enemies":"Jaw Worm","floor":1,"turns":5},{"damage":1,"enemies":"Small Slimes","floor":2,"turns":3},{"damage":0,"enemies":"Cultist","floor":4,"turns":4},{"damage":4,"enemies":"Gremlin Nob","floor":7,"turns":4},{"damage":0,"enemies":"3 Louse","floor":8,"turns":3},{"damage":5,"enemies":"Large Slime","floor":11,"turns":6},{"damage":2,"enemies":"Replay:BlueRogue","floor":12,"turns":6},{"damage":0,"enemies":"Red Slaver","floor":13,"turns":4},{"damage":3,"enemies":"Exordium Wildlife","floor":14,"turns":4},{"damage":57,"enemies":"Fading Forest","floor":16,"turns":11},{"damage":15,"enemies":"conspire:FuzzyDice","floor":18,"turns":4},{"damage":5,"enemies":"2 Thieves","floor":19,"turns":5},{"damage":2,"enemies":"Gremlin Leader","floor":23,"turns":6},{"damage":12,"enemies":"Centurion and Healer","floor":27,"turns":6},{"damage":0,"enemies":"Replay:Snechameleon","floor":29,"turns":5},{"damage":16,"enemies":"Snecko","floor":31,"turns":4},{"damage":2,"enemies":"conspire:MysteriousRune","floor":33,"turns":9},{"damage":38,"enemies":"Orb Walker","floor":35,"turns":5},{"damage":15,"enemies":"3 Shapes","floor":38,"turns":6},{"damage":2,"enemies":"R_Hoarder","floor":40,"turns":7},{"damage":4,"enemies":"Nemesis","floor":45,"turns":9},{"damage":23,"enemies":"Spire Growth","floor":48,"turns":6},{"damage":84,"enemies":"conspire:OrnateMirror","floor":50,"turns":8}],"seed_played":"3247884998139757521","potions_obtained":[{"floor":2,"key":"FearPotion"},{"floor":7,"key":"Fire Potion"},{"floor":8,"key":"Reflective Coating"},{"floor":16,"key":"Adrenaline Potion"},{"floor":18,"key":"Milkshake"},{"floor":19,"key":"PowerPotion"},{"floor":27,"key":"Block Potion"},{"floor":31,"key":"Energy Potion"},{"floor":45,"key":"Explosive Potion"},{"floor":48,"key":"Regen Potion"}],"is_trial":false,"path_per_floor":["M","M","?","M","$","R","E","M","T","?","M","E","M","M","R","B",null,"M","M","$","T","$","E","R","?","T","M","?","E","R","M","R","B",null,"M","$","?","M","?","E","R","T","T","$","E","R","?","M","R","B"],"character_chosen":"SHADE","items_purchased":["Shade:PoundOfFlesh","War Paint","Shade:GoDigging","Shade:FleshLikeOak"],"campfire_rested":3,"item_purchase_floors":[5,36,36,44],"current_hp_per_floor":[71,70,70,70,70,70,66,66,66,66,61,59,59,56,71,24,71,56,51,51,51,51,49,49,49,49,37,37,44,67,51,74,72,78,40,40,40,25,68,66,66,66,66,66,62,62,62,39,59,0,0],"gold":138,"neow_bonus":"TEN_PERCENT_HP_BONUS","is_daily":false,"chose_seed":false,"campfire_upgraded":4,"win_rate":0.0,"timestamp":1610245048,"path_taken":["M","M","?","M","$","R","E","M","T","?","M","E","M","M","R","BOSS","M","M","$","?","$","E","R","?","T","M","?","E","R","M","R","BOSS","M","$","?","M","?","E","R","?","T","$","E","R","?","M","R","BOSS"],"items_purchased_type":["Card","Relic","Card","Card"],"build_version":"2020-12-22","purchased_purges":2,"victory":false,"max_hp_per_floor":[71,71,71,71,71,71,71,71,71,71,71,71,71,71,71,71,71,71,71,71,71,71,71,71,71,71,71,71,78,78,78,78,78,78,78,78,78,78,68,68,68,68,68,68,68,68,68,68,68,68,68],"card_choices":[{"not_picked":["Shade:WallOfFlesh","Shade:FingerOfDeath"],"picked":"Shade:FleshOffering","floor":1},{"not_picked":["Shade:FleshToFlesh","Shade:ExtraLimbs"],"picked":"Shade:TouchOfTheGrave","floor":2},{"not_picked":["Shade:Haruspicy","Shade:CommandSoldier"],"picked":"Shade:Premonition","floor":4},{"not_picked":["Shade:Awaken","Shade:ClawBack"],"picked":"Shade:SoulToxin","floor":7},{"not_picked":["Shade:FreshBones","Shade:OfferingToTheBeyond"],"picked":"Shade:Trample","floor":8},{"not_picked":["Shade:GreyBargain","Shade:ExtraLimbs","Shade:FreshBones"],"picked":"SKIP","floor":11},{"not_picked":["Shade:Trample","Shade:FeralStrike","Shade:SpontaneousRitual"],"picked":"SKIP","floor":12},{"not_picked":["Shade:Excise","Shade:Premonition","Shade:CloudOfShrapnel"],"picked":"SKIP","floor":13},{"not_picked":["Shade:FeralStrike","Shade:SoulToxin","Shade:GreyBargain"],"picked":"SKIP","floor":14},{"not_picked":["Shade:MadHubris","Shade:LoseControl"],"picked":"Shade:LichForm","floor":16},{"not_picked":["Shade:ExtraLimbs","Shade:GoDigging"],"picked":"Shade:CloudOfShrapnel","floor":18},{"not_picked":["Shade:FuneraryArmor","Shade:Frenzy","Shade:RavenousHorde"],"picked":"SKIP","floor":19},{"not_picked":["Shade:CloudOfShrapnel","Shade:ClawBack","Shade:MadHubris"],"picked":"SKIP","floor":23},{"not_picked":["Shade:BoneShards","Shade:FleshToFlesh","Shade:CoffinDance"],"picked":"SKIP","floor":27},{"not_picked":["Shade:Putrefaction","Shade:GreyBargain"],"picked":"Shade:SpectralStrikes","floor":29},{"not_picked":["Shade:FuneraryArmor+1","Shade:BoneShards","Shade:CoffinDance"],"picked":"SKIP","floor":31},{"not_picked":["Shade:CoffinDance","Shade:Frenzy","Shade:FleshOffering"],"picked":"SKIP","floor":35},{"not_picked":["Shade:Patience+1","Shade:FuneraryArmor+1"],"picked":"Shade:SkeletonArmy+1","floor":38},{"not_picked":["Shade:CallWraith","Shade:SensePrey+1"],"picked":"Shade:Bonestorm+1","floor":40},{"not_picked":["Shade:CallWraith","Shade:Frenzy+1"],"picked":"Shade:LyeBath+1","floor":45},{"not_picked":["Shade:SoulToxin+1","Shade:CoffinDance"],"picked":"Shade:CommandSoldier","floor":48}],"player_experience":401685,"relics_obtained":[{"floor":7,"key":"Peace Pipe"},{"floor":9,"key":"Bottled Tornado"},{"floor":12,"key":"ReplayTheSpireMod:Lightbulb"},{"floor":21,"key":"hubris:Metronome"},{"floor":23,"key":"Boot"},{"floor":26,"key":"Juzu Bracelet"},{"floor":29,"key":"Strawberry"},{"floor":40,"key":"Calipers"},{"floor":42,"key":"aspiration:FetidBarrel"},{"floor":43,"key":"Centennial Puzzle"},{"floor":45,"key":"White Beast Statue"}],"event_choices":[{"damage_healed":0,"gold_gain":0,"player_choice":"Ignored","damage_taken":0,"max_hp_gain":0,"max_hp_loss":0,"event_name":"Transmorgrifier","floor":10,"gold_loss":0},{"damage_healed":0,"gold_gain":0,"player_choice":"Inject Mutagens","damage_taken":0,"relics_obtained":["MutagenicStrength"],"max_hp_gain":0,"max_hp_loss":0,"event_name":"Drug Dealer","floor":25,"gold_loss":0},{"damage_healed":0,"gold_gain":0,"player_choice":"1 cards matched","damage_taken":0,"max_hp_gain":0,"max_hp_loss":0,"event_name":"Match and Keep!","floor":28,"gold_loss":0,"cards_obtained":["Shade:Putrefaction"]},{"damage_healed":0,"gold_gain":0,"player_choice":"Ignored","damage_taken":0,"max_hp_gain":0,"max_hp_loss":0,"event_name":"Mysterious Sphere","floor":37,"gold_loss":0},{"damage_healed":68,"gold_gain":0,"player_choice":"Heal","damage_taken":0,"max_hp_gain":0,"max_hp_loss":10,"event_name":"The Moai Head","floor":39,"gold_loss":0}],"is_beta":false,"boss_relics":[{"not_picked":["Replay:Grab Bag","hubris:ScarierMask"],"picked":"ChewingGum"},{"not_picked":["Snecko Eye","aspiration:SilentSkillbook"],"picked":"conspire:SlowCooker"}],"items_purged_floors":[20,22],"is_endless":false,"potions_floor_spawned":[2,7,8,12,16,18,19,27,31,35,38,45,48],"killed_by":"conspire:OrnateMirror","ascension_level":0}}