{"host":"92108ef2q9tm8rod","time":1610275748,"event":{"mods":["BaseMod","Defuse TimeMaze Blight","Minty Spire (QoL Compilation)","StSLib","The Jungle"],"gold_per_floor":[111,122,122,137,149,149,168,199,199,199,199,199,199,230,230,328,328,340,357,357,357,377,302,302,302,302,334,334,334,334,32,32,134,134,144,157,0,14,33,59,93,93,140,165,215,215,249,264,264,264],"floor_reached":51,"playtime":1989,"items_purged":["Armaments+1"],"score":1041,"play_id":"9baf9e88-6330-49ff-b2d6-6fa13dfb59c6","local_time":"20210110104908","daily_mods":["SealedDeck","Vintage","Colorless Cards","Heirloom","Flight"],"is_ascension_mode":false,"campfire_choices":[{"data":"Armaments","floor":6,"key":"SMITH"},{"data":"Inflame","floor":10,"key":"SMITH"},{"data":"Searing Blow","floor":11,"key":"SMITH"},{"data":"Searing Blow+1","floor":12,"key":"SMITH"},{"data":"Searing Blow+2","floor":13,"key":"SMITH"},{"data":"Madness","floor":15,"key":"SMITH"},{"data":"Apotheosis","floor":25,"key":"SMITH"},{"data":"Searing Blow+3","floor":28,"key":"SMITH"},{"data":"Searing Blow+4","floor":29,"key":"SMITH"},{"data":"Searing Blow+5","floor":30,"key":"SMITH"},{"data":"Searing Blow+6","floor":32,"key":"SMITH"},{"data":"Searing Blow+7","floor":42,"key":"SMITH"},{"data":"Searing Blow+8","floor":49,"key":"SMITH"}],"circlet_count":0,"master_deck":["Dark Embrace","Forethought","Shockwave","Shrug It Off","Dark Shackles","Iron Wave+1","Shrug It Off","Heavy Blade+1","Searing Blow+9","Inflame+1","Madness+1","Apotheosis+1"],"relics":["Black Blood","Incense Burner","Ornamental Fan","Pen Nib","Molten Egg 2","Gremlin Horn","Bottled Flame","Whetstone","Mercury Hourglass","Regal Pillow","Art of War","Paper Frog","theJungle:BirthdayCakeSlice","Pantograph","Juzu Bracelet","Shuriken","Self Forming Clay","FossilizedHelix","Busted Crown","Bag of Marbles","Toxic Egg 2","Red Mask","Strawberry","Orichalcum","PreservedInsect","Darkstone Periapt","CeramicFish","StoneCalendar","Prayer Wheel","Blue Candle","Ancient Tea Set"],"acts_visited":["Exordium","Exordium","TheBeyond"],"potions_floor_usage":[8,14,33,50,50,50],"damage_taken":[{"damage":0,"enemies":"Jaw Worm","floor":1,"turns":4},{"damage":0,"enemies":"2 Louse","floor":2,"turns":3},{"damage":0,"enemies":"Small Slimes","floor":4,"turns":6},{"damage":0,"enemies":"Exordium Wildlife","floor":5,"turns":6},{"damage":0,"enemies":"Exordium Thugs","floor":7,"turns":4},{"damage":0,"enemies":"3 Sentries","floor":8,"turns":6},{"damage":3,"enemies":"Lagavulin","floor":14,"turns":4},{"damage":32,"enemies":"Hexaghost","floor":16,"turns":8},{"damage":0,"enemies":"theJungle:5_Spyders","floor":18,"turns":4},{"damage":0,"enemies":"theJungle:Flameango_and_Byrd","floor":19,"turns":5},{"damage":10,"enemies":"Snake Plant","floor":22,"turns":3},{"damage":7,"enemies":"theJungle:Cassacara","floor":27,"turns":4},{"damage":5,"enemies":"theJungle:TotemBoss","floor":33,"turns":6},{"damage":0,"enemies":"3 Darklings","floor":35,"turns":3},{"damage":0,"enemies":"3 Shapes","floor":36,"turns":3},{"damage":0,"enemies":"Transient","floor":38,"turns":5},{"damage":0,"enemies":"Writhing Mass","floor":39,"turns":3},{"damage":0,"enemies":"Reptomancer","floor":40,"turns":4},{"damage":0,"enemies":"Giant Head","floor":41,"turns":4},{"damage":0,"enemies":"Nemesis","floor":44,"turns":1},{"damage":0,"enemies":"Mind Bloom Boss Battle","floor":45,"turns":3},{"damage":0,"enemies":"Giant Head","floor":47,"turns":4},{"damage":0,"enemies":"Sphere and 2 Shapes","floor":48,"turns":3},{"damage":0,"enemies":"Donu and Deca","floor":50,"turns":4}],"seed_played":"-2640436654596876600","potions_obtained":[{"floor":1,"key":"SkillPotion"},{"floor":4,"key":"Regen Potion"},{"floor":5,"key":"BlessingOfTheForge"},{"floor":18,"key":"PowerPotion"},{"floor":27,"key":"Ancient Potion"},{"floor":36,"key":"CultistPotion"},{"floor":38,"key":"Dexterity Potion"}],"is_trial":true,"path_per_floor":["M","M","$","M","M","R","M","E","T","R","R","R","R","E","R","B",null,"M","M","?","?","M","$","T","R","T","E","R","R","R","$","R","B",null,"M","M","?","M","M","E","E","R","T","E","?","$","E","M","R","B",null],"character_chosen":"IRONCLAD","items_purchased":["FossilizedHelix"],"campfire_rested":0,"item_purchase_floors":[31],"current_hp_per_floor":[80,80,80,80,80,80,80,80,80,80,80,80,80,80,80,54,80,80,80,80,85,85,85,85,85,85,85,85,85,85,85,85,85,85,85,85,85,92,92,92,92,92,92,92,92,92,92,92,92,92],"gold":264,"neow_bonus":"","is_daily":false,"chose_seed":false,"campfire_upgraded":13,"win_rate":0.0,"timestamp":1610275748,"path_taken":["M","M","$","M","M","R","M","E","T","R","R","R","R","E","R","BOSS","M","M","?","?","M","$","?","R","T","E","R","R","R","$","R","BOSS","M","M","?","M","M","E","E","R","T","E","?","$","E","M","R","BOSS"],"items_purchased_type":["Relic"],"build_version":"2020-12-22","purchased_purges":1,"victory":true,"max_hp_per_floor":[80,80,80,80,80,80,80,80,80,80,80,80,80,80,80,80,80,80,80,80,85,85,85,85,85,85,85,85,85,85,85,85,85,85,85,85,85,92,92,92,92,92,92,92,92,92,92,92,92,92],"card_choices":[{"not_picked":["Clothesline+1","Uppercut+1"],"picked":"Inflame","floor":8},{"not_picked":["Enlightenment","Body Slam+1"],"picked":"Madness","floor":14},{"not_picked":["Juggernaut","Berserk"],"picked":"Apotheosis","floor":16},{"not_picked":["Bandage Up","Rupture","Sentinel"],"picked":"SKIP","floor":27},{"not_picked":["Shrug It Off+1"],"picked":"SKIP","floor":40},{"not_picked":["Shockwave+1"],"picked":"SKIP","floor":41},{"not_picked":["Warcry+1"],"picked":"SKIP","floor":44},{"not_picked":["Thunderclap+1"],"picked":"SKIP","floor":47}],"player_experience":3267444,"relics_obtained":[{"floor":1,"key":"Ornamental Fan"},{"floor":2,"key":"Pen Nib"},{"floor":4,"key":"Molten Egg 2"},{"floor":5,"key":"Gremlin Horn"},{"floor":7,"key":"Bottled Flame"},{"floor":8,"key":"Whetstone"},{"floor":9,"key":"Mercury Hourglass"},{"floor":14,"key":"Regal Pillow"},{"floor":18,"key":"Art of War"},{"floor":19,"key":"Paper Frog"},{"floor":22,"key":"Pantograph"},{"floor":24,"key":"Juzu Bracelet"},{"floor":26,"key":"Shuriken"},{"floor":27,"key":"Self Forming Clay"},{"floor":35,"key":"Bag of Marbles"},{"floor":36,"key":"Toxic Egg 2"},{"floor":38,"key":"Strawberry"},{"floor":39,"key":"Orichalcum"},{"floor":40,"key":"PreservedInsect"},{"floor":41,"key":"Darkstone Periapt"},{"floor":43,"key":"CeramicFish"},{"floor":44,"key":"StoneCalendar"},{"floor":45,"key":"Prayer Wheel"},{"floor":47,"key":"Blue Candle"},{"floor":48,"key":"Ancient Tea Set"}],"event_choices":[{"damage_healed":0,"gold_gain":0,"player_choice":"Paid","damage_taken":0,"relics_obtained":["Red Mask"],"max_hp_gain":0,"max_hp_loss":0,"event_name":"Tomb of Lord Red Mask","floor":37,"gold_loss":157},{"damage_healed":0,"gold_gain":0,"player_choice":"Fight","damage_taken":0,"max_hp_gain":0,"max_hp_loss":0,"event_name":"MindBloom","floor":45,"gold_loss":0}],"is_beta":false,"boss_relics":[{"not_picked":["Runic Pyramid","Astrolabe"],"picked":"Black Blood"},{"not_picked":["SacredBark","Fusion Hammer"],"picked":"Busted Crown"}],"items_purged_floors":[23],"is_endless":false,"potions_floor_spawned":[1,4,5,18,27,36,38,41,44,45,47,48],"ascension_level":0}}