{"host":"k9ocgmchziz83yjl","time":1610271559,"event":{"mods":["BaseMod","Friendly Minions","KinomotoSakuraMod(木之本樱)","Marisa（F雨　魔理沙）","Minty Spire (QoL Compilation)","MostiFishMod","Quick Restart","Replay The Spire","RumiaBox-露米娅的神秘盒子","Spicy Shops","StSLib","The Cursed","The Servant 0.9.4","[IsaacMod]以撒尖塔","【功能Mod】混沌之环修复补丁"],"gold_per_floor":[111,111,126,106,106,106,137,25,25,43,43,57,57,91,91,162,162,178,103,103,121,132,132,203,236,262,282,282,292,49,60,60,137,137,151,33,68,68,83,113,102,134,134,153,168,60,74,486,486,486,611,611,611,222,255,255],"floor_reached":57,"playtime":2142,"items_purged":["Strike_P","Strike_P","Defend_P","Strike_P+1","LessonLearned+1"],"score":3559,"play_id":"fe59dd6f-7483-4931-a432-f8579f572460","local_time":"20210110173919","is_ascension_mode":true,"campfire_choices":[{"data":"Eruption","floor":6.0,"key":"SMITH"},{"data":"ForeignInfluence","floor":11.0,"key":"SMITH"},{"data":"MostiFishMod:Moonprays","floor":15.0,"key":"SMITH"},{"data":"LessonLearned","floor":23.0,"key":"SMITH"},{"data":"MostiFishMod:StarHerder","floor":28.0,"key":"SMITH"},{"data":"Pot Of Greed","floor":32.0,"key":"SMITH"},{"floor":49.0,"key":"RECALL"},{"floor":53.0,"key":"REST"}],"circlet_count":0,"master_deck":["AscendersBane","Eruption+1","Vigilance+1","Consecrate+1","ForeignInfluence+1","DeceiveReality+1","MostiFishMod:Moonprays+1","MostiFishMod:StarHerder+1","MostiFishMod:ButterFly+1","FollowUp+1","Pot Of Greed+1","Pot Of Greed+1","MostiFishMod:KamiSmash+1","DeusExMachina+1","MostiFishMod:CyberBuddha+1"],"relics":["HolyWater","DaveBox","HushsDoor","SacredBark","NeowsBlessing","SynthV:TestCard","FaceOfCleric","MagicDraw2","Unceasing Top","SSSystem","ExusiaiGun","Gremlin Food","Replay:Wax Seal","Lee\u0027s Waffle","Grinning Jar","Guide Book","CloakClasp","Simple Rune","Snack Pack","Omamori","SynthV:C4","Bag of Preparation","BloodBag","Membership Card","MagicDraw1","Leech"],"acts_visited":["Exordium","TheCity","TheBeyond","TheEnding"],"potions_floor_usage":[56,56],"damage_taken":[{"damage":0.0,"enemies":"Small Slimes","floor":1.0,"turns":1.0},{"damage":0.0,"enemies":"Cultist","floor":3.0,"turns":1.0},{"damage":0.0,"enemies":"Lagavulin","floor":7.0,"turns":1.0},{"damage":0.0,"enemies":"2 Louse","floor":10.0,"turns":2.0},{"damage":0.0,"enemies":"Large Slime","floor":12.0,"turns":2.0},{"damage":0.0,"enemies":"Gremlin Nob","floor":14.0,"turns":2.0},{"damage":24.0,"enemies":"Hexaghost","floor":16.0,"turns":8.0},{"damage":0.0,"enemies":"2 Thieves","floor":18.0,"turns":1.0},{"damage":0.0,"enemies":"3 Byrds","floor":21.0,"turns":2.0},{"damage":0.0,"enemies":"Shelled Parasite and Fungi","floor":22.0,"turns":1.0},{"damage":0.0,"enemies":"Book of Stabbing","floor":25.0,"turns":1.0},{"damage":0.0,"enemies":"Snake Plant","floor":27.0,"turns":1.0},{"damage":0.0,"enemies":"Centurion and Healer","floor":29.0,"turns":1.0},{"damage":0.0,"enemies":"3 Cultists","floor":31.0,"turns":1.0},{"damage":0.0,"enemies":"Automaton","floor":33.0,"turns":1.0},{"damage":0.0,"enemies":"Orb Walker","floor":35.0,"turns":1.0},{"damage":0.0,"enemies":"Mind Bloom Boss Battle","floor":37.0,"turns":1.0},{"damage":23.0,"enemies":"3 Shapes","floor":39.0,"turns":1.0},{"damage":0.0,"enemies":"Reptomancer","floor":40.0,"turns":1.0},{"damage":0.0,"enemies":"R_Hoarder","floor":42.0,"turns":1.0},{"damage":0.0,"enemies":"Maw","floor":44.0,"turns":1.0},{"damage":0.0,"enemies":"Sphere and 2 Shapes","floor":45.0,"turns":1.0},{"damage":0.0,"enemies":"Jaw Worm Horde","floor":47.0,"turns":1.0},{"damage":0.0,"enemies":"Transient","floor":48.0,"turns":1.0},{"damage":0.0,"enemies":"Donu and Deca","floor":50.0,"turns":1.0},{"damage":0.0,"enemies":"Awakened One","floor":51.0,"turns":2.0},{"damage":0.0,"enemies":"Shield and Spear","floor":55.0,"turns":1.0},{"damage":143,"enemies":"The Heart","floor":56,"turns":5}],"seed_played":"5958891889820895419","potions_obtained":[{"floor":1.0,"key":"Toxic Potion"},{"floor":4.0,"key":"Energy Potion"},{"floor":14.0,"key":"Weak Potion"},{"floor":16.0,"key":"BottledMiracle"},{"floor":21.0,"key":"PowerPotion"},{"floor":29.0,"key":"Adrenaline Potion"},{"floor":55.0,"key":"CultistPotion"}],"is_trial":false,"path_per_floor":["M","?","M","?","?","R","E","$","T","M","R","M","?","E","R","B",null,"M","?","?","M","M","R","$","E","T","M","R","M","$","M","R","B",null,"M","$","?","?","M","E","$","E","T","M","M","$","M","M","R","B","B",null,"R","$","E","B",null],"character_chosen":"WATCHER","items_purchased":["ForeignInfluence","MostiFishMod:ButterFly","LessonLearned","Lee\u0027s Waffle","Grinning Jar","DeusExMachina","Guide Book","Omamori","SynthV:C4","Bag of Preparation","Membership Card","MagicDraw1"],"campfire_rested":1,"item_purchase_floors":[8,17,17,30,30,34,36,46,46,46,54,54],"current_hp_per_floor":[61,61,62,62,62,62,63,63,63,64,64,65,65,66,66,50,64,65,65,65,66,67,67,33,50,50,59,59,60,81,82,82,83,79,80,61,81,77,55,72,51,52,52,59,72,40,57,91,91,92,93,93,93,93,94,26],"gold":255,"neow_bonus":"THREE_ENEMY_KILL","is_daily":false,"chose_seed":false,"campfire_upgraded":6,"win_rate":0.0,"timestamp":1610271559,"path_taken":["M","?","M","?","?","R","E","$","T","M","R","M","?","E","R","BOSS","M","?","?","M","?","R","$","E","T","M","R","M","$","M","R","BOSS","M","$","?","?","M","E","$","E","T","M","M","$","M","M","R","BOSS","BOSS","R","$","E","BOSS"],"items_purchased_type":["Card","Card","Card","Relic","Relic","Card","Relic","Relic","Relic","Relic","Relic","Relic"],"build_version":"2020-12-22","purchased_purges":5,"victory":true,"max_hp_per_floor":[68,68,69,69,69,69,70,70,70,71,71,72,72,73,73,74,68,69,69,69,70,71,71,71,72,72,73,73,74,81,82,82,83,79,80,80,81,77,78,79,79,80,80,81,82,82,83,91,91,92,93,93,93,93,94,95],"card_choices":[{"not_picked":["EmptyFist","Study"],"picked":"Consecrate","floor":1.0},{"not_picked":["EmptyBody","Nirvana","MostiFishMod:DisColor","Weave","SandsOfTime"],"picked":"SKIP","floor":3.0},{"not_picked":["Crescendo","LikeWater","SashWhip","WindmillStrike","Nirvana"],"picked":"SKIP","floor":7.0},{"not_picked":["MostiFishMod:Speedup","JustLucky","ClearTheMind","Replay:ManipulateFuture","ThirdEye"],"picked":"SKIP","floor":10.0},{"not_picked":["Study","CrushJoints","JustLucky","EmptyBody","Replay:ManipulateFuture"],"picked":"SKIP","floor":12.0},{"not_picked":["MostiFishMod:PathToVictory","DeceiveReality","JustLucky","WindmillStrike"],"picked":"MostiFishMod:Moonprays","floor":14.0},{"not_picked":["SpiritShield","MostiFishMod:Adaptation","Omniscience","MostiFishMod:Unraveling"],"picked":"MostiFishMod:StarHerder","floor":16.0},{"not_picked":["CutThroughFate+1","FlurryOfBlows+1","FearNoEvil","SashWhip"],"picked":"FollowUp+1","floor":18.0},{"not_picked":["JustLucky","Wallop","FollowUp","BowlingBash","CutThroughFate"],"picked":"SKIP","floor":21.0},{"not_picked":["JustLucky","Wallop","FollowUp","BowlingBash","CutThroughFate"],"picked":"SKIP","floor":21.0},{"not_picked":["PathToVictory","Pray","SashWhip","FlurryOfBlows","Prostrate"],"picked":"SKIP","floor":22.0},{"not_picked":["Crescendo","MostiFishMod:Unraveling","CrushJoints","Evaluate","Prostrate"],"picked":"SKIP","floor":25.0},{"not_picked":["Replay:Hum","ReachHeaven","WreathOfFlame","Evaluate","FearNoEvil+1"],"picked":"SKIP","floor":27.0},{"not_picked":["WheelKick","FlyingSleeves","Replay:ManipulateFuture","PathToVictory","Replay:AtTheReady"],"picked":"SKIP","floor":29.0},{"not_picked":["BowlingBash","Replay:Battleflow","Brilliance","Replay:Cycle","Crescendo"],"picked":"SKIP","floor":31.0},{"not_picked":["MostiFishMod:OutWit","MostiFishMod:DustFall","Replay:AllIn","Alpha"],"picked":"MostiFishMod:KamiSmash","floor":33.0},{"not_picked":["Nirvana","BowlingBash","ReachHeaven","EmptyFist+1","Replay:Anticipation+1"],"picked":"SKIP","floor":35.0},{"not_picked":["PathToVictory","FlurryOfBlows","Replay:AtTheReady","Replay:ManipulateFuture+1","FollowUp"],"picked":"SKIP","floor":39.0},{"not_picked":["Replay:Vibes+1","JustLucky","FlyingSleeves","DeusExMachina","MostiFishMod:Nomercy"],"picked":"SKIP","floor":40.0},{"not_picked":["FollowUp","ThirdEye","ClearTheMind","EmptyBody","BowlingBash"],"picked":"SKIP","floor":42.0},{"not_picked":["JustLucky","FlyingSleeves","Swivel+1","Consecrate+1"],"picked":"MostiFishMod:CyberBuddha","floor":44.0},{"not_picked":["CarveReality","MostiFishMod:FlowState+1","BowlingBash","PathToVictory","Collect"],"picked":"SKIP","floor":45.0},{"not_picked":["ClearTheMind","PathToVictory+1","CutThroughFate","BowlingBash","Replay:AtTheReady"],"picked":"SKIP","floor":47.0},{"not_picked":["Replay:ManipulateFuture","Prostrate+1","Sanctity","PathToVictory","JustLucky"],"picked":"SKIP","floor":48.0},{"not_picked":["BowlingBash+1","Consecrate","EmptyBody","Indignation","MostiFishMod:FlowState+1"],"picked":"SKIP","floor":55.0}],"player_experience":793183,"relics_obtained":[{"floor":1.0,"key":"SynthV:TestCard"},{"floor":7.0,"key":"MagicDraw2"},{"floor":9.0,"key":"Unceasing Top"},{"floor":14.0,"key":"SSSystem"},{"floor":25.0,"key":"Gremlin Food"},{"floor":26.0,"key":"Replay:Wax Seal"},{"floor":37.0,"key":"CloakClasp"},{"floor":40.0,"key":"Simple Rune"},{"floor":42.0,"key":"Snack Pack"},{"floor":55.0,"key":"Leech"}],"event_choices":[{"damage_healed":0.0,"max_hp_gain":0.0,"max_hp_loss":0.0,"gold_gain":0.0,"event_name":"FaceTrader","player_choice":"Trade","floor":2.0,"gold_loss":0.0,"damage_taken":0.0,"relics_obtained":["FaceOfCleric"]},{"damage_healed":0.0,"max_hp_gain":0.0,"max_hp_loss":0.0,"gold_gain":0.0,"event_name":"The Woman in Blue","player_choice":"Bought 1 Potion","floor":4.0,"gold_loss":0.0,"damage_taken":0.0},{"damage_healed":0.0,"max_hp_gain":0.0,"max_hp_loss":0.0,"gold_gain":0.0,"cards_transformed":["Strike_P"],"event_name":"Transmorgrifier","player_choice":"Transformed","floor":13.0,"gold_loss":0.0,"damage_taken":0.0,"cards_obtained":["DeceiveReality"]},{"cards_removed":["Defend_P"],"damage_healed":0.0,"max_hp_gain":0.0,"max_hp_loss":0.0,"gold_gain":0.0,"event_name":"Beggar","player_choice":"Gave Gold","floor":19.0,"gold_loss":75.0,"damage_taken":0.0},{"cards_removed":["Defend_P"],"damage_healed":0.0,"max_hp_gain":0.0,"max_hp_loss":0.0,"gold_gain":0.0,"event_name":"Back to Basics","player_choice":"Elegance","floor":20.0,"gold_loss":0.0,"damage_taken":0.0},{"damage_healed":0.0,"max_hp_gain":0.0,"max_hp_loss":0.0,"gold_gain":0.0,"event_name":"MindBloom","player_choice":"Fight","floor":37.0,"gold_loss":0.0,"damage_taken":0.0},{"damage_healed":0.0,"max_hp_gain":0.0,"max_hp_loss":4.0,"gold_gain":0.0,"event_name":"Winding Halls","player_choice":"Max HP","floor":38.0,"gold_loss":0.0,"damage_taken":0.0}],"is_beta":false,"boss_relics":[{"not_picked":["Replay:Grab Bag","Replay:Bronze Core"],"picked":"ExusiaiGun"},{"not_picked":[]},{"not_picked":["PatriotShield","Honey Jar"],"picked":"HolyWater"},{"not_picked":[]}],"items_purged_floors":[8,24,36,41,54],"is_endless":false,"potions_floor_spawned":[1,14,16,21,22,29,31,35,37,40,42,45,55],"ascension_level":20}}