{"host":"4q9sjfj9e5mwk5sb","time":1610316012,"event":{"mods":["2.2 Compatiblity","AchievementEnabler","Act Like it!","BaseMod","BetterRewards","Colored Powertips","Downfall","Friendly Minions","Koishi","Minty Spire (QoL Compilation)","Prisma Mod","Relic Stats","StSLib","Td1madao Mod","The Senshi"],"gold_per_floor":[114,130,130,49,113,139,314,349,428,428,448,468,486,499,499,604,604,621,621,635,650,650,650,665,665,665,665,695,695,695,368,368,471,471,489,489,839,862,879,907,907,937,990,1017,1017,1036,1036,1054,1054,1054,1054],"floor_reached":50,"playtime":7580,"items_purged":[],"score":633,"play_id":"072408af-1485-4e91-9aac-5ffdc1cc458e","local_time":"20210110170012","is_ascension_mode":false,"campfire_choices":[{"floor":10.0,"key":"REST"},{"floor":15.0,"key":"REST"},{"floor":23.0,"key":"REST"},{"floor":25.0,"key":"REST"},{"data":"theSenshi:JupitersPower","floor":27.0,"key":"SMITH"},{"floor":30.0,"key":"REST"},{"floor":32.0,"key":"REST"},{"floor":41.0,"key":"REST"},{"floor":45.0,"key":"REST"},{"floor":49,"key":"REST"}],"circlet_count":0,"master_deck":["theSenshi:SailorKick","theSenshi:SailorKick","theSenshi:SailorKick","theSenshi:SailorKick","theSenshi:SailorBlock","theSenshi:SailorBlock","theSenshi:SailorBlock","theSenshi:SailorBlock","theSenshi:RoseThrow","theSenshi:MoonPrismPowerMakeUp","theSenshi:SailorMercuryAssists","theSenshi:PlutosSolemnity","expansioncontent:HyperBeam","theSenshi:MoonTiaraMagic","Doubt","theSenshi:MoonsReflection","theSenshi:LunaWiseMentor+1","theSenshi:MoonsReflection+1","theSenshi:TallSilhouette+1","theSenshi:MoonTiaraMagic","theSenshi:JupitersPower+1","theSenshi:Sidestep+1","Pain","theSenshi:MoonPrincessHalation","theSenshi:RainbowMoonHeartAche","theSenshi:VenusGlamour","theSenshi:SailorPlanetPower","theSenshi:SailorPlanetAttack","expansioncontent:FaceSlap","theSenshi:FatedKiss","theSenshi:SailorStarFighterAssists+1","Madness+1","Madness+1","theSenshi:NeptunesGrace+1","theSenshi:SailorCosmosAssists+1","theSenshi:SaturnsMystery+1"],"relics":["theSenshi:TransformationBroochRelic","Vajra","Regal Pillow","Tiny Chest","Toxic Egg 2","Snecko Eye","WarpedTongs","Boot","Incense Burner","The Courier","Nilry\u0027s Codex","Mercury Hourglass","SacredBark","Old Coin","PreservedInsect","Darkstone Periapt","Pear","Bottled Lightning"],"acts_visited":["Exordium","TheCity","TheBeyond"],"potions_floor_usage":[],"damage_taken":[{"damage":7.0,"enemies":"Jaw Worm","floor":1.0,"turns":4.0},{"damage":4.0,"enemies":"Small Slimes","floor":2.0,"turns":4.0},{"damage":17.0,"enemies":"Lagavulin","floor":6.0,"turns":6.0},{"damage":46.0,"enemies":"Gremlin Nob","floor":8.0,"turns":5.0},{"damage":0.0,"enemies":"Cultist","floor":11.0,"turns":3.0},{"damage":0.0,"enemies":"Gremlin Gang","floor":12.0,"turns":1.0},{"damage":12.0,"enemies":"3 Louse","floor":13.0,"turns":2.0},{"damage":0.0,"enemies":"2 Fungi Beasts","floor":14.0,"turns":3.0},{"damage":69.0,"enemies":"Hexaghost","floor":16.0,"turns":13.0},{"damage":16.0,"enemies":"2 Thieves","floor":18.0,"turns":3.0},{"damage":18.0,"enemies":"Shell Parasite","floor":20.0,"turns":5.0},{"damage":2.0,"enemies":"Snecko","floor":21.0,"turns":5.0},{"damage":26.0,"enemies":"3 Cultists","floor":24.0,"turns":5.0},{"damage":50.0,"enemies":"Slavers","floor":28.0,"turns":5.0},{"damage":69.0,"enemies":"Collector","floor":33.0,"turns":10.0},{"damage":7.0,"enemies":"Orb Walker","floor":35.0,"turns":3.0},{"damage":0.0,"enemies":"Mind Bloom Boss Battle","floor":37.0,"turns":4.0},{"damage":13.0,"enemies":"3 Darklings","floor":39.0,"turns":3.0},{"damage":12.0,"enemies":"Giant Head","floor":40.0,"turns":7.0},{"damage":39.0,"enemies":"Nemesis","floor":42.0,"turns":6.0},{"damage":43.0,"enemies":"Reptomancer","floor":44.0,"turns":8.0},{"damage":27,"enemies":"Sphere and 2 Shapes","floor":46,"turns":5},{"damage":14,"enemies":"Jaw Worm Horde","floor":48,"turns":3},{"damage":172,"enemies":"Time Eater","floor":50,"turns":10}],"seed_played":"-2424841641169322590","potions_obtained":[{"floor":2.0,"key":"Weak Potion"},{"floor":13.0,"key":"AttackPotion"},{"floor":14.0,"key":"Explosive Potion"},{"floor":16.0,"key":"Block Potion"},{"floor":18.0,"key":"AttackPotion"},{"floor":21.0,"key":"EssenceOfSteel"},{"floor":24.0,"key":"SneckoOil"},{"floor":35.0,"key":"FairyPotion"},{"floor":44.0,"key":"SteroidPotion"}],"is_trial":false,"path_per_floor":["M","M","?","$","?","E","?","E","T","R","M","M","M","M","R","B",null,"M","?","M","M","T","R","M","R","T","R","E","?","R","$","R","B",null,"M","?","?","T","M","E","R","E","T","E","R","M","?","M","R","B"],"character_chosen":"THE_SENSHI","items_purchased":["expansioncontent:HyperBeam","Mercury Hourglass","theSenshi:SailorPlanetAttack","expansioncontent:FaceSlap"],"campfire_rested":9,"item_purchase_floors":[4,31,31,31],"current_hp_per_floor":[68,64,69,69,69,52,52,6,6,45,45,45,33,33,72,3,80,64,64,46,44,44,80,54,80,80,80,30,14,53,53,80,22,80,73,63,63,63,50,38,77,48,48,5,47,36,36,22,64,0,0],"gold":1054,"neow_bonus":"RANDOM_COMMON_RELIC","is_daily":false,"chose_seed":false,"campfire_upgraded":1,"win_rate":0.0,"timestamp":1610316012,"path_taken":["M","M","?","$","?","E","?","E","T","R","M","M","M","M","R","BOSS","M","?","?","?","?","R","M","R","T","R","E","?","R","$","R","BOSS","M","?","?","?","M","E","R","E","T","E","R","?","?","M","R","BOSS"],"items_purchased_type":["Card","Relic","Card","Card"],"build_version":"2020-12-22","purchased_purges":0,"victory":false,"max_hp_per_floor":[75,75,80,80,80,80,80,80,80,80,80,80,80,80,80,80,80,80,80,80,80,80,80,80,80,80,80,80,80,80,80,80,80,80,80,80,80,80,80,80,80,90,90,90,90,90,90,90,90,90,90],"relic_stats":{"Darkstone Periapt":0,"Regal Pillow":107,"counters":[24,123],"Snecko Eye":[131,136,123,132],"Tiny Chest":2,"PreservedInsect":231,"Boot":[71],"obtain_stats":[{"Darkstone Periapt":40,"Regal Pillow":6,"Pear":42,"Nilry\u0027s Codex":29,"SacredBark":34,"Vajra":0,"The Courier":28,"PreservedInsect":38,"Incense Burner":26,"Boot":22,"WarpedTongs":19,"Mercury Hourglass":31,"Old Coin":37,"theSenshi:TransformationBroochRelic":0,"Snecko Eye":17,"Tiny Chest":8,"Bottled Lightning":44,"Toxic Egg 2":9},{"Darkstone Periapt":19,"Regal Pillow":3,"Pear":20,"Nilry\u0027s Codex":14,"SacredBark":15,"Vajra":0,"The Courier":14,"PreservedInsect":17,"Incense Burner":13,"Boot":12,"WarpedTongs":10,"Mercury Hourglass":14,"Old Coin":17,"theSenshi:TransformationBroochRelic":0,"Snecko Eye":9,"Tiny Chest":4,"Bottled Lightning":21,"Toxic Egg 2":4},{"Darkstone Periapt":91,"Regal Pillow":14,"Pear":97,"Nilry\u0027s Codex":64,"SacredBark":74,"Vajra":0,"The Courier":64,"PreservedInsect":81,"Incense Burner":59,"Boot":54,"WarpedTongs":44,"Mercury Hourglass":64,"Old Coin":81,"theSenshi:TransformationBroochRelic":0,"Snecko Eye":41,"Tiny Chest":19,"Bottled Lightning":105,"Toxic Egg 2":19}],"WarpedTongs":[79],"Mercury Hourglass":[220]},"card_choices":[{"not_picked":["theSenshi:MoonPrincessHalation","theSenshi:HesSoDreamy"],"picked":"theSenshi:SailorMercuryAssists","floor":1.0},{"not_picked":["theSenshi:SchoolBag","theSenshi:SailorV"],"picked":"theSenshi:PlutosSolemnity","floor":2.0},{"not_picked":["theSenshi:SailorVenusAssists","theSenshi:SailorPlutoAssists"],"picked":"theSenshi:MoonTiaraMagic","floor":6.0},{"not_picked":["theSenshi:SailorV","theSenshi:SailorMarsAssists"],"picked":"theSenshi:MoonsReflection","floor":8.0},{"not_picked":["theSenshi:SailorVenusAssists","theSenshi:TallSilhouette+1"],"picked":"theSenshi:LunaWiseMentor+1","floor":11.0},{"not_picked":["theSenshi:SailorVenusAssists","theSenshi:SailorMercuryAssists+1"],"picked":"theSenshi:MoonsReflection+1","floor":12.0},{"not_picked":["theSenshi:SailorChibiMoonAssists","theSenshi:Sidestep+1"],"picked":"theSenshi:TallSilhouette+1","floor":13.0},{"not_picked":["theSenshi:MoonCosmicPowerMakeUp","theSenshi:SailorV+1"],"picked":"theSenshi:MoonTiaraMagic","floor":14.0},{"not_picked":["theSenshi:SailorStarHealerAssists+1","theSenshi:StudyParty"],"picked":"theSenshi:JupitersPower","floor":16.0},{"not_picked":["theSenshi:MoonPrincessHalation","theSenshi:MoonPunch"],"picked":"theSenshi:Sidestep+1","floor":18.0},{"not_picked":["theSenshi:MoonPunch","theSenshi:SailorMarsAssists"],"picked":"theSenshi:MoonPrincessHalation","floor":20.0},{"not_picked":["theSenshi:MoonPunch","theSenshi:YouCanTalk+1"],"picked":"theSenshi:RainbowMoonHeartAche","floor":21.0},{"not_picked":["theSenshi:SupersonicWaves","theSenshi:MoonPunch"],"picked":"theSenshi:VenusGlamour","floor":24.0},{"not_picked":["theSenshi:VenusGlamour","theSenshi:Sidestep+1"],"picked":"theSenshi:SailorPlanetPower","floor":28.0},{"not_picked":["theSenshi:JupitersPower","theSenshi:LunaSensingAllies+1"],"picked":"theSenshi:FatedKiss","floor":33.0},{"not_picked":["theSenshi:Sidestep+1","theSenshi:MoonsReflection+1"],"picked":"theSenshi:SailorStarFighterAssists+1","floor":35.0},{"not_picked":["theSenshi:TuxedoSmokingBomber+1","theSenshi:MoonTwilightFlash+1"],"picked":"theSenshi:NeptunesGrace+1","floor":37.0},{"not_picked":["theSenshi:SailorMercuryAssists+1","theSenshi:LunasBite+1","theSenshi:MercurysCunning"],"picked":"SKIP","floor":39.0},{"not_picked":["theSenshi:MoonsReflection+1","theSenshi:MoonKick"],"picked":"theSenshi:SailorCosmosAssists+1","floor":40.0},{"not_picked":["theSenshi:Sidestep+1","theSenshi:MoonsReflection+1","theSenshi:LateForSchool+1"],"picked":"SKIP","floor":42.0},{"not_picked":["theSenshi:InTheNickOfTime+1","theSenshi:SailorMarsAssists"],"picked":"theSenshi:YouCanTalk+1","floor":44.0},{"not_picked":["theSenshi:MercurysCunning+1","theSenshi:SailorVenusAssists+1","theSenshi:SailorV+1"],"picked":"SKIP","floor":46},{"not_picked":["theSenshi:EncouragingSpeech+1","theSenshi:SailorMercuryAssists+1"],"picked":"theSenshi:SaturnsMystery+1","floor":48}],"player_experience":214689,"relics_obtained":[{"floor":6.0,"key":"Regal Pillow"},{"floor":8.0,"key":"Tiny Chest"},{"floor":9.0,"key":"Toxic Egg 2"},{"floor":22.0,"key":"Boot"},{"floor":26.0,"key":"Incense Burner"},{"floor":28.0,"key":"The Courier"},{"floor":29.0,"key":"Nilry\u0027s Codex"},{"floor":37.0,"key":"Old Coin"},{"floor":38.0,"key":"PreservedInsect"},{"floor":40.0,"key":"Darkstone Periapt"},{"floor":42.0,"key":"Pear"},{"floor":44.0,"key":"Bottled Lightning"}],"event_choices":[{"damage_healed":0.0,"max_hp_gain":5.0,"max_hp_loss":0.0,"gold_gain":0.0,"event_name":"Big Fish","player_choice":"Donut","floor":3.0,"gold_loss":0.0,"damage_taken":0.0},{"damage_healed":0.0,"max_hp_gain":0.0,"max_hp_loss":0.0,"gold_gain":64.0,"event_name":"Golden Wing","player_choice":"Gained Gold","floor":5.0,"gold_loss":0.0,"damage_taken":0.0},{"damage_healed":0.0,"max_hp_gain":0.0,"max_hp_loss":0.0,"gold_gain":175.0,"event_name":"Liars Game","player_choice":"AGREE","floor":7.0,"gold_loss":0.0,"damage_taken":0.0,"cards_obtained":["Doubt"]},{"damage_healed":0.0,"max_hp_gain":0.0,"max_hp_loss":0.0,"gold_gain":0.0,"event_name":"Accursed Blacksmith","player_choice":"Rummage","floor":19.0,"gold_loss":0.0,"damage_taken":0.0,"relics_obtained":["WarpedTongs"],"cards_obtained":["Pain"]},{"damage_healed":0.0,"max_hp_gain":0.0,"max_hp_loss":0.0,"gold_gain":0.0,"event_name":"Cursed Tome","player_choice":"Obtained Book","floor":29.0,"gold_loss":0.0,"damage_taken":16.0},{"damage_healed":0.0,"max_hp_gain":0.0,"max_hp_loss":0.0,"gold_gain":0.0,"event_name":"Winding Halls","player_choice":"Embrace Madness","floor":36.0,"gold_loss":0.0,"damage_taken":10.0,"cards_obtained":["Madness","Madness"]},{"damage_healed":0.0,"max_hp_gain":0.0,"max_hp_loss":0.0,"gold_gain":0.0,"event_name":"MindBloom","player_choice":"Fight","floor":37.0,"gold_loss":0.0,"damage_taken":0.0},{"cards_removed":["theSenshi:YouCanTalk"],"damage_healed":0,"gold_gain":0,"player_choice":"Removed Skill","damage_taken":0,"max_hp_gain":0,"max_hp_loss":0,"event_name":"Falling","floor":47,"gold_loss":0}],"is_beta":false,"boss_relics":[{"not_picked":["Runic Dome","Ectoplasm"],"picked":"Snecko Eye"},{"not_picked":["Sozu","Calling Bell"],"picked":"SacredBark"}],"items_purged_floors":[],"is_endless":false,"potions_floor_spawned":[2,13,14,16,18,21,24,35,39,44],"killed_by":"Time Eater","ascension_level":0}}