{"host":"ig7tc0uedzltt2sr","time":1610261566,"event":{"mods":["BaseMod","Better Twitch Integration","Block Reminder","Colored Map","Colored Powertips","Communication Mod","Current Relic Mod","GifTheSpireLib","HexUI Lib","Minty Spire (QoL Compilation)","Quick Restart","Random Character Button","Rare Cards Sparkle","Relic Sorter","Relic Stats","Slay the Relics Exporter","StSLib","SuperFastMode","Synergy Search","Twitch Decklist","Twitch Utils","everything is the same but u backflip on backflip","slay the spire mod where everything is the same but ironclad has a cowboy hat"],"gold_per_floor":[115,290,290,309,327,339,286,286,286],"floor_reached":8,"playtime":46,"items_purged":[],"score":48,"play_id":"a62c902b-8835-4492-becc-a9c8ffb521c1","local_time":"20210109225246","is_ascension_mode":false,"campfire_choices":[],"circlet_count":0,"master_deck":["Strike_R","Strike_R","Strike_R","Strike_R","Strike_R","Defend_R","Defend_R","Defend_R","Defend_R","Bash","Doubt","Anger"],"relics":["Burning Blood"],"acts_visited":["Exordium"],"potions_floor_usage":[],"damage_taken":[{"damage":8,"enemies":"Small Slimes","floor":1,"turns":3},{"damage":27,"enemies":"Cultist","floor":4,"turns":5},{"damage":18,"enemies":"Jaw Worm","floor":5,"turns":4},{"damage":42,"enemies":"Red Slaver","floor":6,"turns":6},{"damage":18,"enemies":"3 Sentries","floor":8,"turns":2}],"seed_played":"2958121514303836654","potions_obtained":[{"floor":5,"key":"ColorlessPotion"},{"floor":6,"key":"PowerPotion"}],"is_trial":false,"path_per_floor":["M","?","?","M","M","M","$","E"],"character_chosen":"IRONCLAD","items_purchased":["Anger"],"campfire_rested":0,"item_purchase_floors":[7],"current_hp_per_floor":[86,86,86,65,53,17,17,0,0],"gold":286,"neow_bonus":"TEN_PERCENT_HP_BONUS","is_daily":false,"chose_seed":false,"campfire_upgraded":0,"win_rate":0.0,"timestamp":1610261566,"path_taken":["M","?","?","M","M","M","$","E"],"items_purchased_type":["Card"],"build_version":"2020-12-22","purchased_purges":0,"victory":false,"max_hp_per_floor":[88,88,88,88,88,88,88,88,88],"relic_stats":{"counters":[5,20],"obtain_stats":[{"Burning Blood":0},{"Burning Blood":0},{"Burning Blood":0}],"Burning Blood":24},"card_choices":[{"not_picked":["Flex","Warcry","Sword Boomerang"],"picked":"SKIP","floor":1},{"not_picked":["Pummel","Cleave","Headbutt"],"picked":"SKIP","floor":4},{"not_picked":["Warcry","Headbutt","Heavy Blade"],"picked":"SKIP","floor":5},{"not_picked":["Rage","Thunderclap","Disarm"],"picked":"SKIP","floor":6}],"player_experience":1497530,"relics_obtained":[],"event_choices":[{"damage_healed":0,"gold_gain":175,"player_choice":"AGREE","damage_taken":0,"max_hp_gain":0,"max_hp_loss":0,"event_name":"Liars Game","floor":2,"gold_loss":0,"cards_obtained":["Doubt"]},{"damage_healed":0,"gold_gain":0,"player_choice":"Fled","damage_taken":0,"max_hp_gain":0,"max_hp_loss":0,"event_name":"Scrap Ooze","floor":3,"gold_loss":0}],"is_beta":false,"boss_relics":[],"items_purged_floors":[],"is_endless":false,"potions_floor_spawned":[5,6],"killed_by":"3 Sentries","ascension_level":0}}