{"host":"v4tuy5ykrbdcm9o9","time":1610323052,"event":{"mods":["BaseMod","Duelist Mod","Minty Spire (QoL Compilation)","Replay The Spire","StSLib"],"gold_per_floor":[118,118,137,154,1,36,36,70,70,84,84,97,117,128,128,224,224,241,17,17,17,35,61,79,79,79],"floor_reached":25,"playtime":1864,"items_purged":[],"score":356,"play_id":"e4c27d68-6247-4b43-9ca7-ce09bedae43c","local_time":"20210110185732","is_ascension_mode":true,"campfire_choices":[{"data":"Crescendo","floor":7,"key":"SMITH"},{"floor":11,"key":"RECALL"},{"floor":15,"key":"REST"}],"circlet_count":0,"master_deck":["Strike_P","Strike_P","Strike_P","Strike_P","Defend_P","Defend_P","Defend_P","Defend_P","Eruption","Vigilance","FlurryOfBlows+1","CutThroughFate","CutThroughFate","Crescendo+1","ThirdEye","MasterReality","Replay:AtTheReady","JustLucky","FlurryOfBlows","DeceiveReality","LessonLearned","Replay:ManipulateFuture+1","FlyingSleeves+1","Replay:ManipulateFuture","Wireheading","Shame","Replay:Cycle","ClearTheMind","FlurryOfBlows"],"relics":["PureWater","Sling","Boot","Singing Bowl","Mercury Hourglass","SlaversCollar","Bronze Scales","Replay:Baseball"],"acts_visited":["Exordium","TheCity"],"potions_floor_usage":[6,6,13,18,18,22,24,25],"damage_taken":[{"damage":0,"enemies":"2 Louse","floor":1,"turns":2},{"damage":0,"enemies":"Small Slimes","floor":3,"turns":2},{"damage":2,"enemies":"Jaw Worm","floor":4,"turns":2},{"damage":8,"enemies":"Lagavulin","floor":6,"turns":3},{"damage":0,"enemies":"3 Sentries","floor":8,"turns":3},{"damage":1,"enemies":"Exordium Wildlife","floor":10,"turns":3},{"damage":0,"enemies":"2 Fungi Beasts","floor":12,"turns":2},{"damage":4,"enemies":"Lots of Slimes","floor":13,"turns":2},{"damage":8,"enemies":"Large Slime","floor":14,"turns":3},{"damage":32,"enemies":"Slime Boss","floor":16,"turns":9},{"damage":2,"enemies":"3 Byrds","floor":18,"turns":6},{"damage":0,"enemies":"Spheric Guardian","floor":22,"turns":3},{"damage":0,"enemies":"theDuelist:KaibaA2","floor":23,"turns":2},{"damage":33,"enemies":"Snecko","floor":24,"turns":6},{"damage":18,"enemies":"Gremlin Leader","floor":25,"turns":1}],"seed_played":"-3051721989886662452","potions_obtained":[{"floor":3,"key":"LifebloodPotion"},{"floor":4,"key":"SpeedPotion"},{"floor":12,"key":"GamblersBrew"},{"floor":13,"key":"BottledMiracle"},{"floor":14,"key":"Weak Potion"},{"floor":22,"key":"ColorlessPotion"},{"floor":24,"key":"Elixir"}],"is_trial":false,"path_per_floor":["M","?","M","M","$","E","R","E","T","M","R","M","M","M","R","B",null,"M","$","?","?","M","E","M","E"],"character_chosen":"WATCHER","items_purchased":["Sling","FlyingSleeves+1","Replay:ManipulateFuture","Wireheading","Adrenaline Potion"],"campfire_rested":1,"item_purchase_floors":[5,19,19,19,19],"current_hp_per_floor":[72,72,72,70,70,62,62,62,62,61,61,61,57,49,70,38,64,62,62,49,49,49,49,16,0,0],"gold":79,"neow_bonus":"THREE_CARDS","is_daily":false,"chose_seed":false,"campfire_upgraded":1,"win_rate":0.0,"timestamp":1610323052,"path_taken":["M","?","M","M","$","E","R","E","T","M","R","M","M","M","R","BOSS","M","$","?","?","M","E","?","E"],"items_purchased_type":["Relic","Card","Card","Card","Potion"],"build_version":"2020-12-22","purchased_purges":0,"victory":false,"max_hp_per_floor":[72,72,72,72,72,72,72,72,72,72,72,72,72,72,72,72,72,72,72,77,77,77,77,77,77,77],"card_choices":[{"not_picked":["WaveOfTheHand","CrushJoints"],"picked":"FlurryOfBlows","floor":0},{"not_picked":["SashWhip","Study"],"picked":"CutThroughFate","floor":1},{"not_picked":["FlurryOfBlows","FollowUp"],"picked":"CutThroughFate","floor":3},{"not_picked":["WreathOfFlame","BowlingBash"],"picked":"Crescendo","floor":4},{"not_picked":["FearNoEvil","MentalFortress"],"picked":"ThirdEye","floor":6},{"not_picked":["Replay:BluntJabs","Tantrum"],"picked":"MasterReality","floor":8},{"not_picked":["BowlingBash","Replay:Vibes"],"picked":"Replay:AtTheReady","floor":10},{"not_picked":["Sanctity","EmptyBody"],"picked":"JustLucky","floor":12},{"not_picked":["SashWhip","Consecrate"],"picked":"FlurryOfBlows","floor":13},{"not_picked":["BowlingBash","ReachHeaven"],"picked":"DeceiveReality","floor":14},{"not_picked":["Devotion","MasterReality"],"picked":"LessonLearned","floor":16},{"not_picked":["Fasting2","BowlingBash"],"picked":"Replay:ManipulateFuture+1","floor":18},{"not_picked":["EmptyBody","Replay:Battleflow"],"picked":"Replay:Cycle","floor":22},{"not_picked":["SashWhip+1","ThirdEye"],"picked":"ClearTheMind","floor":23},{"not_picked":["Consecrate","Replay:ManipulateFuture"],"picked":"FlurryOfBlows","floor":24}],"player_experience":583859,"relics_obtained":[{"floor":6,"key":"Boot"},{"floor":8,"key":"Singing Bowl"},{"floor":9,"key":"Mercury Hourglass"},{"floor":23,"key":"Replay:Baseball"}],"event_choices":[{"damage_healed":0,"gold_gain":0,"player_choice":"Ignored","damage_taken":0,"max_hp_gain":0,"max_hp_loss":0,"event_name":"Golden Wing","floor":2,"gold_loss":0},{"damage_healed":0,"gold_gain":0,"player_choice":"Shed Blood","damage_taken":18,"max_hp_gain":5,"max_hp_loss":0,"event_name":"Forgotten Altar","floor":20,"gold_loss":0},{"damage_healed":0,"gold_gain":0,"player_choice":"Stole Relic","damage_taken":0,"relics_obtained":["Bronze Scales"],"max_hp_gain":0,"max_hp_loss":0,"event_name":"Addict","floor":21,"gold_loss":0,"cards_obtained":["Shame"]}],"is_beta":false,"boss_relics":[{"not_picked":["Empty Cage","HolyWater"],"picked":"SlaversCollar"}],"items_purged_floors":[],"is_endless":false,"potions_floor_spawned":[3,4,12,13,14,22,24],"killed_by":"Gremlin Leader","ascension_level":5}}