{"host":"i0m9g0siyue4991n","time":1610259550,"event":{"mods":["ATMod(°¢èªMod)","Act Like it!","BaseMod","BetterRewards","CapriCore","Challenge The Spire","Custom Start","Friendly Minions","Gensokyo","LagranYue(À­¸ñÀÊ¡¤ÔÂ)","Marisa£¨ìFÓê¡¡Ä§ÀíÉ³£©","Minty Spire (QoL Compilation)","Quick Restart","Reimu£¨²©ÀöÁéÃÎ£©","RumiaBox-Â¶Ã×æ«µÄÉñÃØºÐ×Ó","StSLib","The Administrix","The Immortal","The Servant 0.9.4","Yakumo Yukari mod"],"gold_per_floor":[136,155,42,52,52,52,71,71,151,151,171,503,522,541,541,645,645,658,669,919,919,935,935,966,966,966,296,314,340,18,34,34,131,181,201,218,233,233,233,266,266,291,318,352,366,366,377,387,413,413,413,413,135,163,163],"floor_reached":56,"playtime":3747,"items_purged":["AT_purpleEX","AT_purpleEX","Defend_purpleEX"],"score":1560,"play_id":"0814cd2f-87d6-4762-84ab-43866c64219c","local_time":"20210110141910","is_ascension_mode":true,"campfire_choices":[{"data":"AT_FamilyPortrait","floor":6.0,"key":"SMITH"},{"data":"RuptureOfTimeAndSpace_purple","floor":15.0,"key":"SMITH"},{"data":"RuleDissolution_purple","floor":23.0,"key":"SMITH"},{"data":"RuleDissolution_purple","floor":25.0,"key":"SMITH"},{"data":"DimensionStaggered_purple","floor":32.0,"key":"SMITH"},{"floor":41,"key":"RECALL"},{"data":"WangLiang_OokamiKakushi_purple","floor":46,"key":"SMITH"},{"data":"Observe_purple_2","floor":52,"key":"SMITH"}],"circlet_count":0,"master_deck":["Defend_purpleEX","Defend_purpleEX","Defend_purpleEX","Observe_purple_2+1","AT_FamilyPortrait+1","DimensionStaggered_purple+1","RuleDissolution_purple+1","OpenedBox_purple+1","Mirror_WaveAndshot_purple","RuleDissolution_purple+1","Nest_LightFlightworm_purple","RuptureOfTimeAndSpace_purple+1","WangLiang_OokamiKakushi_purple+1","DarkRealmRedLine_purple+1","Boundary_LightAndDark_purple","MeetDecomposer_purple+1","Boundary_LifeAndDeath_purple","DarkRealmRedLine_purple+1","ContainerChange_purple","CommonSense_AntiCommonSense_purple+1","ButterflyHabitatTemple_purple+1","Human_Monster_Realm_purple","RuleDissolution_purple+1","RuleDissolution_purple+1"],"relics":["Boundary_crack","Memoryfragments_purpleEX","AT_ATBox","PureWhite:ReiMu","Gensokyo:OccultBall","GodSword6","Old Coin","Dead Branch","SoulBox","Calipers","MagicDraw4","PreservedInsect","Medical Kit","AT_LudenTempest","Du-Vu Doll","MealTicket","Tiny House","Gensokyo:DualWield","Centennial Puzzle","Toy Ornithopter","Bottled Tornado","Orrery","InkBottle"],"acts_visited":["Exordium","Gensokyo:Gensokyo","Gensokyo:Gensokyoer","TheEnding"],"potions_floor_usage":[55,55],"damage_taken":[{"damage":0.0,"enemies":"Gensokyo:Python","floor":1.0,"turns":3.0},{"damage":0.0,"enemies":"Gensokyo:Gryphon","floor":2.0,"turns":2.0},{"damage":0.0,"enemies":"Gensokyo:3_Fairies","floor":4.0,"turns":6.0},{"damage":5.0,"enemies":"Gensokyo:2_Rabbits","floor":7.0,"turns":6.0},{"damage":0.0,"enemies":"Gensokyo:Kitsune","floor":11.0,"turns":3.0},{"damage":26.0,"enemies":"Gensokyo:Cirno","floor":12.0,"turns":5.0},{"damage":0.0,"enemies":"Gensokyo:3_Kodama","floor":13.0,"turns":1.0},{"damage":0.0,"enemies":"Gensokyo:VengefulSpirit","floor":14.0,"turns":2.0},{"damage":23.0,"enemies":"Gensokyo:Kokoro","floor":16.0,"turns":13.0},{"damage":0.0,"enemies":"Gensokyo:Chomper","floor":18.0,"turns":4.0},{"damage":17.0,"enemies":"Gensokyo:3_Dogs","floor":19.0,"turns":4.0},{"damage":18.0,"enemies":"Gensokyo:Chomper_and_Gloop","floor":22.0,"turns":5.0},{"damage":32.0,"enemies":"Gensokyo:Koishi","floor":24.0,"turns":5.0},{"damage":2.0,"enemies":"Gensokyo:Mirror_and_Dog","floor":28.0,"turns":3.0},{"damage":13.0,"enemies":"Gensokyo:Tenshi","floor":29.0,"turns":2.0},{"damage":0.0,"enemies":"Gensokyo:Wraith","floor":31.0,"turns":8.0},{"damage":20,"enemies":"Gensokyo:Eiki","floor":33,"turns":4},{"damage":7,"enemies":"Gensokyo:3_Bats","floor":35,"turns":3},{"damage":0,"enemies":"Gensokyo:3_Boulders","floor":36,"turns":4},{"damage":0,"enemies":"Gensokyo:Sharpion","floor":37,"turns":4},{"damage":24,"enemies":"Gensokyo:Doremy","floor":40,"turns":3},{"damage":1,"enemies":"Gensokyo:Kasen","floor":42,"turns":6},{"damage":0,"enemies":"Gensokyo:Marisa","floor":44,"turns":3},{"damage":0,"enemies":"Gensokyo:AtlasGolem","floor":45,"turns":4},{"damage":0,"enemies":"Gensokyo:Rafflesia","floor":47,"turns":2},{"damage":0,"enemies":"Gensokyo:SeedOfUnknown","floor":48,"turns":3},{"damage":34,"enemies":"Gensokyo:SeedOfUnknown","floor":49,"turns":5},{"damage":0,"enemies":"Gensokyo:Yuyuko","floor":50,"turns":2},{"damage":0,"enemies":"Shield and Spear","floor":54,"turns":5},{"damage":5,"enemies":"The Heart","floor":55,"turns":3}],"seed_played":"5362980901091404641","potions_obtained":[{"floor":4.0,"key":"FearPotion"},{"floor":7.0,"key":"AttackPotion"},{"floor":11.0,"key":"Swift Potion"},{"floor":16.0,"key":"DuplicationPotion"},{"floor":18.0,"key":"Fruit Juice"},{"floor":24.0,"key":"SkillPotion"},{"floor":29.0,"key":"Energy Potion"},{"floor":37,"key":"CultistPotion"}],"is_trial":false,"path_per_floor":["M","M","COS","M","?","R","M","?","T","?","M","E","M","M","R","B",null,"M","M","?","?","M","R","E","R","T","$","M","E","$","M","R","B",null,"M","M","M","?","?","E","R","E","T","E","M","R","M","M","R","B",null,"R","$","E","B",null],"character_chosen":"Youkari","items_purchased":["PreservedInsect","Medical Kit","AT_LudenTempest","Boundary_LifeAndDeath_purple","MealTicket","Orrery"],"campfire_rested":0,"item_purchase_floors":[27,27,27,30,30,53],"current_hp_per_floor":[51,52,52,57,57,57,57,57,57,57,62,41,41,44,44,25,73,78,66,66,66,54,54,26,26,26,26,33,30,30,41,41,36,79,79,79,79,79,79,60,60,78,78,79,79,79,79,79,54,54,79,79,79,79,79],"gold":163,"neow_bonus":"ONE_RARE_RELIC","is_daily":false,"chose_seed":false,"campfire_upgraded":7,"win_rate":0.0,"timestamp":1610259550,"path_taken":["M","M","COS","M","?","R","?","?","T","?","M","E","M","?","R","BOSS","M","M","?","?","M","R","E","R","T","$","M","E","$","M","R","BOSS","M","M","M","?","?","E","R","E","T","E","M","R","M","M","R","BOSS","R","$","E","BOSS"],"items_purchased_type":["Relic","Relic","Relic","Card","Relic","Relic"],"build_version":"2020-12-22","purchased_purges":3,"victory":true,"max_hp_per_floor":[70,70,70,70,70,70,70,70,70,70,70,70,70,70,70,73,73,78,78,74,74,74,74,74,74,74,74,74,74,74,74,74,74,79,79,79,79,79,79,79,79,79,79,79,79,79,79,79,79,79,79,79,79,79,79],"card_choices":[{"not_picked":["WeekHit_purple","Yakumo_Ran_purple","SfantasyHide_purple"],"picked":"SKIP","floor":1.0},{"not_picked":["SfantasyHide_purple","Photoelasticity_Doppler_Effect_purple"],"picked":"DimensionStaggered_purple","floor":2.0},{"not_picked":["Boundary_LightAndDark_purple","Shallow_ocean_purpleEX"],"picked":"RuleDissolution_purple","floor":4.0},{"not_picked":["Shallow_ocean_purpleEX+1","OmniscientAndOmnipotent_Monster_purple+1"],"picked":"OpenedBox_purple+1","floor":4.0},{"not_picked":["Umbrella_purple","Realm_recovery_purpleEX"],"picked":"Mirror_WaveAndshot_purple","floor":7.0},{"not_picked":["Worldmountain_purple","Umbrella_purple"],"picked":"RuleDissolution_purple","floor":11.0},{"not_picked":["Charmbait_purple","Mirror_FormAndEmptin_purple","DimensionStaggered_purple"],"picked":"SKIP","floor":12.0},{"not_picked":["DimensionStaggered_purple","SfantasyHide_purple"],"picked":"Nest_LightFlightworm_purple","floor":13.0},{"not_picked":["WeekHit_purple","EighthInstrument_OneDividesIntoTwo_purple"],"picked":"RuptureOfTimeAndSpace_purple","floor":14.0},{"not_picked":["ProofOfUnderstanding_purple","WasteWire_Metro_purple"],"picked":"WangLiang_OokamiKakushi_purple","floor":16.0},{"not_picked":["Mirror_WaveAndshot_purple","WingOfChimera_purple+1","Umbrella_purple"],"picked":"SKIP","floor":18.0},{"not_picked":["Boundary_DreamRealityDamnation_purple+1","StretchesForeverDream_purple"],"picked":"DarkRealmRedLine_purple","floor":19.0},{"not_picked":["Extrememeaning_purpleEX","PositiveMatter_Antimatter_Universe_purple","EighthInstrument_OneDividesIntoTwo_purple+1"],"picked":"SKIP","floor":22.0},{"not_picked":["DimensionStaggered_purple+1","Line_surface_state_purple"],"picked":"Boundary_LightAndDark_purple","floor":24.0},{"not_picked":["Shallow_ocean_purpleEX","Worldmountain_purple+1"],"picked":"MeetDecomposer_purple+1","floor":28.0},{"not_picked":["Boundary_ObjectiveBoundary_purple+1","Photoelasticity_Doppler_Effect_purple+1","OmniscientAndOmnipotent_Monster_purple+1"],"picked":"SKIP","floor":29.0},{"not_picked":["Boundary_ObjectiveBoundary_purple","Realm_recovery_purpleEX"],"picked":"DarkRealmRedLine_purple+1","floor":31.0},{"not_picked":["MagicEyes_LaplaceDemon_purple","WasteWire_Metro_purple"],"picked":"ContainerChange_purple","floor":33},{"not_picked":["Fantasy_PerpetualMotionMachine_purple","Mirror_FormAndEmptin_purple","MNeedle_purple"],"picked":"SKIP","floor":35},{"not_picked":["Realm_recovery_purpleEX+1","Umbrella_purple+1","Photoelasticity_Doppler_Effect_purple+1"],"picked":"SKIP","floor":36},{"not_picked":["ExistenceContinue_purple","SfantasyHide_purple+1","Boundary_of_Extermination_purpleEX"],"picked":"SKIP","floor":37},{"not_picked":["Charmbait_purple","Line_surface_state_purple","RuleDissolution_purple+1"],"picked":"SKIP","floor":40},{"not_picked":["Nest_LightFlightworm_purple+1","D_absorption_purple","ContainerChange_purple"],"picked":"SKIP","floor":42},{"not_picked":["OmniscientAndOmnipotent_Monster_purple+1","Umbrella_purple+1"],"picked":"CommonSense_AntiCommonSense_purple+1","floor":44},{"not_picked":["Line_surface_state_purple+1","AdvanceAttack_purple+1","ExternalForce_HighSpeedFlying_purple"],"picked":"SKIP","floor":45},{"not_picked":["StateDuplicate_purple","Umbrella_purple+1"],"picked":"ButterflyHabitatTemple_purple+1","floor":47},{"not_picked":["SfantasyHide_purple+1","Mirror_FormAndEmptin_purple","Boundary_LightAndDark_purple"],"picked":"SKIP","floor":48},{"not_picked":["Umbrella_purple+1","Charmbait_purple","WingOfChimera_purple+1"],"picked":"SKIP","floor":49},{"not_picked":["WangLiang_OokamiKakushi_purple","DimensionStaggered_purple"],"picked":"Human_Monster_Realm_purple","floor":53},{"not_picked":["Fantasy_PerpetualMotionMachine_purple","DarkRealmRedLine_purple"],"picked":"RuleDissolution_purple+1","floor":53},{"not_picked":["RuleDissolution_purple+1","SharpContractionReality_purple+1"],"picked":"UniverseChoice_purple","floor":53},{"not_picked":["Worldmountain_purple","CommonSense_AntiCommonSense_purple+1"],"picked":"RuleDissolution_purple+1","floor":54}],"player_experience":518433,"relics_obtained":[{"floor":9.0,"key":"GodSword6"},{"floor":12.0,"key":"Gensokyo:OccultBall"},{"floor":12.0,"key":"Dead Branch"},{"floor":16.0,"key":"Gensokyo:OccultBall"},{"floor":24.0,"key":"Calipers"},{"floor":26.0,"key":"MagicDraw4"},{"floor":29.0,"key":"Du-Vu Doll"},{"floor":33,"key":"Gensokyo:OccultBall"},{"floor":35,"key":"Gensokyo:OccultBall"},{"floor":40,"key":"Centennial Puzzle"},{"floor":42,"key":"Toy Ornithopter"},{"floor":44,"key":"Bottled Tornado"},{"floor":45,"key":"Gensokyo:OccultBall"},{"floor":48,"key":"Gensokyo:OccultBall"},{"floor":49,"key":"Gensokyo:OccultBall"},{"floor":54,"key":"InkBottle"}],"event_choices":[],"is_beta":false,"boss_relics":[{"not_picked":["Runic Pyramid","EasyGame_NEW"],"picked":"SoulBox"},{"not_picked":["SacredBark","AddBug"],"picked":"Tiny House"}],"items_purged_floors":[27,30,53],"is_endless":false,"potions_floor_spawned":[4,7,11,16,18,22,24,29,33,35,36,37,47,49,54],"ascension_level":2}}