{"host":"l84l8xigz5v5foa2","time":1610245167,"event":{"mods":["2.2 Compatiblity","AchievementEnabler","BaseMod","Better Note","Better Vampires","Card Filter","Colored Map","DeckTracker","Downfall","Gremlin Skip","Highlight Path","Keyboard Shortcuts","Minty Spire (QoL Compilation)","Permanent Neow","Quick Restart","Relic Filter","Relic Stats","StSLib","SuperFastMode","Transform Curses","Unknown Chances"],"gold_per_floor":[0,13,28,78,96,96,96,96,96,96],"floor_reached":8,"playtime":216,"items_purged":[],"score":92,"play_id":"56aca62b-8bb6-44ec-92a3-2fed592cd1f1","local_time":"20210110111927","is_ascension_mode":true,"campfire_choices":[{"data":"Slimebound:CorrosiveSpit","floor":1.0,"key":"SMITH"}],"circlet_count":0,"master_deck":["AscendersBane","Slimebound:Strike_Slimebound","Slimebound:Tackle","Slimebound:Defend_Slimebound","Slimebound:Defend_Slimebound","Slimebound:Defend_Slimebound","Slimebound:Split","Slimebound:CorrosiveSpit+1","Slimebound:SplitAcid","Slimebound:GrowthPunch","Slimebound:Gluttony"],"relics":["Slimebound:AbsorbEndCombat"],"acts_visited":["Exordium"],"potions_floor_usage":[],"damage_taken":[{"damage":13.0,"enemies":"Jaw Worm","floor":2.0,"turns":4.0},{"damage":9.0,"enemies":"Cultist","floor":3.0,"turns":3.0},{"damage":13,"enemies":"2 Louse","floor":5,"turns":2},{"damage":47,"enemies":"3 Sentries","floor":8,"turns":5}],"seed_played":"5261004969542350726","potions_obtained":[],"is_trial":false,"path_per_floor":["R","M","M","?","M","?","T","E"],"character_chosen":"SLIMEBOUND","items_purchased":[],"campfire_rested":0,"item_purchase_floors":[],"current_hp_per_floor":[49,48,53,53,46,46,46,0,0,0],"gold":96,"neow_bonus":"REMOVE_TWO","is_daily":false,"chose_seed":false,"campfire_upgraded":1,"win_rate":0.0,"timestamp":1610245167,"path_taken":["R","M","M","?","?","?","T","E"],"items_purchased_type":[],"build_version":"2020-12-22","purchased_purges":0,"victory":false,"max_hp_per_floor":[54,54,54,54,54,54,54,54,54,54],"relic_stats":{"counters":[4,14],"obtain_stats":[{"Slimebound:AbsorbEndCombat":0},{"Slimebound:AbsorbEndCombat":0},{"Slimebound:AbsorbEndCombat":0}]},"card_choices":[{"not_picked":["Slimebound:ViciousTackle","Slimebound:DivideAndConquer"],"picked":"Slimebound:SplitAcid","floor":2.0},{"not_picked":["Slimebound:SlimeSpikes","Slimebound:FormOfPuddle"],"picked":"Slimebound:GrowthPunch","floor":3.0},{"not_picked":["Slimebound:DisruptingSlam","Slimebound:Schlurp"],"picked":"Slimebound:Gluttony","floor":5}],"player_experience":3038636,"relics_obtained":[],"event_choices":[{"cards_removed":["Slimebound:Strike_Slimebound"],"damage_healed":0,"gold_gain":0,"player_choice":"Card Removal","damage_taken":0,"max_hp_gain":0,"max_hp_loss":0,"event_name":"The Cleric","floor":6,"gold_loss":0}],"is_beta":false,"boss_relics":[],"items_purged_floors":[],"is_endless":false,"potions_floor_spawned":[],"killed_by":"3 Sentries","ascension_level":20}}