{"host":"szp1d6dso4pv7ddl","time":1610265449,"event":{"mods":["AchievementEnabler","Alarm Clock","BaseMod","Bestiary","Block Reminder","Colored Map","Colored Powertips","Curses Come First","Displayed Cursed Tome","Highlight Path","Minty Spire (QoL Compilation)","Permanent Neow","Quick Restart","Relic Sorter","Relic Stats","StSLib","Synergy Search"],"gold_per_floor":[115,64,64,77,77,112,112,131,131,59,73,73,93,17,17,91,91,106,122,122,122,140,165,176,176,176,209,220,220,251,264,264,340,340,355,400,44,58,77,104,116,138,150,162,201,238,279,291,303,315,327,339,48,81,81],"floor_reached":56,"playtime":4935,"items_purged":["Choke"],"score":2181,"play_id":"fa5aee11-1cd5-4ddb-a910-7e307e93769c","local_time":"20210109235729","is_ascension_mode":true,"campfire_choices":[{"floor":7.0,"key":"REST"},{"floor":12.0,"key":"REST"},{"data":"After Image","floor":15.0,"key":"SMITH"},{"data":"Accuracy","floor":25.0,"key":"SMITH"},{"data":"Blade Dance","floor":29.0,"key":"SMITH"},{"data":"Blade Dance","floor":32.0,"key":"SMITH"},{"floor":41.0,"key":"RECALL"},{"data":"After Image","floor":49.0,"key":"SMITH"},{"data":"After Image","floor":52.0,"key":"SMITH"}],"circlet_count":0,"master_deck":["AscendersBane","Survivor","Neutralize","After Image+1","Quick Slash","Slice","Expertise","Infinite Blades","Accuracy+1","Backflip","Dagger Spray","Infinite Blades","After Image+1","Doppelganger","Blade Dance+1","Riddle With Holes","Masterful Stab","Flying Knee","Riddle With Holes","Reflex","Backflip","After Image+1","Backstab","Neutralize","Flying Knee","Storm of Steel","Quick Slash","Blur","Escape Plan+1","Blade Dance+1","Slice","Adrenaline","Infinite Blades","Prepared+1","Prepared","Calculated Gamble","Blade Dance","Blade Dance","Acrobatics","Flash of Steel","Underhanded Strike","Backstab+1"],"relics":["Ring of the Snake","Shuriken","Kunai","Ornamental Fan","Sundial","Bird Faced Urn","Regal Pillow","Pandora\u0027s Box","Red Mask","PreservedInsect","Black Star","FossilizedHelix","Potion Belt","MawBank","Pocketwatch","Tingsha","Shovel","Ancient Tea Set","Unceasing Top","Nunchaku","Snake Skull","Akabeko"],"acts_visited":["Exordium","TheCity","TheBeyond","TheEnding"],"potions_floor_usage":[55,55,55],"damage_taken":[{"damage":9.0,"enemies":"2 Louse","floor":1.0,"turns":4.0},{"damage":3.0,"enemies":"Jaw Worm","floor":4.0,"turns":4.0},{"damage":32.0,"enemies":"3 Sentries","floor":6.0,"turns":16.0},{"damage":0.0,"enemies":"Cultist","floor":8.0,"turns":3.0},{"damage":18.0,"enemies":"Large Slime","floor":11.0,"turns":8.0},{"damage":3.0,"enemies":"Looter","floor":13.0,"turns":4.0},{"damage":13.0,"enemies":"Slime Boss","floor":16.0,"turns":9.0},{"damage":14.0,"enemies":"Spheric Guardian","floor":18.0,"turns":4.0},{"damage":1.0,"enemies":"Chosen","floor":19.0,"turns":5.0},{"damage":13.0,"enemies":"Snecko","floor":22.0,"turns":5.0},{"damage":14.0,"enemies":"Book of Stabbing","floor":23.0,"turns":8.0},{"damage":14.0,"enemies":"Snake Plant","floor":24.0,"turns":5.0},{"damage":6.0,"enemies":"Masked Bandits","floor":27.0,"turns":4.0},{"damage":13.0,"enemies":"Centurion and Healer","floor":28.0,"turns":6.0},{"damage":0.0,"enemies":"Gremlin Leader","floor":30.0,"turns":5.0},{"damage":0.0,"enemies":"Chosen and Byrds","floor":31.0,"turns":4.0},{"damage":14.0,"enemies":"Champ","floor":33.0,"turns":9.0},{"damage":3.0,"enemies":"3 Shapes","floor":35.0,"turns":5.0},{"damage":27.0,"enemies":"2 Orb Walkers","floor":36.0,"turns":4.0},{"damage":0.0,"enemies":"Orb Walker","floor":38.0,"turns":2.0},{"damage":25.0,"enemies":"Sphere and 2 Shapes","floor":39.0,"turns":8.0},{"damage":9.0,"enemies":"Reptomancer","floor":40.0,"turns":6.0},{"damage":0.0,"enemies":"Maw","floor":42.0,"turns":7.0},{"damage":0.0,"enemies":"Giant Head","floor":45.0,"turns":5.0},{"damage":0.0,"enemies":"Mind Bloom Boss Battle","floor":46.0,"turns":5.0},{"damage":0.0,"enemies":"Reptomancer","floor":47.0,"turns":5.0},{"damage":34.0,"enemies":"Time Eater","floor":50.0,"turns":10.0},{"damage":0.0,"enemies":"Shield and Spear","floor":54.0,"turns":5.0},{"damage":69,"enemies":"The Heart","floor":55,"turns":8}],"seed_played":"6492576926037792816","potions_obtained":[{"floor":6.0,"key":"FearPotion"},{"floor":11.0,"key":"Energy Potion"},{"floor":24.0,"key":"EntropicBrew"},{"floor":27.0,"key":"Block Potion"},{"floor":28.0,"key":"FearPotion"},{"floor":35.0,"key":"ColorlessPotion"},{"floor":38.0,"key":"Swift Potion"},{"floor":39.0,"key":"Poison Potion"},{"floor":42.0,"key":"EntropicBrew"},{"floor":46.0,"key":"CunningPotion"},{"floor":54.0,"key":"Dexterity Potion"}],"is_trial":false,"path_per_floor":["M","$","?","M","?","E","R","M","T","$","M","R","M","$","R","B",null,"M","M","?","?","M","E","M","R","T","?","M","R","E","M","R","B",null,"M","?","$","M","M","E","R","M","T","?","E","?","E","?","R","B",null,"R","$","E","B",null],"character_chosen":"THE_SILENT","items_purchased":["Slice","Accuracy","Infinite Blades","Kunai","Fruit Juice","Nunchaku","SpeedPotion","Underhanded Strike"],"campfire_rested":2,"item_purchase_floors":[2,10,14,37,37,53,53,53],"current_hp_per_floor":[50,50,50,47,36,4,23,25,25,25,13,47,48,48,48,43,60,52,59,59,59,52,48,44,44,44,46,45,45,55,59,59,54,63,65,43,48,50,39,42,42,56,56,56,68,71,71,71,71,37,63,63,63,71,6],"gold":81,"neow_bonus":"ONE_RANDOM_RARE_CARD","is_daily":false,"chose_seed":false,"campfire_upgraded":6,"win_rate":0.0,"timestamp":1610265449,"path_taken":["M","$","?","M","?","E","R","M","T","?","M","R","M","$","R","BOSS","M","M","?","?","?","E","M","R","T","?","M","R","E","M","R","BOSS","M","?","$","M","M","E","R","M","T","?","E","?","E","?","R","BOSS","R","$","E","BOSS"],"items_purchased_type":["Card","Card","Card","Relic","Potion","Relic","Potion","Card"],"build_version":"2020-12-22","purchased_purges":1,"victory":true,"max_hp_per_floor":[66,66,66,66,66,66,66,66,66,66,66,66,66,66,66,66,66,66,66,66,66,66,66,66,66,66,66,66,66,66,66,66,66,66,66,66,71,71,71,71,71,71,71,71,71,71,71,71,71,71,71,71,71,71,71],"relic_stats":{"Regal Pillow":15,"counters":[29,173],"Tingsha":[87],"PreservedInsect":327,"Snake Skull":[0],"MawBank":156,"Nunchaku":[7],"Shovel":0,"Shuriken":[101],"Ornamental Fan":[544],"Sundial":[10],"Bird Faced Urn":[182],"Pandora\u0027s Box":["Well Laid Plans","Doppelganger","Blade Dance","Deadly Poison","Riddle With Holes","Masterful Stab","Flying Knee","Riddle With Holes","Reflex"],"Black Star":4,"Kunai":[68],"obtain_stats":[{"Potion Belt":40,"Regal Pillow":9,"Tingsha":45,"PreservedInsect":30,"Snake Skull":54,"MawBank":40,"Ancient Tea Set":47,"Akabeko":54,"Nunchaku":53,"Shovel":46,"Ornamental Fan":5,"Sundial":23,"Shuriken":26,"Bird Faced Urn":6,"Pandora\u0027s Box":17,"Red Mask":27,"Black Star":34,"Kunai":37,"FossilizedHelix":36,"Unceasing Top":47,"Ring of the Snake":0,"Pocketwatch":45},{"Potion Belt":22,"Regal Pillow":4,"Tingsha":24,"PreservedInsect":15,"Snake Skull":28,"MawBank":22,"Ancient Tea Set":26,"Akabeko":28,"Nunchaku":27,"Shovel":25,"Ornamental Fan":2,"Sundial":11,"Shuriken":12,"Bird Faced Urn":3,"Pandora\u0027s Box":7,"Red Mask":13,"Black Star":17,"Kunai":19,"FossilizedHelix":19,"Unceasing Top":26,"Ring of the Snake":0,"Pocketwatch":24},{"Potion Belt":128,"Regal Pillow":27,"Tingsha":140,"PreservedInsect":90,"Snake Skull":165,"MawBank":128,"Ancient Tea Set":150,"Akabeko":165,"Nunchaku":160,"Shovel":145,"Ornamental Fan":8,"Sundial":70,"Shuriken":75,"Bird Faced Urn":24,"Pandora\u0027s Box":48,"Red Mask":79,"Black Star":103,"Kunai":112,"FossilizedHelix":112,"Unceasing Top":150,"Ring of the Snake":0,"Pocketwatch":140}],"Unceasing Top":[5],"Ring of the Snake":[58],"Pocketwatch":[3]},"card_choices":[{"not_picked":["Underhanded Strike","Leg Sweep"],"picked":"Quick Slash","floor":1.0},{"not_picked":["Deadly Poison","Acrobatics"],"picked":"Choke","floor":4.0},{"not_picked":["Poisoned Stab","Leg Sweep"],"picked":"Quick Slash","floor":6.0},{"not_picked":["Flechettes","Outmaneuver"],"picked":"Infinite Blades","floor":8.0},{"not_picked":["Underhanded Strike","Outmaneuver"],"picked":"Backflip","floor":11.0},{"not_picked":["Flying Knee","Skewer"],"picked":"Dagger Spray","floor":13.0},{"not_picked":["Unload","Night Terror"],"picked":"After Image","floor":16.0},{"not_picked":["Poisoned Stab","Flying Knee","Well Laid Plans+1"],"picked":"SKIP","floor":18.0},{"not_picked":["PiercingWail","Poisoned Stab"],"picked":"Backflip","floor":19.0},{"not_picked":["Riddle With Holes+1","Dagger Spray"],"picked":"Storm of Steel","floor":22.0},{"not_picked":["Flying Knee","Skewer"],"picked":"Quick Slash","floor":23.0},{"not_picked":["Slice","Predator"],"picked":"Blur","floor":24.0},{"not_picked":["Sucker Punch","Dagger Throw"],"picked":"Escape Plan+1","floor":27.0},{"not_picked":["Underhanded Strike","Sucker Punch","Tactician"],"picked":"SKIP","floor":28.0},{"not_picked":["Bullet Time","Dash"],"picked":"Blade Dance","floor":30.0},{"not_picked":["Underhanded Strike","Dagger Throw+1"],"picked":"Slice","floor":31.0},{"not_picked":["Tools of the Trade","Glass Knife"],"picked":"Adrenaline","floor":33.0},{"not_picked":["Tactician","Slice"],"picked":"Infinite Blades","floor":35.0},{"not_picked":["Reflex","Blade Dance"],"picked":"Prepared+1","floor":38.0},{"not_picked":["Cloak And Dagger","Bane"],"picked":"Prepared","floor":39.0},{"not_picked":["Phantasmal Killer","Dash"],"picked":"Calculated Gamble","floor":40.0},{"not_picked":["Deadly Poison","Dash","Backflip"],"picked":"SKIP","floor":42.0},{"not_picked":["Reflex","Flying Knee"],"picked":"Blade Dance","floor":45.0},{"not_picked":["Deflect","Dagger Throw"],"picked":"Blade Dance","floor":46.0},{"not_picked":["Tools of the Trade","Leg Sweep"],"picked":"Acrobatics","floor":47.0},{"not_picked":["Chrysalis","Impatience"],"picked":"Flash of Steel","floor":48.0},{"not_picked":["PiercingWail","Accuracy"],"picked":"Backstab+1","floor":54.0}],"player_experience":1150485,"relics_obtained":[{"floor":6.0,"key":"Bird Faced Urn"},{"floor":9.0,"key":"Regal Pillow"},{"floor":23.0,"key":"Sundial"},{"floor":26.0,"key":"Shuriken"},{"floor":27.0,"key":"Red Mask"},{"floor":30.0,"key":"PreservedInsect"},{"floor":36.0,"key":"FossilizedHelix"},{"floor":40.0,"key":"Potion Belt"},{"floor":40.0,"key":"MawBank"},{"floor":45.0,"key":"Pocketwatch"},{"floor":45.0,"key":"Tingsha"},{"floor":46.0,"key":"Shovel"},{"floor":47.0,"key":"Ancient Tea Set"},{"floor":47.0,"key":"Unceasing Top"},{"floor":54.0,"key":"Snake Skull"},{"floor":54.0,"key":"Akabeko"}],"event_choices":[{"damage_healed":0.0,"max_hp_gain":0.0,"max_hp_loss":0.0,"gold_gain":0.0,"cards_transformed":["Strike_G"],"event_name":"Living Wall","player_choice":"Change","floor":3.0,"gold_loss":0.0,"damage_taken":0.0,"cards_obtained":["Expertise"]},{"damage_healed":0.0,"max_hp_gain":0.0,"max_hp_loss":0.0,"gold_gain":0.0,"event_name":"Scrap Ooze","player_choice":"Success","floor":5.0,"gold_loss":0.0,"damage_taken":11.0,"relics_obtained":["Ornamental Fan"]},{"damage_healed":0.0,"max_hp_gain":0.0,"max_hp_loss":0.0,"gold_gain":0.0,"cards_transformed":["Deadly Poison","Well Laid Plans"],"event_name":"Drug Dealer","player_choice":"Became Test Subject","floor":20.0,"gold_loss":0.0,"damage_taken":0.0,"cards_obtained":["After Image","Backstab"]},{"damage_healed":0.0,"max_hp_gain":0.0,"max_hp_loss":0.0,"gold_gain":0.0,"event_name":"Match and Keep!","player_choice":"2 cards matched","floor":21.0,"gold_loss":0.0,"damage_taken":0.0,"cards_obtained":["Neutralize","Flying Knee"]},{"damage_healed":0.0,"max_hp_gain":0.0,"max_hp_loss":0.0,"gold_gain":0.0,"event_name":"Masked Bandits","player_choice":"Fought Bandits","floor":27.0,"gold_loss":0.0,"damage_taken":0.0},{"damage_healed":0.0,"max_hp_gain":0.0,"max_hp_loss":0.0,"gold_gain":0.0,"event_name":"Mysterious Sphere","player_choice":"Fight","floor":36.0,"gold_loss":0.0,"damage_taken":0.0},{"cards_removed":["Quick Slash"],"damage_healed":0.0,"max_hp_gain":0.0,"max_hp_loss":0.0,"gold_gain":0.0,"event_name":"Falling","player_choice":"Removed Attack","floor":44.0,"gold_loss":0.0,"damage_taken":0.0},{"damage_healed":0.0,"max_hp_gain":0.0,"max_hp_loss":0.0,"gold_gain":0.0,"event_name":"MindBloom","player_choice":"Fight","floor":46.0,"gold_loss":0.0,"damage_taken":0.0},{"damage_healed":0.0,"max_hp_gain":0.0,"max_hp_loss":0.0,"gold_gain":0.0,"event_name":"SensoryStone","player_choice":"Memory 1","floor":48.0,"gold_loss":0.0,"damage_taken":0.0}],"is_beta":false,"boss_relics":[{"not_picked":["SacredBark","Cursed Key"],"picked":"Pandora\u0027s Box"},{"not_picked":["Tiny House","Empty Cage"],"picked":"Black Star"}],"items_purged_floors":[53],"is_endless":false,"potions_floor_spawned":[6,11,13,24,27,28,31,35,38,39,42,46,54],"ascension_level":15}}