{"host":"yo9wwslrag05lh37","time":1610240637,"event":{"mods":["AchievementEnabler","BaseMod","Block Reminder","Colored Map","Colored Powertips","GifTheSpireLib","HexUI Lib","Highlight Path","Minty Spire (QoL Compilation)","Rare Cards Sparkle","Relic Stats","StSLib","everything is the same but u backflip on backflip"],"gold_per_floor":[114,114,129,148,161,188,188,188,188,227,265,281,304,304,304,400,400,415,430,430,443,255,255,255,170,170,170,170],"floor_reached":27,"playtime":1002,"items_purged":["Strike_B"],"score":446,"play_id":"8220d4de-57a9-468a-a492-2785a24e7099","local_time":"20210110020357","is_ascension_mode":true,"campfire_choices":[{"data":"Doom and Gloom","floor":8,"key":"SMITH"},{"data":"Defragment","floor":15,"key":"SMITH"},{"data":"Skim","floor":23,"key":"SMITH"}],"circlet_count":0,"master_deck":["AscendersBane","Strike_B","Strike_B","Strike_B","Defend_B","Defend_B","Defend_B","Defend_B","Zap+1","Dualcast","Compile Driver","Doom and Gloom+1","Cold Snap","Ball Lightning","Go for the Eyes","Leap","Defragment+1","Electrodynamics","Double Energy","Skim+1","Necronomicurse"],"relics":["Cracked Core","Anchor","Golden Idol","Akabeko","Matryoshka","Odd Mushroom","Vajra","Ice Cream","Cursed Key","Necronomicon","Smiling Mask"],"acts_visited":["Exordium","TheCity"],"potions_floor_usage":[5,6,16,21,21,27,27,27,27],"damage_taken":[{"damage":1,"enemies":"Cultist","floor":1,"turns":3},{"damage":10,"enemies":"Small Slimes","floor":3,"turns":3},{"damage":0,"enemies":"Jaw Worm","floor":4,"turns":3},{"damage":7,"enemies":"Exordium Thugs","floor":5,"turns":4},{"damage":19,"enemies":"3 Sentries","floor":6,"turns":5},{"damage":12,"enemies":"Gremlin Nob","floor":10,"turns":3},{"damage":0,"enemies":"The Mushroom Lair","floor":11,"turns":2},{"damage":0,"enemies":"Looter","floor":12,"turns":2},{"damage":0,"enemies":"Large Slime","floor":13,"turns":4},{"damage":11,"enemies":"Hexaghost","floor":16,"turns":7},{"damage":2,"enemies":"3 Byrds","floor":18,"turns":2},{"damage":7,"enemies":"2 Thieves","floor":19,"turns":2},{"damage":12,"enemies":"Snake Plant","floor":21,"turns":3},{"damage":30,"enemies":"Book of Stabbing","floor":27,"turns":4}],"seed_played":"-2640265112225746158","potions_obtained":[{"floor":1,"key":"Swift Potion"},{"floor":4,"key":"Explosive Potion"},{"floor":5,"key":"SkillPotion"},{"floor":16,"key":"Explosive Potion"},{"floor":18,"key":"Weak Potion"},{"floor":21,"key":"SkillPotion"}],"is_trial":false,"path_per_floor":["M","?","M","M","M","E","?","R","T","E","?","M","M","T","R","B",null,"M","M","?","M","$","R","?","?","T","E"],"character_chosen":"DEFECT","items_purchased":["EntropicBrew"],"campfire_rested":0,"item_purchase_floors":[22],"current_hp_per_floor":[63,68,58,58,51,32,32,32,32,20,20,20,20,20,20,9,54,52,45,59,47,47,47,26,26,26,0,0],"gold":170,"neow_bonus":"UPGRADE_CARD","is_daily":false,"chose_seed":false,"campfire_upgraded":3,"win_rate":0.0,"timestamp":1610240637,"path_taken":["M","?","M","M","M","E","?","R","T","E","?","M","?","?","R","BOSS","M","M","?","M","$","R","?","?","T","E"],"items_purchased_type":["Potion"],"build_version":"2020-12-22","purchased_purges":1,"victory":false,"max_hp_per_floor":[71,76,76,76,76,76,69,69,69,69,69,69,69,69,69,69,69,69,69,69,69,69,69,69,69,69,69,69],"relic_stats":{"counters":[14,47],"Golden Idol":52,"Necronomicon":[1],"Cursed Key":0,"Smiling Mask":0,"obtain_stats":[{"Ice Cream":14,"Anchor":6,"Matryoshka":10,"Golden Idol":7,"Vajra":14,"Necronomicon":24,"Odd Mushroom":11,"Cracked Core":0,"Cursed Key":17,"Smiling Mask":25,"Akabeko":9},{"Ice Cream":9,"Anchor":5,"Matryoshka":6,"Golden Idol":5,"Vajra":9,"Necronomicon":13,"Odd Mushroom":7,"Cracked Core":0,"Cursed Key":10,"Smiling Mask":13,"Akabeko":5},{"Ice Cream":29,"Anchor":18,"Matryoshka":21,"Golden Idol":18,"Vajra":29,"Necronomicon":43,"Odd Mushroom":23,"Cracked Core":0,"Cursed Key":36,"Smiling Mask":43,"Akabeko":18}]},"card_choices":[{"not_picked":["BootSequence","Beam Cell","Blizzard"],"picked":"SKIP","floor":1},{"not_picked":["Skim","Force Field"],"picked":"Compile Driver","floor":3},{"not_picked":["Auto Shields","Skim"],"picked":"Doom and Gloom","floor":4},{"not_picked":["Barrage","Beam Cell"],"picked":"Cold Snap","floor":5},{"not_picked":["Turbo","Skim","FTL"],"picked":"SKIP","floor":6},{"not_picked":["Conserve Battery","Gash"],"picked":"Ball Lightning","floor":10},{"not_picked":["Heatsinks","Sweeping Beam"],"picked":"Go for the Eyes","floor":11},{"not_picked":["Chaos","Sweeping Beam"],"picked":"Leap","floor":12},{"not_picked":["BootSequence","All For One"],"picked":"Defragment","floor":13},{"not_picked":["All For One","Rainbow"],"picked":"Electrodynamics","floor":16},{"not_picked":["Gash","Conserve Battery"],"picked":"Double Energy","floor":18},{"not_picked":["Barrage","Cold Snap"],"picked":"Skim","floor":19},{"not_picked":["Rebound+1","Beam Cell","Reprogram"],"picked":"SKIP","floor":21}],"player_experience":1472356,"relics_obtained":[{"floor":6,"key":"Anchor"},{"floor":9,"key":"Akabeko"},{"floor":10,"key":"Matryoshka"},{"floor":11,"key":"Odd Mushroom"},{"floor":14,"key":"Vajra"},{"floor":14,"key":"Ice Cream"},{"floor":24,"key":"Necronomicon"}],"event_choices":[{"damage_healed":0,"gold_gain":0,"player_choice":"Donut","damage_taken":0,"max_hp_gain":5,"max_hp_loss":0,"event_name":"Big Fish","floor":2,"gold_loss":0},{"damage_healed":0,"gold_gain":0,"player_choice":"Lose Max HP","damage_taken":0,"relics_obtained":["Golden Idol"],"max_hp_gain":0,"max_hp_loss":7,"event_name":"Golden Idol","floor":7,"gold_loss":0},{"damage_healed":0,"gold_gain":0,"player_choice":"Fought Mushrooms","damage_taken":0,"max_hp_gain":0,"max_hp_loss":0,"event_name":"Mushrooms","floor":11,"gold_loss":0},{"damage_healed":14,"gold_gain":0,"player_choice":"Heal","damage_taken":0,"max_hp_gain":0,"max_hp_loss":0,"event_name":"The Library","floor":20,"gold_loss":0},{"damage_healed":0,"gold_gain":0,"player_choice":"Obtained Book","damage_taken":21,"max_hp_gain":0,"max_hp_loss":0,"event_name":"Cursed Tome","floor":24,"gold_loss":0},{"damage_healed":0,"gold_gain":0,"player_choice":"Obtained Relic","damage_taken":0,"relics_obtained":["Smiling Mask"],"max_hp_gain":0,"max_hp_loss":0,"event_name":"Addict","floor":25,"gold_loss":85}],"is_beta":false,"boss_relics":[{"not_picked":["Coffee Dripper","Runic Dome"],"picked":"Cursed Key"}],"items_purged_floors":[22],"is_endless":false,"potions_floor_spawned":[1,4,5,16,18,21],"killed_by":"Book of Stabbing","ascension_level":20}}