{"host":"mydft8i2zzydgggw","time":1610322529,"event":{"mods":["AchievementEnabler","BaseMod","BetterRewards","Colored Map","Colored Powertips","DeckTracker","Keyboard Shortcuts","Minty Spire (QoL Compilation)","Rare Cards Sparkle","StSLib","SuperFastMode","everything is the same but u backflip on backflip"],"gold_per_floor":[109,109,122,72,122,148,148,323,349,349,377,396,90,90,90,186,186,199,216,12,12,12,12,12,32,58,58,58,90,102,117,117,117,117],"floor_reached":33,"playtime":677,"items_purged":["Defend_R"],"score":395,"play_id":"7ffbb246-ed54-454c-9c23-7163c781110c","local_time":"20210111084849","is_ascension_mode":true,"campfire_choices":[{"data":"Strike_R","floor":7,"key":"PURGE"},{"data":"Doubt","floor":10,"key":"PURGE"},{"data":"Defend_R","floor":15,"key":"PURGE"},{"floor":23,"key":"REST"},{"floor":28,"key":"REST"},{"data":"Defend_R","floor":32,"key":"PURGE"}],"circlet_count":0,"master_deck":["Strike_R","Strike_R","Defend_R","Bash","Reaper","Heavy Blade","Heavy Blade","Feed","Sword Boomerang","Inflame+1","Battle Trance"],"relics":["Burning Blood","NeowsBlessing","Boot","Peace Pipe","Strawberry","Smiling Mask","PreservedInsect","Sozu","Anchor","MutagenicStrength","Nilry\u0027s Codex","Dream Catcher","Bag of Marbles"],"acts_visited":["Exordium","TheCity"],"potions_floor_usage":[11,16,16,33],"damage_taken":[{"damage":0,"enemies":"Small Slimes","floor":1,"turns":1},{"damage":0,"enemies":"Cultist","floor":3,"turns":1},{"damage":0,"enemies":"3 Sentries","floor":6,"turns":2},{"damage":31,"enemies":"Gremlin Nob","floor":11,"turns":5},{"damage":10,"enemies":"2 Louse","floor":12,"turns":3},{"damage":21,"enemies":"Slime Boss","floor":16,"turns":10},{"damage":52,"enemies":"2 Thieves","floor":18,"turns":4},{"damage":25,"enemies":"Spheric Guardian","floor":19,"turns":4},{"damage":18,"enemies":"Snecko","floor":25,"turns":3},{"damage":5,"enemies":"Gremlin Leader","floor":29,"turns":4},{"damage":24,"enemies":"Snake Plant","floor":30,"turns":3},{"damage":25,"enemies":"Centurion and Healer","floor":31,"turns":3},{"damage":112,"enemies":"Automaton","floor":33,"turns":6}],"seed_played":"-8686743492802290236","potions_obtained":[{"floor":3,"key":"ElixirPotion"},{"floor":6,"key":"Energy Potion"},{"floor":11,"key":"Block Potion"}],"is_trial":false,"path_per_floor":["M","?","M","?","T","E","R","?","T","R","E","M","$","?","R","B",null,"M","M","$","?","?","R","$","M","T","?","R","E","M","M","R","B"],"character_chosen":"IRONCLAD","items_purchased":["Heavy Blade","PreservedInsect","Strength Potion","Sword Boomerang","Anchor"],"campfire_rested":2,"item_purchase_floors":[13,13,13,20,20],"current_hp_per_floor":[80,80,80,80,80,80,80,80,87,87,62,68,68,68,68,62,81,49,33,33,33,17,44,44,32,32,32,59,88,73,57,57,0,0],"gold":117,"neow_bonus":"THREE_ENEMY_KILL","is_daily":false,"chose_seed":false,"campfire_upgraded":0,"win_rate":0.0,"timestamp":1610322529,"path_taken":["M","?","?","?","?","E","R","?","T","R","E","M","$","?","R","BOSS","M","?","$","?","?","R","?","?","T","?","R","E","?","M","R","BOSS"],"items_purchased_type":["Card","Relic","Potion","Card","Relic"],"build_version":"2020-12-22","purchased_purges":1,"victory":false,"max_hp_per_floor":[80,80,80,80,80,80,80,80,87,87,87,87,87,87,87,87,87,90,93,93,93,93,93,93,93,93,93,93,93,96,99,99,99,99],"card_choices":[{"not_picked":["Twin Strike","Iron Wave","Clash"],"picked":"SKIP","floor":1},{"not_picked":["Rupture","Iron Wave","Rage"],"picked":"SKIP","floor":3},{"not_picked":["Infernal Blade","Sever Soul"],"picked":"Reaper","floor":6},{"not_picked":["Hemokinesis","Cleave","Rupture"],"picked":"SKIP","floor":11},{"not_picked":["Sword Boomerang","Body Slam"],"picked":"Heavy Blade","floor":12},{"not_picked":["Berserk","Juggernaut"],"picked":"Feed","floor":16},{"not_picked":["Entrench","Intimidate","Wild Strike+1"],"picked":"SKIP","floor":18},{"not_picked":["Bloodletting","Clash","Shrug It Off"],"picked":"SKIP","floor":19},{"not_picked":["Pommel Strike","Blood for Blood","Clash+1"],"picked":"SKIP","floor":25},{"not_picked":["Iron Wave","Clothesline"],"picked":"Inflame+1","floor":28},{"not_picked":["Corruption","Immolate","Entrench"],"picked":"SKIP","floor":29},{"not_picked":["Iron Wave","Bloodletting"],"picked":"Battle Trance","floor":30},{"not_picked":["Thunderclap","Sword Boomerang+1","Body Slam+1"],"picked":"SKIP","floor":31}],"player_experience":157471,"relics_obtained":[{"floor":5,"key":"Boot"},{"floor":6,"key":"Peace Pipe"},{"floor":9,"key":"Strawberry"},{"floor":11,"key":"Smiling Mask"},{"floor":22,"key":"Nilry\u0027s Codex"},{"floor":26,"key":"Dream Catcher"},{"floor":29,"key":"Bag of Marbles"}],"event_choices":[{"cards_removed":["Strike_R"],"damage_healed":0,"gold_gain":0,"player_choice":"Offered Basic","damage_taken":0,"max_hp_gain":0,"max_hp_loss":0,"event_name":"Bonfire Elementals","floor":2,"gold_loss":0},{"cards_removed":["Strike_R"],"damage_healed":0,"gold_gain":0,"player_choice":"Card Removal","damage_taken":0,"max_hp_gain":0,"max_hp_loss":0,"event_name":"The Cleric","floor":4,"gold_loss":50},{"damage_healed":0,"gold_gain":175,"player_choice":"AGREE","damage_taken":0,"max_hp_gain":0,"max_hp_loss":0,"event_name":"Liars Game","floor":8,"gold_loss":0,"cards_obtained":["Doubt"]},{"damage_healed":0,"gold_gain":0,"player_choice":"0 cards matched","damage_taken":0,"max_hp_gain":0,"max_hp_loss":0,"event_name":"Match and Keep!","floor":14,"gold_loss":0,"cards_obtained":[]},{"damage_healed":0,"gold_gain":0,"player_choice":"Inject Mutagens","damage_taken":0,"relics_obtained":["MutagenicStrength"],"max_hp_gain":0,"max_hp_loss":0,"event_name":"Drug Dealer","floor":21,"gold_loss":0},{"damage_healed":0,"gold_gain":0,"player_choice":"Obtained Book","damage_taken":16,"max_hp_gain":0,"max_hp_loss":0,"event_name":"Cursed Tome","floor":22,"gold_loss":0},{"damage_healed":0,"gold_gain":0,"player_choice":"0 cards matched","damage_taken":0,"max_hp_gain":0,"max_hp_loss":0,"event_name":"Match and Keep!","floor":27,"gold_loss":0,"cards_obtained":[]}],"is_beta":false,"boss_relics":[{"not_picked":["Mark of Pain","SacredBark"],"picked":"Sozu"}],"items_purged_floors":[13],"is_endless":false,"potions_floor_spawned":[3,6,11,18,29,30],"killed_by":"Automaton","ascension_level":5}}