{"host":"08t08ld674si40tv","time":1610263987,"event":{"mods":["AchievementEnabler","BaseMod","Colored Map","Minty Spire (QoL Compilation)","StSLib","SuperFastMode"],"gold_per_floor":[110,110,34,49,49,49,76,87,87,104,116,135,135,165,165,239,239,255,274,47,47,66,91,91,91,139,139,139],"floor_reached":27,"playtime":662,"items_purged":["Strike_B"],"score":450,"play_id":"bda7b6a2-ad91-4848-98cf-4e4c6c32ee97","local_time":"20210110163307","is_ascension_mode":true,"campfire_choices":[{"data":"Reprogram","floor":6.0,"key":"SMITH"},{"floor":13.0,"key":"REST"},{"data":"Beam Cell","floor":15.0,"key":"SMITH"},{"floor":24,"key":"REST"}],"circlet_count":0,"master_deck":["AscendersBane","Strike_B","Strike_B+1","Defend_B","Defend_B","Defend_B+1","Defend_B","Zap","Dualcast","Beam Cell+1","Gash+1","Reinforced Body","Gash","Reprogram+1","Echo Form","Gash","Seek","FTL","Go for the Eyes","Gash+1","Hologram","Scrape"],"relics":["Cracked Core","Question Card","Prayer Wheel","MealTicket","Chemical X","TungstenRod","Ginger","Nunchaku","Runic Dome","Medical Kit","Whetstone","Bronze Scales"],"acts_visited":["Exordium","TheCity"],"potions_floor_usage":[23,27],"damage_taken":[{"damage":0.0,"enemies":"2 Louse","floor":1.0,"turns":3.0},{"damage":0.0,"enemies":"Small Slimes","floor":4.0,"turns":2.0},{"damage":15.0,"enemies":"Lagavulin","floor":7.0,"turns":7.0},{"damage":2.0,"enemies":"Cultist","floor":8.0,"turns":4.0},{"damage":7.0,"enemies":"Blue Slaver","floor":10.0,"turns":3.0},{"damage":6.0,"enemies":"Exordium Thugs","floor":11.0,"turns":4.0},{"damage":0.0,"enemies":"Gremlin Gang","floor":12.0,"turns":4.0},{"damage":18.0,"enemies":"Gremlin Nob","floor":14.0,"turns":4.0},{"damage":10.0,"enemies":"Hexaghost","floor":16.0,"turns":9.0},{"damage":6.0,"enemies":"Shell Parasite","floor":18.0,"turns":5.0},{"damage":17.0,"enemies":"3 Byrds","floor":19.0,"turns":5.0},{"damage":15.0,"enemies":"Centurion and Healer","floor":22.0,"turns":5.0},{"damage":33,"enemies":"Gremlin Leader","floor":23,"turns":6},{"damage":26,"enemies":"Slavers","floor":27,"turns":2}],"seed_played":"-5323953927542705576","potions_obtained":[{"floor":8.0,"key":"Explosive Potion"},{"floor":10.0,"key":"SkillPotion"},{"floor":12.0,"key":"SteroidPotion"},{"floor":19.0,"key":"DuplicationPotion"}],"is_trial":false,"path_per_floor":["M","?","$","M","?","R","E","M","T","M","M","M","R","E","R","B",null,"M","M","$","?","M","E","R","?","T","E"],"character_chosen":"DEFECT","items_purchased":["Reinforced Body","Medical Kit"],"campfire_rested":2,"item_purchase_floors":[3,20],"current_hp_per_floor":[64,43,58,58,58,58,43,41,41,34,28,28,49,31,31,21,59,53,36,51,51,36,3,24,24,24,0,0],"gold":139,"neow_bonus":"RANDOM_COMMON_RELIC","is_daily":false,"chose_seed":false,"campfire_upgraded":2,"win_rate":0.0,"timestamp":1610263987,"path_taken":["M","?","$","M","?","R","E","M","T","M","M","M","R","E","R","BOSS","M","M","$","?","M","E","R","?","T","E"],"items_purchased_type":["Card","Relic"],"build_version":"2020-12-22","purchased_purges":1,"victory":false,"max_hp_per_floor":[71,71,71,71,71,71,71,71,71,71,71,71,71,71,71,71,71,71,71,71,71,71,71,71,71,71,71,71],"card_choices":[{"not_picked":["Recycle","Barrage","Loop"],"picked":"Beam Cell","floor":1.0},{"not_picked":["Streamline","Turbo","Double Energy"],"picked":"Gash","floor":1.0},{"not_picked":["Stack","Compile Driver","Leap"],"picked":"Gash","floor":4.0},{"not_picked":["Consume","Force Field","Beam Cell"],"picked":"Reprogram","floor":4.0},{"not_picked":["Chill","Leap","Cold Snap","Amplify"],"picked":"SKIP","floor":7.0},{"not_picked":["Stack","Cold Snap","Reprogram","Beam Cell"],"picked":"SKIP","floor":8.0},{"not_picked":["Leap","Turbo","Machine Learning","Barrage"],"picked":"SKIP","floor":8.0},{"not_picked":["Compile Driver","Cold Snap","Beam Cell"],"picked":"Echo Form","floor":10.0},{"not_picked":["Compile Driver","Defragment","Leap","Darkness"],"picked":"SKIP","floor":10.0},{"not_picked":["Capacitor","Redo","Reinforced Body"],"picked":"Gash","floor":11.0},{"not_picked":["Rebound","Stack","Streamline","Double Energy"],"picked":"SKIP","floor":11.0},{"not_picked":["Sweeping Beam","Streamline","Aggregate","Cold Snap"],"picked":"SKIP","floor":12.0},{"not_picked":["Compile Driver","Beam Cell","Ball Lightning","Coolheaded"],"picked":"SKIP","floor":12.0},{"not_picked":["Reprogram","Amplify","White Noise","Sunder"],"picked":"SKIP","floor":14.0},{"not_picked":["Fission","Echo Form","Creative AI"],"picked":"Seek","floor":16.0},{"not_picked":["Steam Power","Redo","Sweeping Beam"],"picked":"FTL","floor":18.0},{"not_picked":["Streamline","Stack","Beam Cell","Steam+1"],"picked":"SKIP","floor":18.0},{"not_picked":["Heatsinks","Rebound","BootSequence"],"picked":"Go for the Eyes","floor":19.0},{"not_picked":["Loop","Electrodynamics","Go for the Eyes"],"picked":"Gash","floor":19.0},{"not_picked":["Rebound","Tempest","Chaos","Barrage+1"],"picked":"SKIP","floor":22.0},{"not_picked":["Compile Driver","Leap","Ball Lightning","Static Discharge"],"picked":"SKIP","floor":22.0},{"not_picked":["Glacier","Auto Shields","Genetic Algorithm+1"],"picked":"Scrape","floor":23}],"player_experience":220691,"relics_obtained":[{"floor":7.0,"key":"TungstenRod"},{"floor":9.0,"key":"Ginger"},{"floor":14.0,"key":"Nunchaku"},{"floor":23,"key":"Whetstone"},{"floor":26,"key":"Bronze Scales"}],"event_choices":[{"damage_healed":0.0,"max_hp_gain":0.0,"max_hp_loss":0.0,"gold_gain":0.0,"event_name":"Shining Light","player_choice":"Entered Light","floor":2.0,"gold_loss":0.0,"damage_taken":21.0,"cards_upgraded":["Strike_B","Defend_B"]},{"cards_removed":["Strike_B"],"damage_healed":0.0,"max_hp_gain":0.0,"max_hp_loss":0.0,"gold_gain":0.0,"event_name":"Living Wall","player_choice":"Forget","floor":5.0,"gold_loss":0.0,"damage_taken":0.0},{"damage_healed":0.0,"max_hp_gain":0.0,"max_hp_loss":0.0,"gold_gain":0.0,"event_name":"The Library","player_choice":"Read","floor":21.0,"gold_loss":0.0,"damage_taken":0.0,"cards_obtained":["Hologram"]},{"damage_healed":0,"gold_gain":0,"player_choice":"Ignored","damage_taken":0,"max_hp_gain":0,"max_hp_loss":0,"event_name":"Cursed Tome","floor":25,"gold_loss":0}],"is_beta":false,"boss_relics":[{"not_picked":["Inserter","Astrolabe"],"picked":"Runic Dome"}],"items_purged_floors":[20],"is_endless":false,"potions_floor_spawned":[8,10,12,19],"killed_by":"Slavers","ascension_level":15}}