{"host":"bplbr8uekuotory4","time":1610280529,"event":{"mods":["Act Like it!","BaseMod","Custom Start","Gensokyo","GungeonMod","Hermit","KinomotoSakuraMod(ƒæ÷Æ±æ”£)","Koishi","Marisa£®ÏF”Í°°ƒß¿Ì…≥£©","Minty Spire (QoL Compilation)","Prisma Mod","Quick Restart","Reimu£®≤©¿ˆ¡È√Œ£©","SOS£®Àπ∞Õ¥Ô÷Æ◊”£©","Spicy Shops","StSLib","TestMod","The Alterego","The Blackbeard","The Cursed","The Marked","The Mystic","The Runesmith","The Saiyan","The Servant 0.9.4","Yuri Mod","[IsaacMod]“‘»ˆº‚À˛","vexMod"],"gold_per_floor":[111,111,156,156,5,5,19,53,53,115,190,222,264,287,299,311,311],"floor_reached":16,"playtime":598,"items_purged":[],"score":135,"play_id":"f09c98a2-9e3c-45b7-9d74-f50035816d8a","local_time":"20210110200849","is_ascension_mode":false,"campfire_choices":[{"data":"alterego_mod:Bunnysuit","floor":6,"key":"SMITH"},{"data":"alterego_mod:TrashNCrash","floor":15,"key":"SMITH"}],"circlet_count":0,"master_deck":["alterego_mod:Strike+1","alterego_mod:Strike","alterego_mod:Strike","alterego_mod:Defend","alterego_mod:Defend","alterego_mod:Defend","alterego_mod:Impale","alterego_mod:BrynhildrsRune","alterego_mod:Bunnysuit+1","alterego_mod:GoddessCore+1","alterego_mod:Stockings","alterego_mod:Bounce","alterego_mod:1TonWallop","Bomb","alterego_mod:TrashNCrash+1"],"relics":["alterego_mod:MasochisticConstitution","testmod-TestBox","HushsDoor","Chaos","testmod-Temperance","NeowsBlessing","SsserpentHead","Toolbox","ForgetMeNow","MawBank","DemoMod:GlassGuonStoneRelic","Damocles","Happy Flower"],"acts_visited":["Exordium"],"potions_floor_usage":[12,16],"damage_taken":[{"damage":0,"enemies":"2 Louse","floor":1,"turns":1},{"damage":0,"enemies":"Small Slimes","floor":7,"turns":1},{"damage":0,"enemies":"3 Sentries","floor":8,"turns":1},{"damage":0,"enemies":"Jaw Worm","floor":11,"turns":3},{"damage":0,"enemies":"Gremlin Gang","floor":12,"turns":5},{"damage":21,"enemies":"Lagavulin","floor":13,"turns":6},{"damage":4,"enemies":"2 Fungi Beasts","floor":14,"turns":2},{"damage":10,"enemies":"The Guardian","floor":16,"turns":3}],"seed_played":"8616847341782921541","potions_obtained":[{"floor":8,"key":"BlessingOfTheForge"},{"floor":13,"key":"AttackPotion"}],"is_trial":false,"path_per_floor":["M","?","?","?","$","R","M","E","T","?","M","M","E","M","R","B"],"character_chosen":"The_Alterego","items_purchased":["Toolbox","alterego_mod:GoddessCore"],"campfire_rested":0,"item_purchase_floors":[5,5],"current_hp_per_floor":[70,63,48,48,48,48,48,48,48,34,34,34,21,18,18,0,0],"gold":311,"neow_bonus":"THREE_ENEMY_KILL","is_daily":false,"chose_seed":false,"campfire_upgraded":2,"win_rate":0.0,"timestamp":1610280529,"path_taken":["M","?","?","?","?","R","M","E","T","?","?","M","E","M","R","BOSS"],"items_purchased_type":["Relic","Card"],"build_version":"2020-12-22","purchased_purges":0,"victory":false,"max_hp_per_floor":[70,70,70,70,70,70,70,70,70,70,70,70,71,72,72,72,72],"card_choices":[{"not_picked":["alterego_mod:Bounce","alterego_mod:Maid"],"picked":"alterego_mod:Bunnysuit","floor":1},{"not_picked":["alterego_mod:PerceptionDisorder","alterego_mod:Support","alterego_mod:IdEs"],"picked":"SKIP","floor":7},{"not_picked":["alterego_mod:Belle","alterego_mod:Jiggle"],"picked":"alterego_mod:Stockings","floor":8},{"not_picked":["alterego_mod:Belle","alterego_mod:Stockings"],"picked":"alterego_mod:Bounce","floor":11},{"not_picked":["alterego_mod:Jiggle","alterego_mod:BusterCard"],"picked":"alterego_mod:1TonWallop","floor":12},{"not_picked":["alterego_mod:Pet","alterego_mod:RidiculouslyBig"],"picked":"Bomb","floor":13},{"not_picked":["alterego_mod:GoddessCore","alterego_mod:DeftHands"],"picked":"alterego_mod:TrashNCrash","floor":14}],"player_experience":1175827,"relics_obtained":[{"floor":8,"key":"ForgetMeNow"},{"floor":9,"key":"MawBank"},{"floor":13,"key":"Damocles"},{"floor":14,"key":"Happy Flower"}],"event_choices":[{"cards_removed":["alterego_mod:BigMeatyClaws"],"damage_healed":0,"gold_gain":0,"player_choice":"Card Removal","damage_taken":7,"max_hp_gain":0,"max_hp_loss":0,"event_name":"Golden Wing","floor":2,"gold_loss":0},{"damage_healed":0,"gold_gain":0,"player_choice":"Trade","damage_taken":0,"relics_obtained":["SsserpentHead"],"max_hp_gain":0,"max_hp_loss":0,"event_name":"FaceTrader","floor":4,"gold_loss":0},{"damage_healed":0,"gold_gain":0,"player_choice":"Entered Light","damage_taken":14,"max_hp_gain":0,"max_hp_loss":0,"event_name":"Shining Light","floor":10,"gold_loss":0,"cards_upgraded":["alterego_mod:Strike","alterego_mod:GoddessCore"]}],"is_beta":false,"boss_relics":[],"items_purged_floors":[],"is_endless":false,"potions_floor_spawned":[8,13],"killed_by":"The Guardian","ascension_level":0}}