{"host":"z9811rt50ti81n54","time":1610259718,"event":{"mods":["BaseMod","Better Match","Better Sensory Stone","Better Skull","Better Third Choice","Minty Spire (QoL Compilation)","StSLib","SuperFastMode"],"gold_per_floor":[110,285,285,303,7,7,7,7,7,7,7,28,43,78,78,207,207,220,132,132,132,32,32,32,32,59,78,117,132,132,148,148,267,267,285,348,348,372,393,393,409,95,122,122,136,136,149,164,164,164],"floor_reached":51,"playtime":1571,"items_purged":["Doubt","BowlingBash"],"score":790,"play_id":"1a4abc05-ee3f-431b-b37a-0398dc6d35c8","local_time":"20210110152158","is_ascension_mode":false,"campfire_choices":[{"data":"Eruption","floor":7,"key":"SMITH"},{"data":"Alpha","floor":10,"key":"SMITH"},{"data":"Collect","floor":15,"key":"SMITH"},{"data":"Vault","floor":23,"key":"SMITH"},{"data":"Ghostly","floor":24,"key":"SMITH"},{"data":"Ghostly","floor":25,"key":"SMITH"},{"data":"Ghostly","floor":30,"key":"SMITH"},{"data":"Ghostly","floor":32,"key":"SMITH"},{"data":"LessonLearned","floor":40,"key":"SMITH"},{"data":"Wish","floor":46,"key":"SMITH"},{"floor":49,"key":"REST"}],"circlet_count":0,"master_deck":["Eruption+1","Vigilance","Alpha+1","Wallop","JustLucky","Conclude","Collect+1","Vault+1","ClearTheMind+1","Protect","LessonLearned+1","EmptyBody","EmptyFist","ThirdEye","InnerPeace","FlurryOfBlows","Bandage Up","Ghostly+1","Ghostly+1","Ghostly+1","Ghostly+1","Ghostly+1","CutThroughFate+1","ThirdEye+1","Vault+1","Wish+1","Nirvana+1"],"relics":["PureWater","Strawberry","Golden Idol","CaptainsWheel","WingedGreaves","Pandora\u0027s Box","Centennial Puzzle","Mercury Hourglass","Snecko Eye","Unceasing Top","Calipers","Ancient Tea Set"],"acts_visited":["Exordium","TheCity","TheBeyond"],"potions_floor_usage":[4,50,50,50],"damage_taken":[{"damage":0,"enemies":"2 Louse","floor":1,"turns":2},{"damage":0,"enemies":"Jaw Worm","floor":4,"turns":3},{"damage":2,"enemies":"Small Slimes","floor":12,"turns":3},{"damage":5,"enemies":"Looter","floor":13,"turns":4},{"damage":0,"enemies":"Gremlin Nob","floor":14,"turns":2},{"damage":26,"enemies":"The Guardian","floor":16,"turns":7},{"damage":20,"enemies":"2 Thieves","floor":18,"turns":3},{"damage":2,"enemies":"Shell Parasite","floor":27,"turns":4},{"damage":5,"enemies":"Slavers","floor":28,"turns":7},{"damage":6,"enemies":"Snake Plant","floor":29,"turns":4},{"damage":2,"enemies":"Chosen and Byrds","floor":31,"turns":4},{"damage":1,"enemies":"Collector","floor":33,"turns":8},{"damage":1,"enemies":"Orb Walker","floor":35,"turns":4},{"damage":0,"enemies":"Mind Bloom Boss Battle","floor":36,"turns":5},{"damage":0,"enemies":"3 Shapes","floor":38,"turns":4},{"damage":9,"enemies":"Sphere and 2 Shapes","floor":39,"turns":4},{"damage":2,"enemies":"Transient","floor":41,"turns":5},{"damage":0,"enemies":"Maw","floor":45,"turns":9},{"damage":0,"enemies":"Jaw Worm Horde","floor":47,"turns":4},{"damage":12,"enemies":"Spire Growth","floor":48,"turns":6},{"damage":0,"enemies":"Donu and Deca","floor":50,"turns":5}],"seed_played":"-7779069053379759573","potions_obtained":[{"floor":4,"key":"Fruit Juice"},{"floor":13,"key":"FearPotion"},{"floor":14,"key":"LiquidBronze"},{"floor":16,"key":"Weak Potion"},{"floor":27,"key":"Strength Potion"},{"floor":33,"key":"DuplicationPotion"},{"floor":38,"key":"BottledMiracle"},{"floor":47,"key":"ColorlessPotion"}],"is_trial":false,"path_per_floor":["M","?","?","M","$","?","R","?","T","R","$","M","M","E","R","B",null,"M","$","?","?","$","R","R","R","T","M","E","M","R","M","R","B",null,"M","?","?","M","M","R","M","$","T","?","M","R","M","M","R","B",null],"character_chosen":"WATCHER","items_purchased":["Strawberry","JustLucky","BowlingBash","Bandage Up","Calipers"],"campfire_rested":1,"item_purchase_floors":[5,5,5,19,42],"current_hp_per_floor":[51,51,37,42,49,54,54,54,54,54,54,52,47,47,47,21,82,62,62,62,41,41,41,41,41,41,41,39,35,35,37,37,40,41,40,41,41,41,36,36,34,34,34,34,38,38,39,27,38,39],"gold":164,"neow_bonus":"THREE_RARE_CARDS","is_daily":false,"chose_seed":false,"campfire_upgraded":10,"win_rate":0.0,"timestamp":1610259718,"path_taken":["M","?","?","M","$","?","R","?","T","R","?","M","M","E","R","BOSS","M","$","?","?","$","R","R","R","T","M","E","M","R","M","R","BOSS","M","?","?","M","?","R","M","$","T","?","M","R","M","M","R","BOSS"],"items_purchased_type":["Relic","Card","Card","Card","Relic"],"build_version":"2020-12-22","purchased_purges":2,"victory":true,"max_hp_per_floor":[72,72,72,77,84,89,89,82,82,82,82,82,82,82,82,82,82,82,82,82,41,41,41,41,41,41,41,41,41,41,41,41,41,41,41,41,41,41,41,41,41,41,41,39,39,39,39,39,39,39],"card_choices":[{"not_picked":["Establishment","Omniscience"],"picked":"Alpha","floor":0},{"not_picked":["ClearTheMind","SashWhip","Prostrate"],"picked":"SKIP","floor":1},{"not_picked":["FlurryOfBlows","Crescendo"],"picked":"Wallop","floor":4},{"not_picked":["Pray","Adaptation"],"picked":"Conclude","floor":12},{"not_picked":["CrushJoints","FollowUp","Adaptation"],"picked":"SKIP","floor":13},{"not_picked":["CutThroughFate","Weave"],"picked":"Collect","floor":14},{"not_picked":["SpiritShield","ConjureBlade"],"picked":"Vault","floor":16},{"not_picked":["InnerPeace","LikeWater+1","Crescendo"],"picked":"SKIP","floor":18},{"not_picked":["Consecrate","Wireheading","WreathOfFlame"],"picked":"SKIP","floor":27},{"not_picked":["TalkToTheHand","EmptyBody+1","CutThroughFate+1"],"picked":"SKIP","floor":28},{"not_picked":["TalkToTheHand","EmptyBody+1","CutThroughFate+1"],"picked":"SKIP","floor":28},{"not_picked":["TalkToTheHand","EmptyBody+1"],"picked":"CutThroughFate+1","floor":28},{"not_picked":["Protect","Adaptation"],"picked":"ThirdEye+1","floor":29},{"not_picked":["Sanctity","Fasting2","DeceiveReality+1"],"picked":"SKIP","floor":31},{"not_picked":["Ragnarok","Wish"],"picked":"Vault","floor":33},{"not_picked":["EmptyFist","Crescendo+1","Halt"],"picked":"SKIP","floor":35},{"not_picked":["BowlingBash+1","Evaluate","CutThroughFate"],"picked":"SKIP","floor":38},{"not_picked":["BowlingBash+1","Evaluate","CutThroughFate"],"picked":"SKIP","floor":38},{"not_picked":["Perseverance+1","CutThroughFate+1","Vengeance+1"],"picked":"SKIP","floor":39},{"not_picked":["Consecrate+1","Worship+1"],"picked":"Wish","floor":41},{"not_picked":["Meditate+1","CarveReality+1","Consecrate"],"picked":"SKIP","floor":45},{"not_picked":["Consecrate+1","MentalFortress+1"],"picked":"Nirvana+1","floor":47},{"not_picked":["Tantrum","CutThroughFate+1","FearNoEvil"],"picked":"SKIP","floor":48}],"player_experience":355548,"relics_obtained":[{"floor":9,"key":"CaptainsWheel"},{"floor":14,"key":"WingedGreaves"},{"floor":26,"key":"Centennial Puzzle"},{"floor":28,"key":"Mercury Hourglass"},{"floor":36,"key":"Unceasing Top"},{"floor":43,"key":"Ancient Tea Set"}],"event_choices":[{"damage_healed":0,"gold_gain":175,"player_choice":"AGREE","damage_taken":0,"max_hp_gain":0,"max_hp_loss":0,"event_name":"Liars Game","floor":2,"gold_loss":0,"cards_obtained":["Doubt"]},{"damage_healed":0,"gold_gain":0,"player_choice":"Entered Light","damage_taken":14,"max_hp_gain":0,"max_hp_loss":0,"event_name":"Shining Light","floor":3,"gold_loss":0,"cards_upgraded":["Defend_P","Defend_P"]},{"damage_healed":0,"gold_gain":0,"player_choice":"Donut","damage_taken":0,"max_hp_gain":5,"max_hp_loss":0,"event_name":"Big Fish","floor":6,"gold_loss":0},{"damage_healed":0,"gold_gain":0,"player_choice":"Lose Max HP","damage_taken":0,"relics_obtained":["Golden Idol"],"max_hp_gain":0,"max_hp_loss":7,"event_name":"Golden Idol","floor":8,"gold_loss":0},{"damage_healed":0,"gold_gain":0,"player_choice":"Ignored","damage_taken":0,"max_hp_gain":0,"max_hp_loss":0,"event_name":"Vampires","floor":20,"gold_loss":0},{"damage_healed":0,"gold_gain":0,"player_choice":"Became a Ghost","damage_taken":0,"max_hp_gain":0,"max_hp_loss":41,"event_name":"Ghosts","floor":21,"gold_loss":0,"cards_obtained":["Ghostly","Ghostly","Ghostly","Ghostly","Ghostly"]},{"damage_healed":0,"gold_gain":0,"player_choice":"Fight","damage_taken":0,"max_hp_gain":0,"max_hp_loss":0,"event_name":"MindBloom","floor":36,"gold_loss":0},{"damage_healed":0,"gold_gain":0,"player_choice":"Ignored","damage_taken":0,"max_hp_gain":0,"max_hp_loss":0,"event_name":"Mysterious Sphere","floor":37,"gold_loss":0},{"damage_healed":0,"gold_gain":0,"player_choice":"Max HP","damage_taken":0,"max_hp_gain":0,"max_hp_loss":2,"event_name":"Winding Halls","floor":44,"gold_loss":0}],"is_beta":false,"boss_relics":[{"not_picked":["Ectoplasm","SacredBark"],"picked":"Pandora\u0027s Box"},{"not_picked":["Cursed Key","Runic Dome"],"picked":"Snecko Eye"}],"items_purged_floors":[5,22],"is_endless":false,"potions_floor_spawned":[4,13,14,16,27,31,33,38,39,47],"ascension_level":0}}