{"host":"wby4rs3xnry3zy6c","time":1610248132,"event":{"mods":["AchievementEnabler","BaseMod","BetterRewards","Colored Map","Colored Powertips","Downfall","Hubris","Infinite Spire","Minty Spire (QoL Compilation)","Replay The Spire","Shop Mod","StSLib","The Cursed","The Necromancer"],"gold_per_floor":[110,110,110,110,127,127,161,86,133,147,147,167,180,199,199,299,299,312,312,312,327,427,427,259,271,271,305,325,325,345,355,355,355,355],"floor_reached":33,"playtime":2039,"items_purged":["Defend_R","Defend_R"],"score":269,"play_id":"7c8eae64-d14b-4a3a-8cd6-70c449c5e3bd","local_time":"20210109210852","is_ascension_mode":false,"campfire_choices":[{"data":"Life Link","floor":6,"key":"SMITH"},{"data":"Warcry","floor":15,"key":"SMITH"},{"data":"infinitespire:NeuralNetwork","floor":23,"key":"SMITH"},{"data":"Fire Breathing","floor":29,"key":"SMITH"},{"data":"Abandon","floor":32,"key":"SMITH"}],"circlet_count":0,"master_deck":["infinitespire:Punishment+1","Strike_R","Strike_R","Strike_R","Strike_R","Defend_R","Defend_R","Bash","Life Link+1","Warcry+1","Abandon+1","hubris:ReadiedAction","Flex","infinitespire:NeuralNetwork+1","Flex","Rage","Fire Breathing+1","Thunderclap"],"relics":["Burning Blood","hubris:Towel","Garlic","FaceOfCleric","ReplayTheSpireMod:Lightbulb","Pet Ghost","Toxic Egg 2","hubris:CrystalStatue"],"acts_visited":["Exordium","TheCity"],"potions_floor_usage":[16,33,33,33],"damage_taken":[{"damage":0,"enemies":"Small Slimes","floor":1,"turns":3},{"damage":3,"enemies":"Jaw Worm","floor":5,"turns":2},{"damage":12,"enemies":"Gremlin Nob","floor":7,"turns":3},{"damage":0,"enemies":"2 Louse","floor":10,"turns":2},{"damage":1,"enemies":"Red Slaver","floor":12,"turns":3},{"damage":0,"enemies":"Blue Slaver","floor":13,"turns":3},{"damage":2,"enemies":"3 Louse","floor":14,"turns":3},{"damage":47,"enemies":"The Guardian","floor":16,"turns":9},{"damage":7,"enemies":"Shell Parasite","floor":18,"turns":4},{"damage":0,"enemies":"Chosen","floor":21,"turns":3},{"damage":10,"enemies":"3 Cultists","floor":25,"turns":5},{"damage":14,"enemies":"Gremlin Leader","floor":27,"turns":6},{"damage":12,"enemies":"Snecko","floor":28,"turns":4},{"damage":30,"enemies":"Shelled Parasite and Fungi","floor":30,"turns":4},{"damage":14,"enemies":"Centurion and Healer","floor":31,"turns":5},{"damage":64,"enemies":"hubris:MusketHawk","floor":33,"turns":6}],"seed_played":"3910880623878588545","potions_obtained":[{"floor":1,"key":"LifebloodPotion"},{"floor":7,"key":"Guardian:BlockOnCardUsePotion"},{"floor":18,"key":"LiquidBronze"},{"floor":25,"key":"sneckomod:MuddlingPotion"},{"floor":31,"key":"champ:CounterPotion"}],"is_trial":false,"path_per_floor":["M","?","?","?","M","R","E","$","T","M","?","M","M","M","R","B",null,"M","?","AVR","M","?","R","$","M","T","E","M","R","M","M","R","B"],"character_chosen":"IRONCLAD","items_purchased":["Rage"],"campfire_rested":0,"item_purchase_floors":[24],"current_hp_per_floor":[80,80,68,68,72,72,67,67,67,74,74,80,85,86,86,46,87,87,87,87,89,89,89,89,86,86,79,74,74,51,44,44,0,0],"gold":355,"neow_bonus":"UPGRADE_CARD","is_daily":false,"chose_seed":false,"campfire_upgraded":5,"win_rate":0.0,"timestamp":1610248132,"path_taken":["M","?","?","?","M","R","E","$","T","?","?","M","M","M","R","BOSS","M","?","AVR","M","?","R","$","M","T","E","M","R","M","M","R","BOSS"],"items_purchased_type":["Card"],"build_version":"2020-12-22","purchased_purges":2,"victory":false,"max_hp_per_floor":[80,80,80,80,81,81,82,82,82,83,83,84,85,86,86,87,87,88,88,88,89,89,89,89,90,90,91,92,92,93,94,94,94,94],"card_choices":[{"not_picked":["Searing Blow","hubris:CleavingFinish"],"picked":"Life Link","floor":1},{"not_picked":["ReplayTheSpireMod:Stacked","Body Slam","Sever Soul"],"picked":"SKIP","floor":5},{"not_picked":["Inflame","Power Through","Clothesline"],"picked":"SKIP","floor":7},{"not_picked":["Uppercut","Clothesline"],"picked":"Warcry","floor":10},{"not_picked":["True Grit","hubris:ReadiedAction"],"picked":"Abandon","floor":12},{"not_picked":["Burning Pact","Cleave"],"picked":"hubris:ReadiedAction","floor":13},{"not_picked":["Clothesline","Bloodletting","Uppercut"],"picked":"SKIP","floor":14},{"not_picked":["infinitespire:OneForAll+1","Pommel Strike"],"picked":"Flex","floor":18},{"not_picked":["Body Slam+1","Clash"],"picked":"Flex","floor":21},{"not_picked":["Battle Trance","Run Through+1","ReplayTheSpireMod:Strike From Hell"],"picked":"SKIP","floor":25},{"not_picked":["ReplayTheSpireMod:Strike From Hell","Searing Blow+1","Clash"],"picked":"SKIP","floor":27},{"not_picked":["Warcry+1","Defy Death+1"],"picked":"Fire Breathing","floor":28},{"not_picked":["Armaments+1","Replay:Undeath\u0027s Touch","ReplayTheSpireMod:LeadingStrike"],"picked":"SKIP","floor":30},{"not_picked":["Fiend Fire","Infernal Blade+1"],"picked":"Thunderclap","floor":31}],"player_experience":104797,"relics_obtained":[{"floor":7,"key":"ReplayTheSpireMod:Lightbulb"},{"floor":9,"key":"Pet Ghost"},{"floor":26,"key":"Toxic Egg 2"},{"floor":27,"key":"hubris:CrystalStatue"}],"event_choices":[{"damage_healed":0,"gold_gain":0,"player_choice":"Success","damage_taken":12,"relics_obtained":["Garlic"],"max_hp_gain":0,"max_hp_loss":0,"event_name":"Scrap Ooze","floor":3,"gold_loss":0},{"damage_healed":0,"gold_gain":0,"player_choice":"Trade","damage_taken":0,"relics_obtained":["FaceOfCleric"],"max_hp_gain":0,"max_hp_loss":0,"event_name":"FaceTrader","floor":4,"gold_loss":0},{"cards_removed":["Strike_R"],"damage_healed":0,"gold_gain":0,"player_choice":"Offered Basic","damage_taken":0,"max_hp_gain":0,"max_hp_loss":0,"event_name":"Bonfire Elementals","floor":11,"gold_loss":0},{"damage_healed":0,"gold_gain":0,"player_choice":"Ignored","damage_taken":0,"max_hp_gain":0,"max_hp_loss":0,"event_name":"Ghosts","floor":19,"gold_loss":0},{"damage_healed":0,"gold_gain":100,"player_choice":"Pray","damage_taken":0,"max_hp_gain":0,"max_hp_loss":0,"event_name":"Golden Shrine","floor":22,"gold_loss":0}],"is_beta":false,"boss_relics":[{"not_picked":["Electric Blood","Ring of Chaos","Replay:Drink Me"]}],"items_purged_floors":[8,24],"is_endless":false,"potions_floor_spawned":[1,7,18,25,31],"killed_by":"hubris:MusketHawk","ascension_level":0}}