{"host":"07e1k1rk6c4zn0bu","time":1610244883,"event":{"mods":["AchievementEnabler","BaseMod","Bestiary","Colored Map","Colored Powertips","DeckTracker","Minty Spire (QoL Compilation)"],"gold_per_floor":[109,109,41,52,152,177,177,197,197,213,233,243,243,253,253,353,353,372,372,390,68,68,68,80,7,7,7,7,24,124,143,143,238,238,248,101,151,151,1,1,17,17,96,110,110,110],"floor_reached":45,"playtime":2163,"items_purged":["Injury","Eviscerate","Shame","Writhe"],"score":465,"play_id":"89eccf6c-436c-4bb9-a1a7-78cc89927df4","local_time":"20210109211443","is_ascension_mode":false,"campfire_choices":[{"data":"Choke","floor":7,"key":"SMITH"},{"floor":13,"key":"REST"},{"data":"Quick Slash","floor":15,"key":"SMITH"},{"floor":23,"key":"REST"},{"floor":27,"key":"REST"},{"floor":32,"key":"REST"},{"floor":40,"key":"REST"},{"floor":42,"key":"REST"}],"circlet_count":0,"master_deck":["Strike_G+1","Strike_G+1","Strike_G+1","Strike_G+1","Strike_G+1","Defend_G+1","Defend_G+1","Defend_G+1","Defend_G+1","Defend_G+1","Survivor","Neutralize","PiercingWail","Backflip","Deflect","Blur","Choke+1","Underhanded Strike","Quick Slash+1","Catalyst","Outmaneuver","Doppelganger","Catalyst+1","Noxious Fumes+1","Deadly Poison+1","Caltrops+1","Riddle With Holes","Poisoned Stab","All Out Attack","Apotheosis","Backstab"],"relics":["Ring of the Snake","NeowsBlessing","Frozen Egg 2","Letter Opener","Runic Pyramid","Membership Card","Juzu Bracelet","Regal Pillow","Incense Burner","Black Star","Lizard Tail","Chemical X","Gremlin Horn"],"acts_visited":["Exordium","TheCity","TheBeyond"],"potions_floor_usage":[11,16,18],"damage_taken":[{"damage":0,"enemies":"Small Slimes","floor":1,"turns":1},{"damage":0,"enemies":"Cultist","floor":4,"turns":1},{"damage":0,"enemies":"Lagavulin","floor":6,"turns":1},{"damage":6,"enemies":"2 Louse","floor":8,"turns":3},{"damage":27,"enemies":"Exordium Thugs","floor":10,"turns":5},{"damage":0,"enemies":"2 Fungi Beasts","floor":11,"turns":2},{"damage":3,"enemies":"Blue Slaver","floor":12,"turns":3},{"damage":0,"enemies":"3 Louse","floor":14,"turns":3},{"damage":34,"enemies":"Slime Boss","floor":16,"turns":13},{"damage":30,"enemies":"3 Byrds","floor":18,"turns":7},{"damage":7,"enemies":"Spheric Guardian","floor":20,"turns":5},{"damage":28,"enemies":"Centurion and Healer","floor":24,"turns":7},{"damage":21,"enemies":"Chosen and Byrds","floor":29,"turns":7},{"damage":15,"enemies":"Snecko","floor":31,"turns":4},{"damage":32,"enemies":"Champ","floor":33,"turns":9},{"damage":21,"enemies":"Orb Walker","floor":35,"turns":4},{"damage":32,"enemies":"Mind Bloom Boss Battle","floor":37,"turns":7},{"damage":61,"enemies":"3 Shapes","floor":41,"turns":4},{"damage":46,"enemies":"3 Darklings","floor":44,"turns":6},{"damage":45,"enemies":"Nemesis","floor":45,"turns":2}],"seed_played":"4690246661015365050","potions_obtained":[{"floor":4,"key":"SneckoOil"},{"floor":10,"key":"EntropicBrew"},{"floor":11,"key":"ColorlessPotion"}],"is_trial":false,"path_per_floor":["M","?","$","M","?","E","R","M","T","M","M","M","R","M","R","B",null,"M","?","M","$","?","R","M","$","T","R","?","M","?","M","R","B",null,"M","$","?","?","$","R","M","R","T","M","E"],"character_chosen":"THE_SILENT","items_purchased":["Backflip","Deflect","Membership Card","Juzu Bracelet","Caltrops+1","Riddle With Holes","Poisoned Stab","Apotheosis","Chemical X"],"campfire_rested":6,"item_purchase_floors":[3,3,21,21,21,21,25,36,39],"current_hp_per_floor":[70,70,70,70,70,70,70,64,64,37,37,34,55,55,55,21,70,40,40,33,33,33,69,41,41,41,70,70,49,49,34,70,38,70,49,49,17,35,35,70,9,45,45,35,0,0],"gold":110,"neow_bonus":"THREE_ENEMY_KILL","is_daily":false,"chose_seed":false,"campfire_upgraded":2,"win_rate":0.0,"timestamp":1610244883,"path_taken":["M","?","$","M","?","E","R","?","T","M","?","M","R","M","R","BOSS","M","?","?","$","?","R","M","$","T","R","?","M","?","M","R","BOSS","M","$","?","?","$","R","M","R","T","M","E"],"items_purchased_type":["Card","Card","Relic","Relic","Card","Card","Card","Card","Relic"],"build_version":"2020-12-22","purchased_purges":4,"victory":false,"max_hp_per_floor":[70,70,70,70,70,70,70,70,70,70,70,70,70,70,70,70,70,70,70,70,70,70,70,70,70,70,70,70,70,70,70,70,70,70,70,70,70,70,70,70,70,70,70,70,70,70],"card_choices":[{"not_picked":["Underhanded Strike","Blade Dance"],"picked":"PiercingWail","floor":1},{"not_picked":["Predator","Slice"],"picked":"Blur","floor":4},{"not_picked":["Acrobatics","Calculated Gamble"],"picked":"Choke","floor":6},{"not_picked":["Expertise","Acrobatics"],"picked":"Underhanded Strike","floor":8},{"not_picked":["Eviscerate","Flying Knee"],"picked":"Quick Slash","floor":10},{"not_picked":["Cloak And Dagger","Endless Agony"],"picked":"Eviscerate","floor":11},{"not_picked":["Backflip","Slice"],"picked":"Catalyst","floor":12},{"not_picked":["Blur","PiercingWail"],"picked":"Outmaneuver","floor":14},{"not_picked":["Die Die Die","Phantasmal Killer"],"picked":"Doppelganger","floor":16},{"not_picked":["Dagger Spray","Eviscerate"],"picked":"Catalyst+1","floor":18},{"not_picked":["Bane","Escape Plan"],"picked":"Deadly Poison+1","floor":20},{"not_picked":["Dagger Spray+1","Calculated Gamble+1","Endless Agony"],"picked":"SKIP","floor":24},{"not_picked":["Acrobatics+1","Endless Agony"],"picked":"All Out Attack","floor":29},{"not_picked":["Quick Slash+1","Flying Knee","Expertise"],"picked":"SKIP","floor":31},{"not_picked":["Dagger Throw+1","Finisher","Backflip"],"picked":"SKIP","floor":35},{"not_picked":["PiercingWail","Caltrops+1","Leg Sweep"],"picked":"SKIP","floor":41},{"not_picked":["Quick Slash+1","Cloak And Dagger"],"picked":"Backstab","floor":44}],"player_experience":29346,"relics_obtained":[{"floor":6,"key":"Frozen Egg 2"},{"floor":9,"key":"Letter Opener"},{"floor":26,"key":"Incense Burner"},{"floor":37,"key":"Lizard Tail"},{"floor":43,"key":"Gremlin Horn"}],"event_choices":[{"damage_healed":0,"gold_gain":0,"player_choice":"Leave","damage_taken":0,"max_hp_gain":0,"max_hp_loss":0,"event_name":"The Cleric","floor":2,"gold_loss":0},{"damage_healed":0,"gold_gain":100,"player_choice":"Pray","damage_taken":0,"max_hp_gain":0,"max_hp_loss":0,"event_name":"Golden Shrine","floor":5,"gold_loss":0},{"damage_healed":0,"gold_gain":0,"player_choice":"2 cards matched","damage_taken":0,"max_hp_gain":0,"max_hp_loss":0,"event_name":"Match and Keep!","floor":19,"gold_loss":0,"cards_obtained":["Noxious Fumes","Injury"]},{"damage_healed":0,"gold_gain":0,"player_choice":"Stole Relic","damage_taken":0,"relics_obtained":["Regal Pillow"],"max_hp_gain":0,"max_hp_loss":0,"event_name":"Addict","floor":22,"gold_loss":0,"cards_obtained":["Shame"]},{"damage_healed":0,"gold_gain":0,"player_choice":"Simplicity","damage_taken":0,"max_hp_gain":0,"max_hp_loss":0,"event_name":"Back to Basics","floor":28,"gold_loss":0,"cards_upgraded":["Strike_G","Strike_G","Strike_G","Strike_G","Strike_G","Defend_G","Defend_G","Defend_G","Defend_G","Defend_G"]},{"damage_healed":0,"gold_gain":100,"player_choice":"Pray","damage_taken":0,"max_hp_gain":0,"max_hp_loss":0,"event_name":"Golden Shrine","floor":30,"gold_loss":0},{"damage_healed":0,"gold_gain":0,"player_choice":"Fight","damage_taken":0,"max_hp_gain":0,"max_hp_loss":0,"event_name":"MindBloom","floor":37,"gold_loss":0},{"damage_healed":18,"gold_gain":0,"player_choice":"Writhe","damage_taken":0,"max_hp_gain":0,"max_hp_loss":0,"event_name":"Winding Halls","floor":38,"gold_loss":0,"cards_obtained":["Writhe"]}],"is_beta":false,"boss_relics":[{"not_picked":["Runic Dome","Empty Cage"],"picked":"Runic Pyramid"},{"not_picked":["WristBlade","Sozu"],"picked":"Black Star"}],"items_purged_floors":[21,25,36,39],"is_endless":false,"potions_floor_spawned":[4,10,11,18,35,37,44],"killed_by":"Nemesis","ascension_level":0}}