{"host":"7xbu8gt067z192g2","time":1610321342,"event":{"mods":["BaseMod","Better Note","Colored Map","Colored Powertips","Googly Eyes","Highlight Path","Minty Spire (QoL Compilation)","Rare Cards Sparkle","Replay The Spire","StSLib","The Bladedancer","The Cursed","The Hierophant","The Valiant","The Wild Card"],"gold_per_floor":[361,1,18,34,109,109,134,134,134,200,216,234,189,209,209,309,309,324,166,166,166,178,178,195,195,195,270,57,57,71,89,89,188,188,188,188],"floor_reached":35,"playtime":2235,"items_purged":["Strike_G","Vigilance","Spreading Infection"],"score":432,"play_id":"8a81e2e1-90a4-42d3-ae48-7248fb958030","local_time":"20210110182902","is_ascension_mode":false,"campfire_choices":[{"data":"TheCursedMod:CircleOfAmplification","floor":6,"key":"SMITH"},{"data":"TheCursedMod:Grudge","floor":8,"key":"SMITH"},{"data":"TheCursedMod:ForbiddenAlchemy","floor":15,"key":"SMITH"},{"data":"TheCursedMod:LuckyCharm","floor":23,"key":"SMITH"},{"data":"TheCursedMod:CleanUpWorkshop","floor":25,"key":"SMITH"},{"data":"TheCursedMod:SpitefulStrike","floor":29,"key":"SMITH"}],"circlet_count":0,"master_deck":["TheCursedMod:Strike_TheCursed","TheCursedMod:Strike_TheCursed","TheCursedMod:Strike_TheCursed","TheCursedMod:Defend_TheCursed","TheCursedMod:Defend_TheCursed","TheCursedMod:Defend_TheCursed","TheCursedMod:CursedWand","TheCursedMod:CleanUpWorkshop+1","TheCursedMod:Dregs","TheCursedMod:CursedMace","TheCursedMod:CursedAmulet","TheCursedMod:SpitefulPlan","TheCursedMod:CircleOfAmplification+1","TheCursedMod:LuckyCharm+1","TheCursedMod:Grudge+1","ReplayTheSpireMod:Splinters","TheCursedMod:SpitefulStrike+1","TheCursedMod:CursedShiv+1","TheCursedMod:CursedBlade","TheCursedMod:ManaCirculation+1","TheCursedMod:CursedShiv","TheCursedMod:Hemoplague","TheCursedMod:BlessingInDisguise","TheCursedMod:RapidMovement","TheCursedMod:Wield","TheCursedMod:DarkBarrier"],"relics":["TheCursedMod:BlackMagic101","Membership Card","Bag of Preparation","Dream Catcher","Replay:Ringing Soul","Regal Pillow","Cursed Key","Strange Spoon","Replay:PocketPolymizer","OrangePellets","Bronze Scales","Snecko Eye"],"acts_visited":["Exordium","TheCity","TheBeyond"],"potions_floor_usage":[13,13,14,14,14,18,18,18,18,18,33,33,33],"damage_taken":[{"damage":1,"enemies":"Cultist","floor":1,"turns":4},{"damage":0,"enemies":"Small Slimes","floor":3,"turns":5},{"damage":2,"enemies":"2 Louse","floor":4,"turns":4},{"damage":0,"enemies":"Replay:BlueRogue","floor":7,"turns":8},{"damage":0,"enemies":"Exordium Wildlife","floor":11,"turns":7},{"damage":12,"enemies":"3 Louse","floor":12,"turns":4},{"damage":0,"enemies":"Looter","floor":13,"turns":5},{"damage":0,"enemies":"2 Fungi Beasts","floor":14,"turns":4},{"damage":28,"enemies":"Fading Forest","floor":16,"turns":11},{"damage":8,"enemies":"Chosen","floor":18,"turns":5},{"damage":26,"enemies":"Shell Parasite","floor":22,"turns":5},{"damage":2,"enemies":"Centurion and Healer","floor":24,"turns":6},{"damage":2,"enemies":"Snake Plant","floor":30,"turns":4},{"damage":17,"enemies":"Chosen and Byrds","floor":31,"turns":5},{"damage":72,"enemies":"Champ","floor":33,"turns":14},{"damage":0,"enemies":"Orb Walker","floor":35,"turns":1}],"seed_played":"17694263308594728","potions_obtained":[{"floor":4,"key":"SpeedPotion"},{"floor":7,"key":"SpeedPotion"},{"floor":10,"key":"Languid Potion"},{"floor":16,"key":"Toxic Potion"},{"floor":22,"key":"FearPotion"},{"floor":31,"key":"EssenceOfSteel"}],"is_trial":false,"path_per_floor":["M","$","M","M","?","R","E","R","T","?","M","M","M","M","R","B",null,"M","$","?","?","M","R","M","R","T","?","$","R","M","M","R_BF","B",null,"M"],"character_chosen":"THE_CURSED","items_purchased":["Membership Card","Bag of Preparation","TheCursedMod:CursedAmulet","TheCursedMod:SpitefulPlan","Strange Spoon","TheCursedMod:Hemoplague","OrangePellets","Bronze Scales"],"campfire_rested":0,"item_purchase_floors":[2,2,2,2,19,19,28,28],"current_hp_per_floor":[74,74,74,72,61,61,61,61,61,64,67,58,61,64,64,39,93,88,91,91,109,83,83,84,84,87,76,76,79,77,60,114,45,124,124,124],"gold":188,"neow_bonus":"TWO_FIFTY_GOLD","is_daily":false,"chose_seed":false,"campfire_upgraded":6,"win_rate":0.0,"timestamp":1610321342,"path_taken":["M","$","?","M","?","R","E","R","T","?","M","M","M","M","R","BOSS","M","$","?","?","M","R","M","R","T","?","$","R","M","M","R_BF","BOSS","M"],"items_purchased_type":["Relic","Relic","Card","Card","Relic","Card","Relic","Relic"],"build_version":"2020-12-22","purchased_purges":3,"victory":false,"max_hp_per_floor":[75,75,75,75,75,75,75,75,75,78,81,84,87,90,90,93,93,96,99,99,109,109,109,112,112,115,115,115,118,118,118,121,124,124,124,124],"card_choices":[{"not_picked":["TheCursedMod:WearCloak","TheCursedMod:SmokeScreen"],"picked":"TheCursedMod:CursedMace","floor":1},{"not_picked":["TheCursedMod:SmokeScreen","TheCursedMod:CircleOfFlame"],"picked":"TheCursedMod:CircleOfAmplification","floor":3},{"not_picked":["TheCursedMod:SpitefulStrike","TheCursedMod:CursedAmulet"],"picked":"TheCursedMod:LuckyCharm","floor":4},{"not_picked":["TheCursedMod:Mangle","TheCursedMod:Stretching"],"picked":"TheCursedMod:Grudge","floor":7},{"not_picked":["TheCursedMod:WearCloak","TheCursedMod:SurpriseAttack"],"picked":"TheCursedMod:ForbiddenAlchemy","floor":11},{"not_picked":["TheCursedMod:CircleOfFlame","TheCursedMod:Torture"],"picked":"TheCursedMod:SpitefulStrike","floor":12},{"not_picked":["TheCursedMod:RapidMovement","TheCursedMod:CircleOfWindfury"],"picked":"TheCursedMod:CursedShiv","floor":13},{"not_picked":["TheCursedMod:Evocation","TheCursedMod:SurpriseAttack"],"picked":"TheCursedMod:CursedBlade","floor":14},{"not_picked":["TheCursedMod:ShockAndAwe","TheCursedMod:NeowsMight"],"picked":"TheCursedMod:ManaCirculation","floor":16},{"not_picked":["TheCursedMod:RapidMovement","TheCursedMod:CursedAmulet"],"picked":"TheCursedMod:CursedShiv","floor":18},{"not_picked":["TheCursedMod:Torture","TheCursedMod:CursedShiv","TheCursedMod:CircleOfFlame+1"],"picked":"SKIP","floor":22},{"not_picked":["TheCursedMod:FuryStrike+1","TheCursedMod:DoubleShield"],"picked":"TheCursedMod:BlessingInDisguise","floor":24},{"not_picked":["TheCursedMod:Stretching","TheCursedMod:RavingStaff","TheCursedMod:Torture"],"picked":"SKIP","floor":30},{"not_picked":["TheCursedMod:Stigma","TheCursedMod:CursedBlade","TheCursedMod:CircleOfAmplification+1"],"picked":"SKIP","floor":31},{"not_picked":["TheCursedMod:ForbiddenAlchemy","TheCursedMod:AntiAging"],"picked":"TheCursedMod:DarkBarrier","floor":33}],"player_experience":177195,"relics_obtained":[{"floor":7,"key":"Dream Catcher"},{"floor":9,"key":"Replay:Ringing Soul"},{"floor":10,"key":"Regal Pillow"},{"floor":26,"key":"Replay:PocketPolymizer"}],"event_choices":[{"damage_healed":0,"gold_gain":75,"player_choice":"Gather Gold","damage_taken":11,"max_hp_gain":0,"max_hp_loss":0,"event_name":"World of Goop","floor":5,"gold_loss":0},{"damage_healed":0,"gold_gain":0,"player_choice":"Upgraded","damage_taken":0,"max_hp_gain":0,"max_hp_loss":0,"event_name":"Upgrade Shrine","floor":20,"gold_loss":0,"cards_upgraded":["TheCursedMod:ManaCirculation"]},{"cards_removed":["TheCursedMod:ForbiddenAlchemy"],"damage_healed":8,"gold_gain":0,"player_choice":"Offered Rare","damage_taken":0,"max_hp_gain":10,"max_hp_loss":0,"event_name":"Bonfire Elementals","floor":21,"gold_loss":0},{"damage_healed":0,"gold_gain":75,"player_choice":"Touch","damage_taken":11,"max_hp_gain":0,"max_hp_loss":0,"event_name":"FaceTrader","floor":27,"gold_loss":0}],"is_beta":false,"boss_relics":[{"not_picked":["Replay:Bronze Core","ChewingGum"],"picked":"Cursed Key"},{"not_picked":["ReplayTheSpireMod:DimensionalGlitch","SlaversCollar"],"picked":"Snecko Eye"}],"items_purged_floors":[2,19,28],"is_endless":false,"potions_floor_spawned":[4,7,16,22,31],"killed_by":"Orb Walker","ascension_level":0}}