{"host":"3y2rtlgteqp2nuo3","time":1610250237,"event":{"mods":["2.2 Compatiblity","AchievementEnabler","BaseMod","Colored Map","DeckTracker","Highlight Path","Keyboard Shortcuts","Minty Spire (QoL Compilation)","Permanent Neow","Quick Restart","StSLib","SuperFastMode","everything is the same but u backflip on backflip"],"gold_per_floor":[114,128,142,158,158,188,188,221,233,245,182,82,100,118,118,214,214,234,246,246,246,266,266,281,281,334,359,284,284,300,300,300,404,404,418,438,56,56,19,19,48,48,48,83,83,99,99,99,99,99],"floor_reached":51,"playtime":1080,"items_purged":["Strike_G","Strike_G","Defend_G+1"],"score":1003,"play_id":"a8ce5591-f4a5-4bbe-abae-ee532fa8d685","local_time":"20210110124357","is_ascension_mode":true,"campfire_choices":[{"floor":7.0,"key":"REST"},{"data":"Deadly Poison","floor":10.0,"key":"SMITH"},{"data":"Poisoned Stab","floor":15.0,"key":"SMITH"},{"data":"Catalyst","floor":23.0,"key":"SMITH"},{"floor":25.0,"key":"REST"},{"floor":32.0,"key":"REST"},{"floor":40.0,"key":"REST"},{"data":"Catalyst","floor":45.0,"key":"SMITH"},{"floor":47.0,"key":"REST"},{"data":"Sadistic Nature","floor":49.0,"key":"SMITH"}],"circlet_count":0,"master_deck":["Defend_G+1","Defend_G+1","Defend_G+1","Survivor","Neutralize","Corpse Explosion","Poisoned Stab+1","Backflip","PiercingWail","Deadly Poison+1","Noxious Fumes","Catalyst+1","Deadly Poison+1","Leg Sweep+1","PiercingWail+1","Leg Sweep","Bullet Time","After Image","Prepared+1","Master of Strategy","Noxious Fumes","Sadistic Nature+1","Catalyst+1"],"relics":["Ring of the Snake","Strawberry","MawBank","Anchor","WristBlade","Happy Flower","Pantograph","Ginger","Empty Cage","Girya","InkBottle","Darkstone Periapt"],"acts_visited":["Exordium","TheCity","TheBeyond"],"potions_floor_usage":[],"damage_taken":[{"damage":1.0,"enemies":"Jaw Worm","floor":1.0,"turns":6.0},{"damage":0.0,"enemies":"Cultist","floor":2.0,"turns":3.0},{"damage":0.0,"enemies":"2 Louse","floor":3.0,"turns":2.0},{"damage":22.0,"enemies":"Exordium Wildlife","floor":4.0,"turns":4.0},{"damage":26.0,"enemies":"Lagavulin","floor":6.0,"turns":6.0},{"damage":16.0,"enemies":"3 Sentries","floor":8.0,"turns":4.0},{"damage":0.0,"enemies":"2 Fungi Beasts","floor":13.0,"turns":3.0},{"damage":0.0,"enemies":"Looter","floor":14.0,"turns":2.0},{"damage":6.0,"enemies":"Hexaghost","floor":16.0,"turns":7.0},{"damage":23.0,"enemies":"Spheric Guardian","floor":18.0,"turns":5.0},{"damage":16.0,"enemies":"Shell Parasite","floor":19.0,"turns":5.0},{"damage":20.0,"enemies":"Cultist and Chosen","floor":22.0,"turns":5.0},{"damage":0.0,"enemies":"Snecko","floor":24.0,"turns":3.0},{"damage":15.0,"enemies":"Slavers","floor":27.0,"turns":2.0},{"damage":18.0,"enemies":"Snake Plant","floor":30.0,"turns":3.0},{"damage":10.0,"enemies":"Champ","floor":33.0,"turns":10.0},{"damage":9.0,"enemies":"3 Darklings","floor":35.0,"turns":4.0},{"damage":15.0,"enemies":"Orb Walker","floor":36.0,"turns":4.0},{"damage":0.0,"enemies":"Nemesis","floor":41.0,"turns":5.0},{"damage":12.0,"enemies":"Reptomancer","floor":44.0,"turns":5.0},{"damage":12.0,"enemies":"Maw","floor":46.0,"turns":6.0},{"damage":51,"enemies":"Donu and Deca","floor":50,"turns":7}],"seed_played":"-1536247556914699629","potions_obtained":[{"floor":1.0,"key":"ColorlessPotion"},{"floor":2.0,"key":"CunningPotion"},{"floor":16.0,"key":"Ancient Potion"},{"floor":19.0,"key":"SkillPotion"},{"floor":24.0,"key":"AttackPotion"},{"floor":30.0,"key":"Explosive Potion"},{"floor":41.0,"key":"SpeedPotion"}],"is_trial":false,"path_per_floor":["M","M","M","M","?","E","R","E","T","R","$","$","M","M","R","B",null,"M","M","?","?","M","R","M","R","T","E","?","T","M","?","R","B",null,"M","M","$","?","$","R","E","?","T","E","R","M","R","$","R","B",null],"character_chosen":"THE_SILENT","items_purchased":["Master of Strategy","Noxious Fumes","Catalyst"],"campfire_rested":5,"item_purchase_floors":[37,37,39],"current_hp_per_floor":[62,62,62,40,40,21,42,26,26,26,26,26,26,26,26,20,58,35,19,19,42,22,22,22,43,43,28,28,28,10,10,31,46,64,55,40,40,40,40,61,61,61,61,49,49,37,58,58,58,19],"gold":99,"neow_bonus":"THREE_RARE_CARDS","is_daily":false,"chose_seed":false,"campfire_upgraded":5,"win_rate":0.0,"timestamp":1610250237,"path_taken":["M","M","M","M","?","E","R","E","T","R","?","$","M","M","R","BOSS","M","M","?","?","M","R","M","R","T","E","?","?","M","?","R","BOSS","M","M","$","?","$","R","E","?","T","E","R","M","R","?","R","BOSS"],"items_purchased_type":["Card","Card","Card"],"build_version":"2020-12-22","purchased_purges":3,"victory":true,"max_hp_per_floor":[63,63,63,63,63,70,70,70,70,70,70,70,70,70,70,70,70,70,70,70,70,70,70,70,70,70,70,70,70,70,70,70,70,70,70,70,70,70,70,70,70,70,70,70,70,70,70,70,70,70],"card_choices":[{"not_picked":["After Image","Phantasmal Killer"],"picked":"Corpse Explosion","floor":0.0},{"not_picked":["Expertise","PiercingWail"],"picked":"Poisoned Stab","floor":1.0},{"not_picked":["PiercingWail","Slice"],"picked":"Backflip","floor":2.0},{"not_picked":["Blade Dance","Expertise"],"picked":"PiercingWail","floor":3.0},{"not_picked":["Footwork","Dagger Throw"],"picked":"Deadly Poison","floor":4.0},{"not_picked":["Deadly Poison","Cloak And Dagger"],"picked":"Catalyst","floor":6.0},{"not_picked":["Phantasmal Killer","Quick Slash"],"picked":"Bane","floor":8.0},{"not_picked":["All Out Attack","Deadly Poison","Infinite Blades"],"picked":"SKIP","floor":13.0},{"not_picked":["Eviscerate","Poisoned Stab","Prepared"],"picked":"SKIP","floor":14.0},{"not_picked":["Sucker Punch+1","Outmaneuver"],"picked":"Deadly Poison+1","floor":18.0},{"not_picked":["Setup","Backflip"],"picked":"Prepared","floor":19.0},{"not_picked":["Leg Sweep","Deflect","Poisoned Stab"],"picked":"SKIP","floor":22.0},{"not_picked":["Dagger Throw+1","Underhanded Strike"],"picked":"Leg Sweep+1","floor":24.0},{"not_picked":["Dagger Throw","Deflect","Underhanded Strike"],"picked":"SKIP","floor":27.0},{"not_picked":["Blur","Quick Slash"],"picked":"PiercingWail+1","floor":30.0},{"not_picked":["Phantasmal Killer","Unload"],"picked":"After Image","floor":33.0},{"not_picked":["Masterful Stab","Quick Slash+1"],"picked":"Prepared+1","floor":35.0},{"not_picked":["Flechettes","Prepared","Cloak And Dagger"],"picked":"SKIP","floor":36.0},{"not_picked":["Discovery","Blind"],"picked":"Sadistic Nature","floor":38.0},{"not_picked":["Backstab","Cloak And Dagger+1","Prepared+1"],"picked":"SKIP","floor":41.0},{"not_picked":["Terror+1","Deadly Poison+1","Acrobatics+1"],"picked":"SKIP","floor":44.0},{"not_picked":["Dagger Spray+1","Dagger Throw+1","Bane+1"],"picked":"SKIP","floor":46.0}],"player_experience":667921,"relics_obtained":[{"floor":6.0,"key":"Strawberry"},{"floor":8.0,"key":"MawBank"},{"floor":9.0,"key":"Anchor"},{"floor":26.0,"key":"Happy Flower"},{"floor":27.0,"key":"Pantograph"},{"floor":29.0,"key":"Ginger"},{"floor":41.0,"key":"Girya"},{"floor":43.0,"key":"InkBottle"},{"floor":44.0,"key":"Darkstone Periapt"}],"event_choices":[{"damage_healed":0.0,"max_hp_gain":0.0,"max_hp_loss":0.0,"gold_gain":0.0,"event_name":"Match and Keep!","player_choice":"1 cards matched","floor":5.0,"gold_loss":0.0,"damage_taken":0.0,"cards_obtained":["Noxious Fumes"]},{"damage_healed":0.0,"max_hp_gain":0.0,"max_hp_loss":0.0,"gold_gain":0.0,"event_name":"Back to Basics","player_choice":"Simplicity","floor":20.0,"gold_loss":0.0,"damage_taken":0.0,"cards_upgraded":["Strike_G","Strike_G","Strike_G","Defend_G","Defend_G","Defend_G","Defend_G","Defend_G"]},{"damage_healed":23.0,"max_hp_gain":0.0,"max_hp_loss":0.0,"gold_gain":0.0,"event_name":"The Library","player_choice":"Heal","floor":21.0,"gold_loss":0.0,"damage_taken":0.0},{"cards_removed":["Strike_G"],"damage_healed":0.0,"max_hp_gain":0.0,"max_hp_loss":0.0,"gold_gain":0.0,"event_name":"Beggar","player_choice":"Gave Gold","floor":28.0,"gold_loss":75.0,"damage_taken":0.0},{"damage_healed":0.0,"max_hp_gain":0.0,"max_hp_loss":0.0,"gold_gain":0.0,"cards_transformed":["Strike_G","Strike_G"],"event_name":"Drug Dealer","player_choice":"Became Test Subject","floor":31.0,"gold_loss":0.0,"damage_taken":0.0,"cards_obtained":["Leg Sweep","Bullet Time"]},{"damage_healed":0.0,"max_hp_gain":0.0,"max_hp_loss":0.0,"gold_gain":0.0,"event_name":"SensoryStone","player_choice":"Memory 1","floor":38.0,"gold_loss":0.0,"damage_taken":0.0},{"cards_removed":["Bane"],"damage_healed":0.0,"max_hp_gain":0.0,"max_hp_loss":0.0,"gold_gain":0.0,"event_name":"Falling","player_choice":"Removed Attack","floor":42.0,"gold_loss":0.0,"damage_taken":0.0}],"is_beta":false,"boss_relics":[{"not_picked":["Black Star","Busted Crown"],"picked":"WristBlade"},{"not_picked":["Runic Dome","Calling Bell"],"picked":"Empty Cage"}],"items_purged_floors":[11,12,37],"is_endless":false,"potions_floor_spawned":[1,2,16,19,24,30,41],"ascension_level":6}}