{"host":"ig7tc0uedzltt2sr","time":1610261113,"event":{"mods":["BaseMod","Better Twitch Integration","Block Reminder","Colored Map","Colored Powertips","Communication Mod","Current Relic Mod","GifTheSpireLib","HexUI Lib","Minty Spire (QoL Compilation)","Quick Restart","Random Character Button","Rare Cards Sparkle","Relic Sorter","Relic Stats","Slay the Relics Exporter","StSLib","SuperFastMode","Synergy Search","Twitch Decklist","Twitch Utils","everything is the same but u backflip on backflip","slay the spire mod where everything is the same but ironclad has a cowboy hat"],"gold_per_floor":[115,133,133,133,149,149,149],"floor_reached":6,"playtime":35,"items_purged":[],"score":36,"play_id":"e9e1055f-8f2e-4540-b6f4-d6db02975e9a","local_time":"20210109224513","is_ascension_mode":false,"campfire_choices":[],"circlet_count":0,"master_deck":["Strike_R","Strike_R","Strike_R","Strike_R","Strike_R","Defend_R","Defend_R","Defend_R","Defend_R","Bash"],"relics":["Burning Blood","Golden Idol","MealTicket"],"acts_visited":["Exordium"],"potions_floor_usage":[],"damage_taken":[{"damage":18,"enemies":"Jaw Worm","floor":1,"turns":4},{"damage":0,"enemies":"Small Slimes","floor":2,"turns":3},{"damage":15,"enemies":"Cultist","floor":5,"turns":4},{"damage":76,"enemies":"Gremlin Nob","floor":6,"turns":6}],"seed_played":"4972135351556160484","potions_obtained":[{"floor":1,"key":"Ancient Potion"},{"floor":2,"key":"LiquidBronze"}],"is_trial":false,"path_per_floor":["M","M","?","?","M","E"],"character_chosen":"IRONCLAD","items_purchased":[],"campfire_rested":0,"item_purchase_floors":[],"current_hp_per_floor":[76,82,81,81,72,0,0],"gold":149,"neow_bonus":"TEN_PERCENT_HP_BONUS","is_daily":false,"chose_seed":false,"campfire_upgraded":0,"win_rate":0.0,"timestamp":1610261113,"path_taken":["M","M","?","?","M","E"],"items_purchased_type":[],"build_version":"2020-12-22","purchased_purges":0,"victory":false,"max_hp_per_floor":[88,88,81,81,81,81,81],"relic_stats":{"counters":[4,17],"Golden Idol":3,"MealTicket":0,"obtain_stats":[{"Golden Idol":3,"MealTicket":4,"Burning Blood":0},{"Golden Idol":2,"MealTicket":2,"Burning Blood":0},{"Golden Idol":7,"MealTicket":7,"Burning Blood":0}],"Burning Blood":18},"card_choices":[{"not_picked":["Battle Trance","Flex","Searing Blow"],"picked":"SKIP","floor":1},{"not_picked":["Ghostly Armor","Clothesline","Pommel Strike"],"picked":"SKIP","floor":2},{"not_picked":["Pommel Strike","Shockwave","Rupture"],"picked":"SKIP","floor":5}],"player_experience":1497231,"relics_obtained":[{"floor":4,"key":"MealTicket"}],"event_choices":[{"damage_healed":0,"gold_gain":0,"player_choice":"Lose Max HP","damage_taken":0,"relics_obtained":["Golden Idol"],"max_hp_gain":0,"max_hp_loss":7,"event_name":"Golden Idol","floor":3,"gold_loss":0},{"damage_healed":0,"gold_gain":0,"player_choice":"Relic","damage_taken":0,"max_hp_gain":0,"max_hp_loss":0,"event_name":"Wheel of Change","floor":4,"gold_loss":0}],"is_beta":false,"boss_relics":[],"items_purged_floors":[],"is_endless":false,"potions_floor_spawned":[1,2],"killed_by":"Gremlin Nob","ascension_level":0}}