{"host":"gzk4gkgy3zij1c51","time":1610262930,"event":{"mods":["BaseMod","Colored Map","Highlight Path","Marked Mod","Minty Spire (QoL Compilation)","Relic Stats","StSLib","everything is the same but u backflip on backflip"],"gold_per_floor":[114,114,133,133,103,103,132,132,159,190,209,209,209,18,18,123,123,143,95,112,127,146,146,146,146],"floor_reached":24,"playtime":1056,"items_purged":[],"score":245,"play_id":"af5b6ecf-6863-415a-bda7-dc3b8ebc2a13","local_time":"20210110071530","is_ascension_mode":true,"campfire_choices":[{"data":"Vigilance","floor":6,"key":"SMITH"},{"data":"Consecrate","floor":8,"key":"SMITH"},{"data":"Prostrate","floor":12,"key":"SMITH"},{"data":"MarkedMod:OneThousandNeedles","floor":15,"key":"SMITH"},{"data":"TalkToTheHand","floor":23,"key":"SMITH"}],"circlet_count":0,"master_deck":["Strike_P+1","Strike_P","Strike_P","Strike_P","Defend_P","Defend_P","Defend_P","Defend_P","Eruption","Vigilance+1","ForeignInfluence+1","Consecrate+1","Prostrate+1","Evaluate","FlyingSleeves","MarkedMod:OneThousandNeedles+1","Alpha","Wireheading","MarkedMod:FirstStrike","TalkToTheHand+1","DeusExMachina","CutThroughFate","CutThroughFate","Sanctity+1"],"relics":["PureWater","Sundial","Shuriken","Juzu Bracelet","Bronze Scales","Busted Crown"],"acts_visited":["Exordium","TheCity"],"potions_floor_usage":[7,7,10,16,22],"damage_taken":[{"damage":0,"enemies":"2 Louse","floor":1,"turns":4},{"damage":1,"enemies":"Small Slimes","floor":3,"turns":4},{"damage":3,"enemies":"Lagavulin","floor":7,"turns":5},{"damage":12,"enemies":"3 Sentries","floor":10,"turns":5},{"damage":0,"enemies":"Cultist","floor":11,"turns":3},{"damage":29,"enemies":"Slime Boss","floor":16,"turns":5},{"damage":16,"enemies":"Chosen","floor":18,"turns":5},{"damage":24,"enemies":"Spheric Guardian","floor":20,"turns":4},{"damage":24,"enemies":"Shelled Parasite and Fungi","floor":21,"turns":4},{"damage":3,"enemies":"Snecko","floor":22,"turns":4},{"damage":16,"enemies":"Snake Plant","floor":24,"turns":2}],"seed_played":"5473141171565255899","potions_obtained":[{"floor":1,"key":"Block Potion"},{"floor":3,"key":"FearPotion"},{"floor":5,"key":"Strength Potion"},{"floor":5,"key":"LiquidMemories"},{"floor":10,"key":"Swift Potion"},{"floor":21,"key":"Dexterity Potion"}],"is_trial":false,"path_per_floor":["M","?","M","?","?","R","E","R","T","E","M","R","?","$","R","B",null,"M","$","M","M","M","R","M"],"character_chosen":"WATCHER","items_purchased":["Wireheading","MarkedMod:FirstStrike","TalkToTheHand","CutThroughFate"],"campfire_rested":0,"item_purchase_floors":[14,14,14,19],"current_hp_per_floor":[79,63,62,59,59,59,56,56,56,44,44,44,44,44,44,15,79,63,63,39,15,12,12,0,0],"gold":146,"neow_bonus":"TEN_PERCENT_HP_BONUS","is_daily":false,"chose_seed":false,"campfire_upgraded":5,"win_rate":0.0,"timestamp":1610262930,"path_taken":["M","?","M","?","?","R","E","R","T","E","M","R","?","?","R","BOSS","M","$","M","M","M","R","M"],"items_purchased_type":["Card","Card","Card","Card"],"build_version":"2020-12-22","purchased_purges":0,"victory":false,"max_hp_per_floor":[79,79,79,79,79,79,79,79,79,79,79,79,79,79,79,79,79,79,79,79,79,79,79,79,79],"relic_stats":{"Busted Crown":8,"counters":[11,45],"Sundial":[4],"Shuriken":[11],"Bronze Scales":[57],"Juzu Bracelet":1,"obtain_stats":[{"Busted Crown":17,"Sundial":4,"Shuriken":7,"Bronze Scales":10,"Juzu Bracelet":9,"PureWater":0},{"Busted Crown":6,"Sundial":2,"Shuriken":3,"Bronze Scales":4,"Juzu Bracelet":3,"PureWater":0},{"Busted Crown":26,"Sundial":8,"Shuriken":13,"Bronze Scales":18,"Juzu Bracelet":13,"PureWater":0}]},"card_choices":[{"not_picked":["Weave","Consecrate"],"picked":"ForeignInfluence","floor":1},{"not_picked":["Meditate","FollowUp"],"picked":"Consecrate","floor":3},{"not_picked":["Conclude","EmptyMind"],"picked":"Prostrate","floor":7},{"not_picked":["WindmillStrike","Study"],"picked":"Evaluate","floor":10},{"not_picked":["FlurryOfBlows","SashWhip"],"picked":"FlyingSleeves","floor":11},{"not_picked":["Establishment","Ragnarok"],"picked":"DeusExMachina","floor":16},{"not_picked":["MarkedMod:FirstStrike"],"picked":"SKIP","floor":18},{"not_picked":[],"picked":"CutThroughFate","floor":20},{"not_picked":["Evaluate"],"picked":"SKIP","floor":21},{"not_picked":[],"picked":"Sanctity+1","floor":22}],"player_experience":570415,"relics_obtained":[{"floor":7,"key":"Shuriken"},{"floor":9,"key":"Juzu Bracelet"},{"floor":10,"key":"Bronze Scales"}],"event_choices":[{"damage_healed":0,"gold_gain":0,"player_choice":"Entered Light","damage_taken":16,"max_hp_gain":0,"max_hp_loss":0,"event_name":"Shining Light","floor":2,"gold_loss":0,"cards_upgraded":["Strike_P","ForeignInfluence"]},{"damage_healed":0,"gold_gain":0,"player_choice":"Success","damage_taken":3,"relics_obtained":["Sundial"],"max_hp_gain":0,"max_hp_loss":0,"event_name":"Scrap Ooze","floor":4,"gold_loss":0},{"damage_healed":0,"gold_gain":0,"player_choice":"Bought 2 Potions","damage_taken":0,"max_hp_gain":0,"max_hp_loss":0,"event_name":"The Woman in Blue","floor":5,"gold_loss":0},{"damage_healed":0,"gold_gain":0,"player_choice":"2 cards matched","damage_taken":0,"max_hp_gain":0,"max_hp_loss":0,"event_name":"Match and Keep!","floor":13,"gold_loss":0,"cards_obtained":["MarkedMod:OneThousandNeedles","Alpha"]}],"is_beta":false,"boss_relics":[{"not_picked":["Runic Dome","Astrolabe"],"picked":"Busted Crown"}],"items_purged_floors":[],"is_endless":false,"potions_floor_spawned":[1,3,10,21],"killed_by":"Snake Plant","ascension_level":4}}