{"host":"zjc1tzo4ovig5lll","time":1610273636,"event":{"mods":["AchievementEnabler","Aspiration","BaseMod","Beaked The Cultist","Better Altar","Better Match","Better Note","Better Sensory Stone","Colored Map","Colored Powertips","Conspire","Energized Spire","Friendly Minions","GifTheSpireLib","Halation","Hermit","Hubris","Minty Spire (QoL Compilation)","Rare Cards Sparkle","Replay The Spire","StSLib","The Blue Laboratory","The Bug Knight","The Construct","The Jungle","everything is the same but u backflip on backflip","vexMod"],"gold_per_floor":[111,121,121,41,60,60,60,92,92,16,27,40,40,40,40],"floor_reached":14,"playtime":544,"items_purged":[],"score":104,"play_id":"e7030647-8329-4b96-a1d1-e58524ff7715","local_time":"20210110121356","is_ascension_mode":true,"campfire_choices":[{"floor":6,"key":"RECALL"}],"circlet_count":0,"master_deck":["Strike_G","Strike_G","Strike_G","Strike_G","Strike_G","Defend_G","Defend_G","Defend_G","Defend_G","Defend_G","Survivor","Neutralize+1","Acrobatics","Infinite Blades","Caltrops","Hidden Blade","ReplayTheSpireMod:Speed Training","Dodge and Roll","Infinite Blades","conspire:DoublingDagger"],"relics":["Ring of the Snake","Bottled Lightning","hubris:Icosahedron"],"acts_visited":["Exordium"],"potions_floor_usage":[],"damage_taken":[{"damage":3,"enemies":"Small Slimes","floor":1,"turns":4},{"damage":0,"enemies":"Cultist","floor":2,"turns":4},{"damage":2,"enemies":"2 Louse","floor":5,"turns":4},{"damage":10,"enemies":"Lagavulin","floor":8,"turns":10},{"damage":25,"enemies":"Lots of Slimes","floor":11,"turns":6},{"damage":23,"enemies":"Exordium Wildlife","floor":12,"turns":8},{"damage":0,"enemies":"3 Sentries","floor":14,"turns":2}],"seed_played":"2249432782234612367","potions_obtained":[],"is_trial":false,"path_per_floor":["M","M","?","$","M","R","$","E","T","$","M","M","?","E"],"character_chosen":"THE_SILENT","items_purchased":["Caltrops","Hidden Blade","Infinite Blades"],"campfire_rested":0,"item_purchase_floors":[4,4,10],"current_hp_per_floor":[74,74,74,74,72,72,72,62,62,62,37,14,14,14,14],"gold":40,"neow_bonus":"TEN_PERCENT_HP_BONUS","is_daily":false,"chose_seed":false,"campfire_upgraded":0,"win_rate":0.0,"timestamp":1610273636,"path_taken":["M","M","?","$","M","R","$","E","T","$","M","M","?","E"],"items_purchased_type":["Card","Card","Card"],"build_version":"2020-12-22","purchased_purges":0,"victory":false,"max_hp_per_floor":[77,77,77,77,77,77,77,77,77,77,77,77,77,77,77],"card_choices":[{"not_picked":["hubris:SlightOfHand","Underhanded Strike"],"picked":"Acrobatics","floor":1},{"not_picked":["Flying Knee","Bane"],"picked":"Infinite Blades","floor":2},{"not_picked":["Crippling Poison","Dagger Throw"],"picked":"ReplayTheSpireMod:Speed Training","floor":5},{"not_picked":["Concentrate","Dash"],"picked":"Dodge and Roll","floor":8},{"not_picked":["Slice","Endless Agony"],"picked":"conspire:DoublingDagger","floor":11},{"not_picked":["Concentrate","Calculated Gamble","Flying Knee"],"picked":"SKIP","floor":12}],"player_experience":643018,"relics_obtained":[{"floor":8,"key":"Bottled Lightning"}],"event_choices":[{"damage_healed":0,"gold_gain":0,"player_choice":"Grow","damage_taken":0,"max_hp_gain":0,"max_hp_loss":0,"event_name":"Living Wall","floor":3,"gold_loss":0,"cards_upgraded":["Neutralize"]}],"is_beta":false,"boss_relics":[],"items_purged_floors":[],"is_endless":false,"potions_floor_spawned":[5,8],"killed_by":"3 Sentries","ascension_level":3}}