{"host":"9tzam4717zt8ei1o","time":1610280190,"event":{"mods":["BaseMod","Colored Map","Keyboard Shortcuts","Minty Spire (QoL Compilation)","Quick Restart","StSLib","SuperFastMode"],"gold_per_floor":[113,263,19,19,38,38,70,70,70,85,85,104,123,133,133,133,133],"floor_reached":16,"playtime":273,"items_purged":["Doubt"],"score":204,"play_id":"897ddc72-818a-49dc-ace2-b75022093909","local_time":"20210110210310","is_ascension_mode":true,"campfire_choices":[{"data":"Flying Knee","floor":6,"key":"SMITH"},{"data":"Cloak And Dagger","floor":8,"key":"SMITH"},{"data":"Acrobatics","floor":11,"key":"SMITH"},{"data":"Calculated Gamble","floor":15,"key":"SMITH"}],"circlet_count":0,"master_deck":["AscendersBane","Strike_G","Strike_G","Strike_G","Strike_G","Strike_G","Defend_G","Defend_G","Defend_G","Defend_G","Defend_G","Survivor","Neutralize","Flying Knee+1","Backflip","Cloak And Dagger+1","Acrobatics+1","Terror","Calculated Gamble+1","Backstab"],"relics":["Ring of the Snake","Calipers","TheAbacus","Ancient Tea Set"],"acts_visited":[],"potions_floor_usage":[7,7,7,14,16],"damage_taken":[{"damage":1,"enemies":"Small Slimes","floor":1,"turns":6},{"damage":10,"enemies":"2 Louse","floor":5,"turns":4},{"damage":25,"enemies":"Gremlin Nob","floor":7,"turns":4},{"damage":0,"enemies":"Cultist","floor":10,"turns":4},{"damage":1,"enemies":"3 Louse","floor":12,"turns":3},{"damage":15,"enemies":"Exordium Wildlife","floor":13,"turns":5},{"damage":4,"enemies":"Exordium Thugs","floor":14,"turns":3},{"damage":4,"enemies":"The Guardian","floor":16,"turns":3}],"seed_played":"2491619611295040742","potions_obtained":[{"floor":1,"key":"Ancient Potion"},{"floor":4,"key":"Fire Potion"},{"floor":4,"key":"LiquidMemories"},{"floor":5,"key":"EntropicBrew"},{"floor":10,"key":"DistilledChaos"}],"is_trial":false,"path_per_floor":["M","?","$","?","M","R","E","R","T","M","R","M","M","M","R","B"],"character_chosen":"THE_SILENT","items_purchased":["TheAbacus"],"campfire_rested":0,"item_purchase_floors":[3],"current_hp_per_floor":[58,58,58,58,48,48,23,23,23,23,23,22,7,3,3,0,0],"gold":133,"neow_bonus":"ONE_RARE_RELIC","is_daily":false,"chose_seed":false,"campfire_upgraded":4,"win_rate":0.0,"timestamp":1610280190,"path_taken":["M","?","$","?","M","R","E","R","T","M","R","M","?","M","R","BOSS"],"items_purchased_type":["Relic"],"build_version":"2020-12-22","purchased_purges":1,"victory":false,"max_hp_per_floor":[60,60,60,60,60,60,60,60,60,60,60,60,60,60,60,60,60],"card_choices":[{"not_picked":["Endless Agony","Dodge and Roll"],"picked":"Flying Knee","floor":1},{"not_picked":["Concentrate","Escape Plan"],"picked":"Backflip","floor":5},{"not_picked":["Leg Sweep","Concentrate"],"picked":"Cloak And Dagger","floor":7},{"not_picked":["All Out Attack","Deflect"],"picked":"Acrobatics","floor":10},{"not_picked":["Expertise","Sucker Punch"],"picked":"Terror","floor":12},{"not_picked":["Underhanded Strike","Flechettes"],"picked":"Calculated Gamble","floor":13},{"not_picked":["Outmaneuver","Die Die Die"],"picked":"Backstab","floor":14}],"player_experience":176919,"relics_obtained":[{"floor":7,"key":"Ancient Tea Set"}],"event_choices":[{"damage_healed":0,"gold_gain":150,"player_choice":"AGREE","damage_taken":0,"max_hp_gain":0,"max_hp_loss":0,"event_name":"Liars Game","floor":2,"gold_loss":0,"cards_obtained":["Doubt"]},{"damage_healed":0,"gold_gain":0,"player_choice":"Got Potions","damage_taken":0,"max_hp_gain":0,"max_hp_loss":0,"event_name":"Lab","floor":4,"gold_loss":0}],"is_beta":false,"boss_relics":[],"items_purged_floors":[3],"is_endless":false,"potions_floor_spawned":[1,5,10,13],"killed_by":"The Guardian","ascension_level":20}}