{"host":"vm3f1ccwgbs4oygt","time":1610274850,"event":{"mods":["BaseMod","BetterRewards","Colored Powertips","Energized Spire","Minty Spire (QoL Compilation)","Permanent Neow","Shop Mod","StSLib"],"gold_per_floor":[110,110,110,120,140,174,174,186,186,7,36,36,48,64,64,164,164,184,200,217,217,217,217,217,217,217,217,217],"floor_reached":27,"playtime":73233,"items_purged":[],"score":225,"play_id":"b8fd6b2d-8ae5-4023-8ca8-d7b3cf4c4eff","local_time":"20210110113410","is_ascension_mode":false,"campfire_choices":[{"data":"Venomology","floor":7,"key":"SMITH"},{"floor":15,"key":"REST"},{"floor":23,"key":"REST"},{"floor":25,"key":"REST"}],"circlet_count":0,"master_deck":["Strike_G","Strike_G","Strike_G","Strike_G","Defend_G","Defend_G","Defend_G","Defend_G","Survivor","Neutralize","Venomology+1","Terror","Deflect","Blur","Bouncing Flask","Enlightenment","Storm of Steel","Finisher","Leg Sweep","Dash","Die Die Die","Clumsy","Noxious Fumes","Underhanded Strike","Footwork","Bouncing Flask","Quick Slash","Night Terror"],"relics":["Ring of the Snake","StoneCalendar","Shuriken","Pantograph","MerchantsRug","Ice Cream","energizedSpire:HighHeels","HornCleat"],"acts_visited":["Exordium","TheCity"],"potions_floor_usage":[6,6,8,13,14,16,16,16,16,19,20,27,27],"damage_taken":[{"damage":1,"enemies":"Cultist","floor":1,"turns":4},{"damage":0,"enemies":"2 Louse","floor":4,"turns":3},{"damage":7,"enemies":"Small Slimes","floor":5,"turns":4},{"damage":19,"enemies":"3 Sentries","floor":6,"turns":7},{"damage":4,"enemies":"2 Fungi Beasts","floor":8,"turns":4},{"damage":41,"enemies":"Gremlin Nob","floor":11,"turns":5},{"damage":9,"enemies":"Exordium Thugs","floor":13,"turns":4},{"damage":7,"enemies":"Looter","floor":14,"turns":3},{"damage":23,"enemies":"Slime Boss","floor":16,"turns":7},{"damage":29,"enemies":"3 Byrds","floor":18,"turns":7},{"damage":8,"enemies":"Shell Parasite","floor":19,"turns":4},{"damage":27,"enemies":"Centurion and Healer","floor":20,"turns":6},{"damage":39,"enemies":"Cultist and Chosen","floor":27,"turns":5},{"damage":0,"enemies":"Cultist and Chosen","floor":27,"turns":1}],"seed_played":"-4035806196311961244","potions_obtained":[{"floor":5,"key":"SteroidPotion"},{"floor":11,"key":"Poison Potion"},{"floor":13,"key":"GhostInAJar"},{"floor":14,"key":"LiquidBronze"}],"is_trial":false,"path_per_floor":["M","?","$","M","M","E","R","M","T","$","E","?","M","M","R","B",null,"M","M","M","?","?","R","?","R","T","M"],"character_chosen":"THE_SILENT","items_purchased":["MerchantsRug","Enlightenment"],"campfire_rested":3,"item_purchase_floors":[10,10],"current_hp_per_floor":[69,69,69,69,62,43,43,39,39,39,21,21,12,5,26,28,70,41,33,6,6,6,27,27,48,48,9,9],"gold":217,"neow_bonus":"ONE_RANDOM_RARE_CARD","is_daily":false,"chose_seed":false,"campfire_upgraded":1,"win_rate":0.0,"timestamp":1610274850,"path_taken":["M","?","?","M","M","E","R","M","T","$","E","?","M","M","R","BOSS","M","M","?","?","?","R","?","R","T","?"],"items_purchased_type":["Relic","Card"],"build_version":"2020-12-22","purchased_purges":0,"victory":false,"max_hp_per_floor":[70,70,70,70,70,70,70,70,70,70,70,70,70,70,70,70,70,70,70,70,70,70,70,70,70,70,70,70],"card_choices":[{"not_picked":["Dagger Spray","Dodge and Roll"],"picked":"Terror","floor":1},{"not_picked":["Dagger Spray","Night Terror"],"picked":"Deflect","floor":4},{"not_picked":["Caltrops","Deflect"],"picked":"Blur","floor":5},{"not_picked":["Terror","Acrobatics"],"picked":"Infinite Blades","floor":6},{"not_picked":["Slice","Choke"],"picked":"Bouncing Flask","floor":8},{"not_picked":["Prepared","Escape Plan"],"picked":"Storm of Steel","floor":11},{"not_picked":["Underhanded Strike","Poisoned Stab"],"picked":"Leg Sweep","floor":13},{"not_picked":["PiercingWail","Dagger Spray"],"picked":"Dash","floor":14},{"not_picked":["Wraith Form v2","Malaise"],"picked":"Die Die Die","floor":16},{"not_picked":["Dagger Spray","Acrobatics+1"],"picked":"Noxious Fumes","floor":18},{"not_picked":["Well Laid Plans","Acrobatics+1"],"picked":"Underhanded Strike","floor":19},{"not_picked":["Blade Dance","Cloak And Dagger"],"picked":"Footwork","floor":20}],"player_experience":141169,"relics_obtained":[{"floor":6,"key":"Shuriken"},{"floor":9,"key":"Pantograph"},{"floor":11,"key":"Ice Cream"},{"floor":26,"key":"HornCleat"}],"event_choices":[{"damage_healed":0,"gold_gain":0,"player_choice":"Gave Potion","damage_taken":0,"relics_obtained":["StoneCalendar"],"max_hp_gain":0,"max_hp_loss":0,"event_name":"WeMeetAgain","floor":2,"gold_loss":0},{"damage_healed":0,"gold_gain":0,"cards_transformed":["Defend_G"],"player_choice":"Transformed","damage_taken":0,"max_hp_gain":0,"max_hp_loss":0,"event_name":"Transmorgrifier","floor":12,"gold_loss":0,"cards_obtained":["Finisher"]},{"damage_healed":0,"gold_gain":0,"player_choice":"Read","damage_taken":0,"max_hp_gain":0,"max_hp_loss":0,"event_name":"The Library","floor":21,"gold_loss":0,"cards_obtained":["Bouncing Flask"]},{"damage_healed":0,"gold_gain":0,"cards_transformed":["Infinite Blades","Strike_G"],"player_choice":"Became Test Subject","damage_taken":0,"max_hp_gain":0,"max_hp_loss":0,"event_name":"Drug Dealer","floor":22,"gold_loss":0,"cards_obtained":["Quick Slash","Night Terror"]},{"damage_healed":0,"gold_gain":0,"player_choice":"Ignored","damage_taken":0,"max_hp_gain":0,"max_hp_loss":0,"event_name":"Ghosts","floor":24,"gold_loss":0}],"is_beta":false,"boss_relics":[{"not_picked":["Empty Cage","Runic Pyramid"],"picked":"energizedSpire:HighHeels"}],"items_purged_floors":[],"is_endless":false,"potions_floor_spawned":[5,11,13,14,27],"killed_by":"Cultist and Chosen","ascension_level":0}}