{"host":"9op7xyky91xc1g6p","time":1610326832,"event":{"mods":["Act Like it!","Astrologer","Bartender","BaseMod","Beaked The Cultist","Better Altar","Better Note","Better Sensory Stone","Better Skull","Better Third Choice","Better Vampires","BshForSts","CapriCore","Energized Spire","Gensokyo","Hallownest","Hermit","Infinite Spire","Koishi","Magitek Elite","Marisa????????","Minty Spire (QoL Compilation)","Random Character Button","Remilia??????","Retaliation","Robot Space Explorer","Shade Mod","SpireExporter+","StSLib","The Animator","The Disciple","The Elementalist","The Hierophant","The Immortal","The Marked","The Mystic","The Poker Player","The Runesmith","The Spell Scribe","TheArtist","TheBandit","Trackpad","Yuyuko","??????REMEMod"],"gold_per_floor":[112,112,151,151,170,222,222,29,29,29,0,41,76,107,119,236,248,275,56,56,85,85,112,142,142,169,169,169,169,189,216,216,363,363,393,393,501,529,567,567,594,608,631,672,690,690,55,55,55,94],"floor_reached":51,"playtime":6270,"items_purged":[],"score":772,"play_id":"bf399cf0-afc3-43a8-b9a4-5ac7ee967403","local_time":"20210110170032","is_ascension_mode":false,"campfire_choices":[{"data":"theScribe:ScriptedStarfall","floor":7,"key":"SMITH"},{"floor":15,"key":"REST"},{"data":"wariomod:SpacialMastery","floor":25,"key":"SMITH"},{"floor":27,"key":"REST"},{"floor":32,"key":"REST"},{"floor":40,"key":"REST"},{"floor":46,"key":"REST"},{"floor":49,"key":"REST"}],"circlet_count":0,"master_deck":["wariomod:Strike","wariomod:Strike","wariomod:Strike","wariomod:Strike","wariomod:Defend","wariomod:Defend","wariomod:Defend","wariomod:Defend","wariomod:Step","wariomod:Leap","theScribe:ScriptedStarfall+1","wariomod:DoubleDip","wariomod:SmackSlam","wariomod:ThatsNotAll","wariomod:BlastDash","wariomod:Bombshield","Envenom","wariomod:DeepDig","wariomod:GreaterGuard","wariomod:DanceDash","wariomod:Enshrine","wariomod:Smackflip","wariomod:BoomBoom","wariomod:DanceDash","infinitespire:NeuralNetwork+1","wariomod:Hopshield","wariomod:SpacialMastery+1","wariomod:Purify","wariomod:Bombtime","wariomod:Goblast+1","wariomod:BoomForm","wariomod:BodyBlock+1","wariomod:RacingSpeed+1","wariomod:EndlessBlast","wariomod:DiceyMove+1","wariomod:BodyBlock+1","wariomod:GreaterGuard+1","wariomod:Leapslam+1","Panache","wariomod:GodlyGift","Burn","Burn"],"relics":["REME_ComplimentaryCards","infinitespire:Cupcake","REME_ArchaeologicalTools","trackpad:ByrdBGone","Art of War","infinitespire:WardingShard","MawBank","energizedSpire:DeadBattery","Strange Spoon","REME_PuzzleBoxRelic","TungstenRod","trackpad:IceCube","Gensokyo:ConquerorOfFear","Bottled Lightning","trackpad:Coffee","Potion Belt","trackpad:PetRock","trackpad:WondrousWand","Lizard Tail"],"acts_visited":["Exordium","Gensokyo:Gensokyoer","Hallownest:KingdomsEdge"],"potions_floor_usage":[10,13,16,44,44,44,50],"damage_taken":[{"damage":0,"enemies":"Cultist","floor":1,"turns":3},{"damage":0,"enemies":"Jaw Worm","floor":3,"turns":2},{"damage":0,"enemies":"Small Slimes","floor":5,"turns":2},{"damage":15,"enemies":"3 Sentries","floor":6,"turns":6},{"damage":5,"enemies":"Exordium Wildlife","floor":12,"turns":3},{"damage":13,"enemies":"Red Slaver","floor":13,"turns":3},{"damage":1,"enemies":"Large Slime","floor":14,"turns":3},{"damage":62,"enemies":"The Guardian","floor":16,"turns":9},{"damage":24,"enemies":"Gensokyo:3_Dogs","floor":18,"turns":4},{"damage":10,"enemies":"Gensokyo:Chomper","floor":21,"turns":4},{"damage":0,"enemies":"Gensokyo:Reisen","floor":24,"turns":2},{"damage":0,"enemies":"Gensokyo:Slime_Group","floor":30,"turns":4},{"damage":13,"enemies":"Gensokyo:Chomper_and_Gloop","floor":31,"turns":5},{"damage":23,"enemies":"Gensokyo:Kaguya","floor":33,"turns":8},{"damage":15,"enemies":"Hallownest:3_Siblings","floor":35,"turns":6},{"damage":5,"enemies":"Hallownest:Shield_Heavy","floor":38,"turns":5},{"damage":0,"enemies":"Hallownest:2_Great","floor":39,"turns":5},{"damage":0,"enemies":"Hallownest:2_Soldiers_and_1_Guardian","floor":41,"turns":5},{"damage":18,"enemies":"Hallownest:monsterPrimalAspid","floor":42,"turns":4},{"damage":41,"enemies":"Hallownest:StalkingDevout","floor":44,"turns":6},{"damage":0,"enemies":"Hallownest:2_Great","floor":45,"turns":4},{"damage":25,"enemies":"Hallownest:Radiance","floor":50,"turns":9}],"seed_played":"4812337352307628292","potions_obtained":[{"floor":3,"key":"PowerPotion"},{"floor":5,"key":"Fruit Juice"},{"floor":14,"key":"Regen Potion"},{"floor":30,"key":"SneckoOil"},{"floor":31,"key":"SmokeBomb"},{"floor":39,"key":"FearPotion"},{"floor":41,"key":"ColorlessPotion"},{"floor":45,"key":"SneckoOil"}],"is_trial":false,"path_per_floor":["M","?","M","?","M","E","R","$","T","?","?","M","M","M","R","B",null,"M","$","?","M","?","T","E","R","T","R","?","T","M","M","R","B",null,"M","?","?","M","M","R","M","M","T","E","M","R","$","?","R","B",null],"character_chosen":"THE_BANDIT","items_purchased":["Art of War","wariomod:Bombshield","Strange Spoon","wariomod:BoomBoom","wariomod:DanceDash","Lizard Tail","Panache","wariomod:GodlyGift"],"campfire_rested":6,"item_purchase_floors":[8,8,19,19,19,47,47,47],"current_hp_per_floor":[80,80,80,85,85,70,70,70,70,63,69,64,51,50,78,31,96,72,72,72,62,62,62,62,62,62,90,90,90,90,77,96,73,96,81,81,57,52,52,80,80,62,62,21,21,49,49,49,77,59],"gold":94,"neow_bonus":"BOSS_RELIC","is_daily":false,"chose_seed":false,"campfire_upgraded":2,"win_rate":0.0,"timestamp":1610326832,"path_taken":["M","?","M","?","M","E","R","?","T","?","?","M","?","M","R","BOSS","M","$","?","M","?","?","E","R","T","R","?","?","?","M","R","BOSS","M","?","?","?","M","R","M","M","T","E","M","R","$","?","R","BOSS"],"items_purchased_type":["Relic","Card","Relic","Card","Card","Relic","Card","Card"],"build_version":"2020-12-22","purchased_purges":0,"victory":true,"max_hp_per_floor":[80,80,80,85,85,85,85,85,85,90,96,96,96,96,96,96,96,96,96,96,96,96,96,96,96,96,96,96,96,96,96,96,96,96,96,96,96,96,96,96,96,96,96,96,96,96,96,96,96,96],"card_choices":[{"not_picked":["wariomod:DisarmingMoves","wariomod:ChargeForth"],"picked":"wariomod:DoubleDip","floor":1},{"not_picked":["wariomod:Smackflip","wariomod:DropBash"],"picked":"wariomod:SmackSlam","floor":3},{"not_picked":["wariomod:Hopshield","wariomod:SmallSprint"],"picked":"wariomod:ThatsNotAll","floor":5},{"not_picked":["wariomod:KeyFinisher","wariomod:AwfulLook"],"picked":"wariomod:BlastDash","floor":6},{"not_picked":["wariomod:SimpleShield","wariomod:SmackSlam"],"picked":"wariomod:DeepDig","floor":12},{"not_picked":["wariomod:AwfulLook","wariomod:BoomBoom"],"picked":"wariomod:GreaterGuard","floor":13},{"not_picked":["wariomod:CursedSpaces","wariomod:Game"],"picked":"wariomod:DanceDash","floor":14},{"not_picked":["wariomod:VeryLongJump","wariomod:AbandonGame"],"picked":"wariomod:Enshrine","floor":16},{"not_picked":["wariomod:GreaterGuard","wariomod:Boomsmack"],"picked":"wariomod:Smackflip","floor":18},{"not_picked":["wariomod:Smackflip","wariomod:SpikeSlash+1"],"picked":"wariomod:Hopshield","floor":21},{"not_picked":["wariomod:Smackflip+1","wariomod:GreaterGuard+1"],"picked":"wariomod:Purify","floor":24},{"not_picked":["wariomod:f+1","wariomod:DanceDash"],"picked":"wariomod:Bombtime","floor":30},{"not_picked":["wariomod:SelfImprison+1","wariomod:ForbiddenMagic"],"picked":"wariomod:Goblast+1","floor":31},{"not_picked":["wariomod:BoomAndDoom","wariomod:AbandonGame"],"picked":"wariomod:BoomForm","floor":33},{"not_picked":["wariomod:ThatsNotAll+1","wariomod:Hopshield+1"],"picked":"wariomod:BodyBlock+1","floor":35},{"not_picked":["wariomod:Bombshield","wariomod:DeadlyDash"],"picked":"wariomod:RacingSpeed+1","floor":38},{"not_picked":["wariomod:Hopshield","wariomod:AwfulLook+1"],"picked":"wariomod:EndlessBlast","floor":39},{"not_picked":["wariomod:AwfulLook","wariomod:Game"],"picked":"wariomod:DiceyMove+1","floor":41},{"not_picked":["wariomod:SpaceSwap","wariomod:ThatsNotAll"],"picked":"wariomod:BodyBlock+1","floor":42},{"not_picked":["wariomod:DoubleDash+1","wariomod:Bombtime"],"picked":"wariomod:GreaterGuard+1","floor":44},{"not_picked":["wariomod:ImFeelingLucky","wariomod:CursedSpaces+1"],"picked":"wariomod:Leapslam+1","floor":45}],"player_experience":375674,"relics_obtained":[{"floor":6,"key":"trackpad:ByrdBGone"},{"floor":9,"key":"infinitespire:WardingShard"},{"floor":23,"key":"REME_PuzzleBoxRelic"},{"floor":24,"key":"TungstenRod"},{"floor":26,"key":"trackpad:IceCube"},{"floor":29,"key":"Bottled Lightning"},{"floor":30,"key":"Gensokyo:ConquerorOfFear"},{"floor":43,"key":"trackpad:PetRock"},{"floor":44,"key":"trackpad:WondrousWand"}],"event_choices":[{"damage_healed":0,"gold_gain":0,"player_choice":"Donut","damage_taken":0,"max_hp_gain":5,"max_hp_loss":0,"event_name":"Big Fish","floor":4,"gold_loss":0},{"damage_healed":0,"gold_gain":0,"player_choice":"RENOUNCE","damage_taken":41,"max_hp_gain":0,"max_hp_loss":0,"event_name":"betterThird:BetterSerpent","floor":11,"gold_loss":41,"cards_obtained":["Enlightenment"]},{"damage_healed":0,"gold_gain":108,"player_choice":"RE GO ","damage_taken":30,"relics_obtained":["Potion Belt"],"max_hp_gain":0,"max_hp_loss":0,"event_name":"betterSkull:BetterSkull","floor":37,"gold_loss":0,"cards_upgraded":[]}],"is_beta":false,"boss_relics":[{"not_picked":["energizedSpire:RedRose","energizedSpire:EnergizedDie"],"picked":"energizedSpire:DeadBattery"},{"not_picked":["Tiny House","energizedSpire:StickyHand"],"picked":"trackpad:Coffee"}],"items_purged_floors":[],"is_endless":false,"potions_floor_spawned":[3,5,14,30,31,39,41,45],"ascension_level":0}}