{"host":"wj90f2q0h2omert0","time":1610300524,"event":{"mods":["BaseMod","Beaked The Cultist","Better Third Choice","ChefMod","Clawfect","Colored Map","DeckTracker","Downfall","Hubris","JesterMod","Minty Spire (QoL Compilation)","Relic Stats","Robot Space Explorer","Shade Mod","StSLib","The Blackbeard","The Caster","The Dragon Tamer","The Druid"],"gold_per_floor":[99,99,113,113,413,444,444,10,10,25,25,52,52,85,95,172,172,172,70,58,158,71,71,97,97,97,97,97,97,116,127,140,140,140],"floor_reached":33,"playtime":1634,"items_purged":["Regret","Slimebound:Icky"],"score":839,"play_id":"509f429f-a90e-4a94-b151-06a5d0fc9784","local_time":"20210110124204","daily_mods":["SealedDeck","Vintage","Heirloom","Time Dilation","Flight","DeadlyEvents","Elite Swarm"],"is_ascension_mode":true,"campfire_choices":[{"data":"theDruid:Resourcefulness","floor":1,"key":"SMITH"},{"data":"theDruid:SurvivalCache","floor":9,"key":"SMITH"},{"data":"theDruid:ForestGuard","floor":11,"key":"SMITH"},{"data":"theDruid:SurvivalCache","floor":13,"key":"SMITH"},{"data":"theDruid:ApexPredator","floor":18,"key":"SMITH"},{"data":"theDruid:Resupply","floor":25,"key":"SMITH"},{"data":"theDruid:ApexPredator","floor":26,"key":"SMITH"},{"data":"theDruid:ForestGuard","floor":27,"key":"SMITH"},{"data":"theDruid:ApexPredator","floor":28,"key":"SMITH"},{"data":"theDruid:ForestGuard","floor":29,"key":"SMITH"}],"circlet_count":0,"master_deck":["AscendersBane","theDruid:Resourcefulness+1","theDruid:Rummage","theDruid:ThickHide+1","theDruid:ThickHide","theDruid:ThickHide+1","theDruid:Resourcefulness+1","theDruid:ForestGuard+1","Slimebound:Icky","Slimebound:Icky","theDruid:SurvivalCache+1","theDruid:FeralPlants","theDruid:SurvivalCache+1","theDruid:WildFrenzy","theDruid:ApexPredator+1","theDruid:Resupply+1","theDruid:Rummage","theDruid:ForestGuard+1","theDruid:ApexPredator+1","theDruid:ApexPredator+1","J.A.X.","theDruid:ForestGuard+1","Ghostly","Ghostly","Ghostly"],"relics":["theDruid:CrownOfTheWilds","champ:DeflectingBracers","Mercury Hourglass","Dream Catcher","PreservedInsect","hubris:GlazedTorus","hubris:MysteriousPyramids","theDruid:ArmillarySphere","Ginger","Meat on the Bone","SlaversCollar","hubris:EmptyBottle","MutagenicStrength","Nunchaku","Orichalcum","MealTicket","hubris:TenFootPole"],"acts_visited":["Exordium","TheCity"],"potions_floor_usage":[6,15,21,21,30,30,32,32],"damage_taken":[{"damage":0,"enemies":"Cultist","floor":3,"turns":3},{"damage":3,"enemies":"3 Sentries","floor":6,"turns":6},{"damage":4,"enemies":"downfall:FleeingMerchant","floor":8,"turns":4},{"damage":12,"enemies":"Small Slimes","floor":10,"turns":3},{"damage":0,"enemies":"Gremlin Nob","floor":12,"turns":2},{"damage":0,"enemies":"3 Sentries","floor":14,"turns":4},{"damage":1,"enemies":"2 Louse","floor":15,"turns":2},{"damage":0,"enemies":"downfall:Watcher","floor":16,"turns":5},{"damage":0,"enemies":"downfall:FleeingMerchant","floor":19,"turns":4},{"damage":13,"enemies":"downfall:FleeingMerchant","floor":20,"turns":3},{"damage":13,"enemies":"downfall:Augmenter","floor":21,"turns":3},{"damage":0,"enemies":"3 Byrds","floor":30,"turns":4},{"damage":3,"enemies":"Snake Plant","floor":31,"turns":5},{"damage":4,"enemies":"Snecko","floor":32,"turns":4},{"damage":27,"enemies":"downfall:Defect","floor":33,"turns":3}],"seed_played":"-5028915836433890592","potions_obtained":[{"floor":3,"key":"LiquidMemories"},{"floor":14,"key":"SkillPotion"},{"floor":16,"key":"Explosive Potion"},{"floor":21,"key":"Energy Potion"},{"floor":30,"key":"AttackPotion"}],"is_trial":true,"path_per_floor":["R","?","M","?","?","E","T","$","R","M","R","E","R","E","M","B",null,"R","$","$","?","$","?","T","R","R","R","R","R","M","M","M","B"],"character_chosen":"DRUID","items_purchased":["hubris:GlazedTorus","theDruid:Rummage","theDruid:ForestGuard","hubris:EmptyBottle","theDruid:ForestGuard"],"campfire_rested":0,"item_purchase_floors":[8,19,20,20,22],"current_hp_per_floor":[61,61,61,61,61,58,58,54,54,42,42,42,42,42,41,41,61,61,61,48,35,35,34,34,34,34,34,34,34,34,31,27,0,0],"gold":140,"neow_bonus":"","is_daily":false,"chose_seed":false,"campfire_upgraded":10,"win_rate":0.0,"timestamp":1610300524,"path_taken":["R","?","?","?","?","?","T","$","R","?","R","?","R","E","M","BOSS","R","$","$","?","$","?","T","R","R","R","R","R","?","?","M","BOSS"],"items_purchased_type":["Relic","Card","Card","Relic","Card"],"build_version":"2020-12-22","purchased_purges":2,"victory":false,"max_hp_per_floor":[68,68,68,68,68,68,68,68,68,68,68,68,68,68,68,68,68,68,68,68,68,68,34,34,34,34,34,34,34,34,34,34,34,34],"relic_stats":{"Dream Catcher":0,"Nunchaku":[0],"counters":[15,55],"MealTicket":0,"PreservedInsect":198,"Ginger":[7],"Orichalcum":[42],"obtain_stats":[{"champ:DeflectingBracers":0,"PreservedInsect":7,"Ginger":14,"hubris:MysteriousPyramids":10,"hubris:EmptyBottle":20,"Orichalcum":30,"theDruid:CrownOfTheWilds":0,"Mercury Hourglass":3,"SlaversCollar":17,"Dream Catcher":6,"Nunchaku":24,"MutagenicStrength":21,"MealTicket":31,"theDruid:ArmillarySphere":12,"hubris:TenFootPole":32,"hubris:GlazedTorus":8,"Meat on the Bone":15},{"champ:DeflectingBracers":0,"PreservedInsect":2,"Ginger":6,"hubris:MysteriousPyramids":4,"hubris:EmptyBottle":10,"Orichalcum":12,"theDruid:CrownOfTheWilds":0,"Mercury Hourglass":1,"SlaversCollar":8,"Dream Catcher":2,"Nunchaku":11,"MutagenicStrength":11,"MealTicket":13,"theDruid:ArmillarySphere":5,"hubris:TenFootPole":14,"hubris:GlazedTorus":3,"Meat on the Bone":7},{"champ:DeflectingBracers":0,"PreservedInsect":9,"Ginger":22,"hubris:MysteriousPyramids":16,"hubris:EmptyBottle":36,"Orichalcum":43,"theDruid:CrownOfTheWilds":0,"Mercury Hourglass":3,"SlaversCollar":29,"Dream Catcher":9,"Nunchaku":39,"MutagenicStrength":39,"MealTicket":48,"theDruid:ArmillarySphere":18,"hubris:TenFootPole":52,"hubris:GlazedTorus":13,"Meat on the Bone":24}],"Mercury Hourglass":[203],"Meat on the Bone":0},"card_choices":[{"not_picked":["theDruid:ApexPredator","theDruid:Mutilate"],"picked":"theDruid:SurvivalCache","floor":6},{"not_picked":["theDruid:InsectSwarm","theDruid:Adaptation"],"picked":"theDruid:FeralPlants","floor":8},{"not_picked":["theDruid:IronbarkArmor","theDruid:ApexPredator"],"picked":"theDruid:SurvivalCache","floor":12},{"not_picked":["theDruid:HailofThorns","theDruid:HerbalismKit"],"picked":"theDruid:WildFrenzy","floor":14},{"not_picked":["theDruid:HailofThorns","theDruid:HerbalismKit"],"picked":"theDruid:ApexPredator","floor":16},{"not_picked":["theDruid:Slingshot","theDruid:Thornburst+1"],"picked":"theDruid:Resupply","floor":19},{"not_picked":["theDruid:Moonbeam","theDruid:ThornStrike","theDruid:IronClaw+1"],"picked":"SKIP","floor":20},{"not_picked":[],"picked":"J.A.X.","floor":21}],"player_experience":727429,"relics_obtained":[{"floor":3,"key":"Mercury Hourglass"},{"floor":6,"key":"Dream Catcher"},{"floor":7,"key":"PreservedInsect"},{"floor":10,"key":"hubris:MysteriousPyramids"},{"floor":12,"key":"theDruid:ArmillarySphere"},{"floor":14,"key":"Ginger"},{"floor":15,"key":"Meat on the Bone"},{"floor":21,"key":"MutagenicStrength"},{"floor":24,"key":"Nunchaku"},{"floor":30,"key":"Orichalcum"},{"floor":31,"key":"MealTicket"},{"floor":32,"key":"hubris:TenFootPole"}],"event_choices":[{"cards_removed":["theDruid:Infestation"],"damage_healed":0,"gold_gain":0,"player_choice":"Purged","damage_taken":0,"max_hp_gain":0,"max_hp_loss":0,"event_name":"Purifier","floor":2,"gold_loss":0},{"damage_healed":0,"gold_gain":0,"player_choice":"Became a Ghost","damage_taken":0,"max_hp_gain":0,"max_hp_loss":34,"event_name":"Ghosts","floor":23,"gold_loss":0,"cards_obtained":["Ghostly","Ghostly","Ghostly"]}],"is_beta":false,"boss_relics":[{"not_picked":["Astrolabe","jesterMod:MachoBrace"],"picked":"SlaversCollar"}],"items_purged_floors":[8,20],"is_endless":true,"potions_floor_spawned":[3,14,16,21,30],"killed_by":"downfall:Defect","ascension_level":20}}