{"host":"9kesdg97wkrx2bva","time":1610267111,"event":{"mods":["AchievementEnabler","BaseMod","Colored Map","Downfall","GifTheSpireLib","Infinite Spire","Minty Spire (QoL Compilation)","Replay The Spire","StSLib"],"gold_per_floor":[113,113,38,38,38,74,24,24,51,16,40,76,94,110,110,208,308,329,329,342,365,365,365],"floor_reached":22,"playtime":548,"items_purged":["Defend_B","Strike_B"],"score":349,"play_id":"0fef638d-938f-4877-8bd5-55a6d0f65971","local_time":"20210110032511","is_ascension_mode":true,"campfire_choices":[{"data":"Zap","floor":8,"key":"SMITH"},{"data":"Chaos","floor":15,"key":"SMITH"}],"circlet_count":0,"master_deck":["AscendersBane","Strike_B","Strike_B","Defend_B","Defend_B","Zap+1","Dualcast","Beam Cell","FTL","Beam Cell","Conserve Battery","Chaos+1","Ball Lightning","Machine Learning","infinitespire:NeuralNetwork"],"relics":["Cracked Core","Golden Idol","Orichalcum","Ancient Tea Set","Divine Protection","Replay:Wanted Poster","Sundial"],"acts_visited":["Exordium","TheCity"],"potions_floor_usage":[12,16,21],"damage_taken":[{"damage":1,"enemies":"Cultist","floor":1,"turns":3},{"damage":25,"enemies":"Lagavulin","floor":6,"turns":6},{"damage":1,"enemies":"2 Louse","floor":11,"turns":2},{"damage":13,"enemies":"Gremlin Nob","floor":12,"turns":3},{"damage":0,"enemies":"Small Slimes","floor":13,"turns":3},{"damage":0,"enemies":"Blue Slaver","floor":14,"turns":3},{"damage":4,"enemies":"The Guardian","floor":16,"turns":7},{"damage":32,"enemies":"2 Thieves","floor":18,"turns":4},{"damage":0,"enemies":"Chosen","floor":20,"turns":4},{"damage":15,"enemies":"3 Cultists","floor":21,"turns":5},{"damage":12,"enemies":"Sentry and Sphere","floor":22,"turns":3}],"seed_played":"5228809569430831444","potions_obtained":[{"floor":1,"key":"Fire Potion"},{"floor":13,"key":"LiquidMemories"},{"floor":18,"key":"Energy Potion"}],"is_trial":false,"path_per_floor":["M","?","$","?","?","E","$","R","T","?","M","E","M","M","R","B",null,"M","AVR","M","M","M"],"character_chosen":"DEFECT","items_purchased":["Beam Cell"],"campfire_rested":0,"item_purchase_floors":[7],"current_hp_per_floor":[63,68,68,63,63,38,38,38,38,53,52,39,39,39,39,35,56,24,24,24,9,0,0],"gold":365,"neow_bonus":"REMOVE_TWO","is_daily":false,"chose_seed":false,"campfire_upgraded":2,"win_rate":0.0,"timestamp":1610267111,"path_taken":["M","?","$","?","?","E","?","R","T","?","M","E","M","M","R","BOSS","M","AVR","M","M","M"],"items_purchased_type":["Card"],"build_version":"2020-12-22","purchased_purges":2,"victory":false,"max_hp_per_floor":[64,69,69,63,63,63,63,63,63,63,63,63,63,63,63,63,63,63,63,63,63,63,63],"card_choices":[{"not_picked":["Chill","Conserve Battery"],"picked":"Beam Cell","floor":1},{"not_picked":["Cold Snap","Hologram"],"picked":"FTL","floor":6},{"not_picked":["Undo","Leap"],"picked":"Conserve Battery","floor":11},{"not_picked":["Stack","Steam Power","Tempest"],"picked":"SKIP","floor":12},{"not_picked":["BasicCrystalCard","Turbo"],"picked":"Chaos","floor":13},{"not_picked":["Reinforced Body","Turbo"],"picked":"Ball Lightning","floor":14},{"not_picked":["Mirror Shield","Reboot"],"picked":"Machine Learning","floor":16},{"not_picked":["Coolheaded","Skim","Barrage"],"picked":"SKIP","floor":18},{"not_picked":["Barrage","Redo","Beam Cell+1"],"picked":"SKIP","floor":20},{"not_picked":["Genetic Algorithm","Panic Button","Heatsinks"],"picked":"SKIP","floor":21}],"player_experience":915215,"relics_obtained":[{"floor":6,"key":"Orichalcum"},{"floor":9,"key":"Ancient Tea Set"},{"floor":12,"key":"Divine Protection"}],"event_choices":[{"damage_healed":0,"gold_gain":0,"player_choice":"Donut","damage_taken":0,"max_hp_gain":5,"max_hp_loss":0,"event_name":"Big Fish","floor":2,"gold_loss":0},{"damage_healed":0,"gold_gain":0,"player_choice":"Lose Max HP","damage_taken":0,"relics_obtained":["Golden Idol"],"max_hp_gain":0,"max_hp_loss":6,"event_name":"Golden Idol","floor":4,"gold_loss":0},{"damage_healed":15,"gold_gain":0,"player_choice":"Healed","damage_taken":0,"max_hp_gain":0,"max_hp_loss":0,"event_name":"The Cleric","floor":10,"gold_loss":35}],"is_beta":false,"boss_relics":[{"not_picked":["Nuclear Battery","Cursed Key"],"picked":"Replay:Wanted Poster"}],"items_purged_floors":[3,19],"is_endless":false,"potions_floor_spawned":[1,13,18],"killed_by":"Sentry and Sphere","ascension_level":16}}