{"host":"ss2ocoam53r2lno0","time":1610296062,"event":{"mods":["Act Like it!","BaseMod","ChefMod","Clockwork Mod","Colored Powertips","Curses Come First","Dark Map","Displayed Cursed Tome","Downfall","Evolution","Googly Eyes","Hallownest","Highlight Path","Minty Spire (QoL Compilation)","Poor People Problems","Rare Cards Sparkle","Robot Space Explorer","Shade Mod","Shop Mod","Spicy Shops","StSLib","The Marked"],"gold_per_floor":[119,131,81,92,17,47,17,17,17,17,17],"floor_reached":10,"playtime":921,"items_purged":["Clockwork:Shield"],"score":66,"play_id":"49db9854-6e5f-4901-81f1-61718acf86f5","local_time":"20210110172742","is_ascension_mode":false,"campfire_choices":[{"data":"Clockwork:ChargingShield","floor":8,"key":"SMITH"}],"circlet_count":0,"master_deck":["Clockwork:Strike","Clockwork:Strike","Clockwork:Strike","Clockwork:Shield","Clockwork:Shield","Clockwork:Shield","Clockwork:Tinker","Clockwork:WarmUp","Clockwork:Improve","Clockwork:ChargingShield+1","Clockwork:CogToss+1"],"relics":["Clockwork:MomentumEngine","EVO:Axolotl","NeowsBlessing","Molten Egg 2","Question Card"],"acts_visited":["Exordium"],"potions_floor_usage":[],"damage_taken":[{"damage":0,"enemies":"Small Slimes","floor":1,"turns":1},{"damage":0,"enemies":"Jaw Worm","floor":2,"turns":1},{"damage":0,"enemies":"Cultist","floor":4,"turns":1},{"damage":30,"enemies":"3 Sentries","floor":6,"turns":19},{"damage":12,"enemies":"Looter","floor":7,"turns":4},{"damage":46,"enemies":"Gremlin Nob","floor":10,"turns":4}],"seed_played":"-1615441707699175905","potions_obtained":[],"is_trial":false,"path_per_floor":["M","M","?","M","$","E","M","R","T","E"],"character_chosen":"CLOCKWORK","items_purchased":[],"campfire_rested":0,"item_purchase_floors":[],"current_hp_per_floor":[85,85,85,85,85,55,43,43,43,0,0],"gold":17,"neow_bonus":"THREE_ENEMY_KILL","is_daily":false,"chose_seed":false,"campfire_upgraded":1,"win_rate":0.0,"timestamp":1610296062,"path_taken":["M","M","?","M","$","E","M","R","T","E"],"items_purchased_type":[],"build_version":"2020-12-22","purchased_purges":1,"victory":false,"max_hp_per_floor":[85,85,85,85,85,85,85,85,85,85,85],"card_choices":[{"not_picked":["Clockwork:SystemHardening","Clockwork:SystemScan"],"picked":"Clockwork:Improve","floor":1},{"not_picked":["Clockwork:Roundhouse","Clockwork:FalseStart","Clockwork:InertialShield"],"picked":"SKIP","floor":2},{"not_picked":["Clockwork:SnapKeep","Clockwork:CogBarrier"],"picked":"Clockwork:ChargingShield","floor":4},{"not_picked":["Clockwork:Clone","Clockwork:TimeOut","Clockwork:FalseStart+1"],"picked":"SKIP","floor":6},{"not_picked":["Clockwork:HoardingStrike+1","Clockwork:FalseStart+1"],"picked":"Clockwork:CogToss+1","floor":7}],"player_experience":638940,"relics_obtained":[{"floor":6,"key":"Molten Egg 2"},{"floor":9,"key":"Question Card"}],"event_choices":[{"cards_removed":["Clockwork:Strike"],"damage_healed":0,"gold_gain":0,"player_choice":"Card Removal","damage_taken":0,"max_hp_gain":0,"max_hp_loss":0,"event_name":"The Cleric","floor":3,"gold_loss":50}],"is_beta":false,"boss_relics":[],"items_purged_floors":[5],"is_endless":false,"potions_floor_spawned":[],"killed_by":"Gremlin Nob","ascension_level":0}}