{"host":"ci7ivtocgfxh0ueo","time":1610279185,"event":{"mods":["BaseMod","GifTheSpireLib","Minty Spire (QoL Compilation)","StSLib"],"gold_per_floor":[119,119,44,64,64,64,82,82,82,111,138,138,147,183,183,268,268,288,297,32,32,41,41,41,41],"floor_reached":24,"playtime":605,"items_purged":["Doubt","Parasite"],"score":365,"play_id":"d8909fa2-6e8d-4e1a-9ef1-1cb2305f22b9","local_time":"20210110194625","is_ascension_mode":true,"campfire_choices":[{"data":"Eruption","floor":6,"key":"SMITH"},{"data":"Vigilance","floor":8,"key":"SMITH"},{"data":"Wallop","floor":12,"key":"SMITH"},{"floor":15,"key":"REST"},{"floor":23,"key":"REST"}],"circlet_count":0,"master_deck":["AscendersBane","Strike_P","Strike_P","Strike_P","Defend_P","Defend_P","Defend_P","Defend_P","Eruption+1","Vigilance+1","Blasphemy","ReachHeaven","EmptyFist","FollowUp","Wallop+1","ThirdEye","Omniscience","Swivel","Eruption","ClearTheMind","Decay"],"relics":["PureWater","CeramicFish","Damaru","Busted Crown","Ornamental Fan"],"acts_visited":["Exordium","TheCity"],"potions_floor_usage":[16,16,24,24],"damage_taken":[{"damage":7,"enemies":"Small Slimes","floor":1,"turns":3},{"damage":2,"enemies":"Cultist","floor":4,"turns":3},{"damage":0,"enemies":"2 Louse","floor":7,"turns":1},{"damage":0,"enemies":"Red Slaver","floor":10,"turns":3},{"damage":3,"enemies":"Blue Slaver","floor":11,"turns":3},{"damage":45,"enemies":"Lagavulin","floor":14,"turns":6},{"damage":28,"enemies":"Hexaghost","floor":16,"turns":12},{"damage":31,"enemies":"Shell Parasite","floor":18,"turns":5},{"damage":100028,"enemies":"3 Byrds","floor":24,"turns":5}],"seed_played":"6747685759262491596","potions_obtained":[{"floor":1,"key":"Strength Potion"},{"floor":4,"key":"Dexterity Potion"},{"floor":18,"key":"LiquidMemories"}],"is_trial":false,"path_per_floor":["M","?","$","M","?","R","M","R","T","M","M","R","?","E","R","B",null,"M","?","$","T","?","R","M"],"character_chosen":"WATCHER","items_purchased":["EntropicBrew","ClearTheMind"],"campfire_rested":2,"item_purchase_floors":[20,20],"current_hp_per_floor":[54,54,54,52,52,52,52,52,52,52,49,49,65,20,39,11,52,21,21,21,21,21,39,0,0],"gold":41,"neow_bonus":"THREE_RARE_CARDS","is_daily":false,"chose_seed":false,"campfire_upgraded":3,"win_rate":0.0,"timestamp":1610279185,"path_taken":["M","?","?","M","?","R","?","R","T","M","M","R","?","E","R","BOSS","M","?","$","?","?","R","M"],"items_purchased_type":["Potion","Card"],"build_version":"2020-12-22","purchased_purges":2,"victory":false,"max_hp_per_floor":[68,65,65,65,65,65,65,65,65,65,65,65,65,65,65,65,65,65,65,62,62,62,62,62,62],"card_choices":[{"not_picked":["ConjureBlade","Scrawl"],"picked":"Blasphemy","floor":0},{"not_picked":["JustLucky","Conclude"],"picked":"ReachHeaven","floor":1},{"not_picked":["PathToVictory","Weave"],"picked":"EmptyFist","floor":4},{"not_picked":["Prostrate","SignatureMove","Wireheading"],"picked":"SKIP","floor":7},{"not_picked":["PathToVictory","EmptyBody"],"picked":"FollowUp","floor":10},{"not_picked":["FlurryOfBlows","Fasting2"],"picked":"Wallop","floor":11},{"not_picked":["Conclude","Fasting2"],"picked":"ThirdEye","floor":14},{"not_picked":["Establishment","SpiritShield"],"picked":"Omniscience","floor":16},{"not_picked":[],"picked":"Swivel","floor":18}],"player_experience":1339556,"relics_obtained":[{"floor":9,"key":"CeramicFish"},{"floor":14,"key":"Damaru"},{"floor":21,"key":"Ornamental Fan"}],"event_choices":[{"damage_healed":0,"gold_gain":0,"cards_transformed":["Parasite"],"player_choice":"Transformed","damage_taken":0,"max_hp_gain":0,"max_hp_loss":0,"event_name":"Transmorgrifier","floor":2,"gold_loss":0,"cards_obtained":["Doubt"]},{"cards_removed":["Strike_P"],"damage_healed":0,"gold_gain":0,"player_choice":"Card Removal","damage_taken":0,"max_hp_gain":0,"max_hp_loss":0,"event_name":"Wheel of Change","floor":5,"gold_loss":0},{"damage_healed":16,"gold_gain":0,"player_choice":"Healed and dodged fight","damage_taken":0,"max_hp_gain":0,"max_hp_loss":0,"event_name":"Mushrooms","floor":13,"gold_loss":0,"cards_obtained":["Parasite"]},{"damage_healed":0,"gold_gain":0,"player_choice":"1 cards matched","damage_taken":0,"max_hp_gain":0,"max_hp_loss":0,"event_name":"Match and Keep!","floor":19,"gold_loss":0,"cards_obtained":["Eruption"]},{"damage_healed":0,"gold_gain":0,"player_choice":"Smashed Altar","damage_taken":0,"max_hp_gain":0,"max_hp_loss":0,"event_name":"Forgotten Altar","floor":22,"gold_loss":0,"cards_obtained":["Decay"]}],"is_beta":false,"boss_relics":[{"not_picked":["Cursed Key","Ectoplasm"],"picked":"Busted Crown"}],"items_purged_floors":[3,20],"is_endless":false,"potions_floor_spawned":[1,4,14,18],"killed_by":"3 Byrds","ascension_level":18}}