{"host":"h26iowzi6bk5r55d","time":1610290435,"event":{"mods":["ATMod(阿瑾Mod)","Arknights The Spire","Aspiration","BaseMod","Colored Powertips","Conspire","Downfall","Hermit","Minty Spire (QoL Compilation)","Relic Stats","Replay The Spire","Robot Space Explorer","RumiaBox-露米娅的神秘盒子","StSLib","The Alterego","[地精首领爬塔]The Maniac","vexMod","【遗物卡牌】REMEMod"],"gold_per_floor":[109,126,49,74,74,106,106,138,164,89,89,121,121,133,133,236,236,253,23,35,35,53,53,53],"floor_reached":23,"playtime":1092,"items_purged":["Injury"],"score":257,"play_id":"6f213e30-eada-4db3-8037-368b8ddf803b","local_time":"20210110225355","is_ascension_mode":false,"campfire_choices":[{"data":"hermit:Determination","floor":13,"key":"SMITH"},{"data":"hermit:Covet","floor":15,"key":"SMITH"}],"circlet_count":0,"master_deck":["hermit:Strike_Hermit","hermit:Strike_Hermit","hermit:Strike_Hermit","hermit:Strike_Hermit","hermit:Defend_Hermit","hermit:Defend_Hermit","hermit:Defend_Hermit","hermit:Snapshot","hermit:Covet+1","hermit:Dive","hermit:Determination+1","hermit:EyeOfTheStorm","Glass Knife+1","hermit:Roughhouse+1","hermit:Vantage","hermit:Manifest","hermit:Showdown+1","hermit:Adapt+1","hermit:GoldenBullet+1","hermit:Quickdraw+1","Glass Knife+1","hermit:TrackingShot+1"],"relics":["hermit:Momento","REME_ComplimentaryCards","AT_ATBox","NeowsBlessing","Baka","Nunchaku","Molten Egg 2","hermit:RyeStalk","Darkstone Periapt","Vajra","Dream Catcher","Replay:Bronze Core","Boot"],"acts_visited":["Exordium","TheCity"],"potions_floor_usage":[12,16,22,23,23],"damage_taken":[{"damage":0,"enemies":"Cultist","floor":1,"turns":1},{"damage":2,"enemies":"conspire:RoseBush","floor":2,"turns":1},{"damage":0,"enemies":"Lagavulin","floor":6,"turns":1},{"damage":14,"enemies":"Replay:BlueRogue","floor":8,"turns":4},{"damage":0,"enemies":"Gremlin Nob","floor":12,"turns":3},{"damage":0,"enemies":"Small Slimes","floor":14,"turns":3},{"damage":40,"enemies":"The Guardian","floor":16,"turns":7},{"damage":0,"enemies":"Spheric Guardian","floor":18,"turns":6},{"damage":29,"enemies":"Shell Parasite","floor":20,"turns":3},{"damage":12,"enemies":"3 Cultists","floor":22,"turns":5},{"damage":41,"enemies":"Gremlin Leader","floor":23,"turns":7}],"seed_played":"-5849767234286106878","potions_obtained":[{"floor":2,"key":"champ:CounterPotion"},{"floor":6,"key":"Block Potion"},{"floor":14,"key":"LifebloodPotion"},{"floor":20,"key":"Languid Potion"},{"floor":22,"key":"Strength Potion"}],"is_trial":false,"path_per_floor":["M","M","$","T","?","E","?","E","T","$","?","E","R","M","R","B",null,"M","$","M","?","M","E"],"character_chosen":"HERMIT","items_purchased":["hermit:EyeOfTheStorm","hermit:GoldenBullet+1","Boot"],"campfire_rested":0,"item_purchase_floors":[3,19,19],"current_hp_per_floor":[75,73,73,73,73,73,73,59,59,59,59,59,59,59,59,19,75,75,75,46,46,34,0,0],"gold":53,"neow_bonus":"THREE_ENEMY_KILL","is_daily":false,"chose_seed":false,"campfire_upgraded":2,"win_rate":0.0,"timestamp":1610290435,"path_taken":["M","?","$","?","?","E","?","E","T","?","?","E","R","M","R","BOSS","M","$","M","?","M","E"],"items_purchased_type":["Card","Card","Relic"],"build_version":"2020-12-22","purchased_purges":1,"victory":false,"max_hp_per_floor":[75,75,75,75,75,75,75,75,75,75,75,75,75,75,75,75,75,75,75,75,75,75,75,75],"relic_stats":{"Darkstone Periapt":0,"Nunchaku":[7],"Dream Catcher":0,"counters":[11,41],"Boot":[31],"obtain_stats":[{"Darkstone Periapt":8,"AT_ATBox":0,"NeowsBlessing":0,"Vajra":9,"Baka":1,"Boot":19,"hermit:RyeStalk":6,"Nunchaku":4,"Dream Catcher":12,"Replay:Bronze Core":17,"Molten Egg 2":5,"hermit:Momento":0,"REME_ComplimentaryCards":0},{"Darkstone Periapt":4,"AT_ATBox":0,"NeowsBlessing":0,"Vajra":4,"Baka":1,"Boot":8,"hermit:RyeStalk":3,"Nunchaku":2,"Dream Catcher":5,"Replay:Bronze Core":7,"Molten Egg 2":2,"hermit:Momento":0,"REME_ComplimentaryCards":0},{"Darkstone Periapt":7,"AT_ATBox":0,"NeowsBlessing":0,"Vajra":7,"Baka":1,"Boot":26,"hermit:RyeStalk":3,"Nunchaku":2,"Dream Catcher":10,"Replay:Bronze Core":20,"Molten Egg 2":2,"hermit:Momento":0,"REME_ComplimentaryCards":0}]},"card_choices":[{"not_picked":["hermit:Cheat","hermit:Feint"],"picked":"hermit:Dive","floor":1},{"not_picked":["hermit:HighCaliber","hermit:WideOpen"],"picked":"hermit:Determination","floor":2},{"not_picked":["hermit:Scavenge","hermit:NoHoldsBarred+1"],"picked":"hermit:Roughhouse+1","floor":6},{"not_picked":["hermit:Misfire+1","hermit:SprayPray+1"],"picked":"hermit:Vantage","floor":8},{"not_picked":["hermit:EternalForm","hermit:Dissolve"],"picked":"hermit:Manifest","floor":12},{"not_picked":["hermit:LowProfile","hermit:GhostlyPresence"],"picked":"hermit:Showdown+1","floor":14},{"not_picked":["hermit:Magnum+1","hermit:Dissolve"],"picked":"hermit:Adapt","floor":16},{"not_picked":["hermit:LuckOfTheDraw+1","hermit:Roulette+1","hermit:TrackingShot+1"],"picked":"SKIP","floor":18},{"not_picked":["hermit:BodyArmor+1","hermit:FullyLoaded"],"picked":"hermit:Quickdraw+1","floor":20},{"not_picked":["hermit:GoldenBullet+1","hermit:Midnight"],"picked":"hermit:TrackingShot+1","floor":22}],"player_experience":295965,"relics_obtained":[{"floor":1,"key":"Baka"},{"floor":4,"key":"Nunchaku"},{"floor":6,"key":"hermit:RyeStalk"},{"floor":8,"key":"Darkstone Periapt"},{"floor":9,"key":"Vajra"},{"floor":12,"key":"Dream Catcher"}],"event_choices":[{"cards_removed":["hermit:Defend_Hermit"],"damage_healed":0,"gold_gain":0,"player_choice":"Forget","damage_taken":0,"max_hp_gain":0,"max_hp_loss":0,"event_name":"Living Wall","floor":7,"gold_loss":0},{"damage_healed":0,"gold_gain":0,"player_choice":"Leave","damage_taken":0,"max_hp_gain":0,"max_hp_loss":0,"event_name":"conspire:Investor","floor":11,"gold_loss":0},{"damage_healed":0,"gold_gain":0,"player_choice":"Upgraded","damage_taken":0,"max_hp_gain":0,"max_hp_loss":0,"event_name":"Upgrade Shrine","floor":21,"gold_loss":0,"cards_upgraded":["hermit:Adapt"]}],"is_beta":false,"boss_relics":[{"not_picked":["aspiration:RunicSpoon","Astrolabe"],"picked":"Replay:Bronze Core"}],"items_purged_floors":[10],"is_endless":false,"potions_floor_spawned":[2,6,14,20,22],"killed_by":"Gremlin Leader","ascension_level":0}}