{"host":"0tiuc76yumknr6qf","time":1610320260,"event":{"mods":["BaseMod","Colored Map","Highlight Path","Jedi Mod","Minty Spire (QoL Compilation)","StSLib"],"gold_per_floor":[118,118,138,33,53,53,53,53,76,76,96,21,35,53,53,130,130,142,142,162,177,177,177,206,206,231,261,261,271,286,286,286,363,363,377,395,57,76,76,111,111,111,111],"floor_reached":42,"playtime":2978,"items_purged":["Strike_B"],"score":916,"play_id":"625fa57e-8e30-404a-94bf-94fe2fb6ffdf","local_time":"20210110171100","is_ascension_mode":true,"campfire_choices":[{"data":"White Noise","floor":6.0,"key":"SMITH"},{"data":"Zap","floor":8.0,"key":"SMITH"},{"data":"jedi:blockon","floor":10.0,"key":"SMITH"},{"floor":15.0,"key":"REST"},{"floor":23.0,"key":"REST"},{"floor":25.0,"key":"REST"},{"floor":32.0,"key":"REST"},{"data":"jedi:meditation","floor":41.0,"key":"SMITH"}],"circlet_count":0,"master_deck":["AscendersBane","Strike_B+1","Strike_B+1","Defend_B+1","Defend_B+1","Defend_B+1","Defend_B+1","Zap+1","Dualcast","Sweeping Beam","White Noise+1","jedi:blockon+1","Glacier","Tempest","jedi:markofdeath","Fission+1","jedi:BurstFrost","Ball Lightning","Barrage+1","Compile Driver+1","jedi:meditation+1","Loop","Machine Learning","Sunder+1","Loop","Self Repair"],"relics":["Cracked Core","Lantern","Centennial Puzzle","Inserter","jedi:cryingmask","Akabeko","Mango","Nloth\u0027s Gift","Coffee Dripper","Gambling Chip","Boot"],"acts_visited":["Exordium","TheCity","TheBeyond"],"potions_floor_usage":[42],"damage_taken":[{"damage":0.0,"enemies":"2 Louse","floor":1.0,"turns":1.0},{"damage":0.0,"enemies":"Cultist","floor":3.0,"turns":1.0},{"damage":0.0,"enemies":"Small Slimes","floor":5.0,"turns":1.0},{"damage":50.0,"enemies":"Gremlin Gang","floor":11.0,"turns":5.0},{"damage":1.0,"enemies":"Large Slime","floor":13.0,"turns":6.0},{"damage":9.0,"enemies":"Exordium Wildlife","floor":14.0,"turns":3.0},{"damage":1.0,"enemies":"The Guardian","floor":16.0,"turns":10.0},{"damage":12.0,"enemies":"Chosen","floor":18.0,"turns":5.0},{"damage":1.0,"enemies":"3 Byrds","floor":20.0,"turns":5.0},{"damage":21.0,"enemies":"Snecko","floor":21.0,"turns":7.0},{"damage":14.0,"enemies":"Book of Stabbing","floor":24.0,"turns":6.0},{"damage":19.0,"enemies":"Gremlin Leader","floor":27.0,"turns":6.0},{"damage":12.0,"enemies":"Snake Plant","floor":29.0,"turns":3.0},{"damage":4.0,"enemies":"Chosen and Byrds","floor":30.0,"turns":5.0},{"damage":4.0,"enemies":"Champ","floor":33.0,"turns":13.0},{"damage":13.0,"enemies":"Orb Walker","floor":35.0,"turns":3.0},{"damage":5.0,"enemies":"3 Shapes","floor":36.0,"turns":4.0},{"damage":4.0,"enemies":"3 Darklings","floor":38.0,"turns":3.0},{"damage":42.0,"enemies":"Reptomancer","floor":40.0,"turns":8.0},{"damage":34,"enemies":"Nemesis","floor":42,"turns":2}],"seed_played":"4837324819143245705","potions_obtained":[{"floor":11.0,"key":"FearPotion"},{"floor":13.0,"key":"DistilledChaos"},{"floor":14.0,"key":"Ancient Potion"},{"floor":30.0,"key":"jedi:StrikingPotion"},{"floor":35.0,"key":"DuplicationPotion"}],"is_trial":false,"path_per_floor":["M","?","M","?","M","R","$","R","T","R","M","$","M","M","R","B",null,"M","?","M","M","?","R","E","R","T","E","?","M","M","?","R","B",null,"M","M","$","M","?","E","R","E"],"character_chosen":"DEFECT","items_purchased":["Gambling Chip"],"campfire_rested":4,"item_purchase_floors":[37],"current_hp_per_floor":[64,64,64,64,64,64,64,64,64,64,14,14,13,4,25,24,59,47,47,46,25,5,27,13,35,35,30,30,18,14,14,41,37,77,64,59,59,55,55,13,13,0,0],"gold":111,"neow_bonus":"THREE_ENEMY_KILL","is_daily":false,"chose_seed":false,"campfire_upgraded":4,"win_rate":0.0,"timestamp":1610320260,"path_taken":["M","?","?","?","M","R","$","R","T","R","M","$","?","M","R","BOSS","M","?","M","?","?","R","E","R","T","E","?","M","M","?","R","BOSS","M","M","$","?","?","E","R","E"],"items_purchased_type":["Relic"],"build_version":"2020-12-22","purchased_purges":1,"victory":false,"max_hp_per_floor":[71,71,71,71,71,71,71,71,71,71,71,71,71,71,71,71,71,71,71,71,71,76,76,76,76,76,90,90,90,90,90,90,90,90,90,90,90,90,85,85,85,85,85],"card_choices":[{"not_picked":["Steam","Chaos"],"picked":"Sweeping Beam","floor":1.0},{"not_picked":["Rebound","Heatsinks"],"picked":"White Noise","floor":3.0},{"not_picked":["Rebound","Leap"],"picked":"jedi:blockon","floor":5.0},{"not_picked":["Redo","Storm"],"picked":"Glacier","floor":11.0},{"not_picked":["Ball Lightning","Steam"],"picked":"Tempest","floor":13.0},{"not_picked":["Redo","Stack"],"picked":"jedi:markofdeath","floor":14.0},{"not_picked":["Multi-Cast","jedi:studyfrost"],"picked":"Fission","floor":16.0},{"not_picked":["Capacitor","Sweeping Beam"],"picked":"jedi:BurstFrost","floor":18.0},{"not_picked":["Leap","Rip and Tear"],"picked":"Ball Lightning","floor":20.0},{"not_picked":["Coolheaded","Ball Lightning"],"picked":"Barrage+1","floor":21.0},{"not_picked":["jedi:BurstFrost","Chaos"],"picked":"Compile Driver+1","floor":24.0},{"not_picked":["jedi:BurstFrost","Sweeping Beam"],"picked":"jedi:meditation","floor":27.0},{"not_picked":["jedi:BurstLightning","Ball Lightning"],"picked":"Loop","floor":29.0},{"not_picked":["Redo","Rebound","Blizzard"],"picked":"SKIP","floor":30.0},{"not_picked":["Reboot","Core Surge"],"picked":"Machine Learning","floor":33.0},{"not_picked":["jedi:hex","Capacitor+1"],"picked":"Sunder+1","floor":35.0},{"not_picked":["Sweeping Beam","Go for the Eyes","Reprogram"],"picked":"SKIP","floor":36.0},{"not_picked":["Compile Driver+1","Doom and Gloom"],"picked":"Loop","floor":38.0},{"not_picked":["jedi:gatheringstorm","Double Energy+1"],"picked":"Self Repair","floor":40.0}],"player_experience":1850989,"relics_obtained":[{"floor":9.0,"key":"Centennial Puzzle"},{"floor":24.0,"key":"jedi:cryingmask"},{"floor":26.0,"key":"Akabeko"},{"floor":27.0,"key":"Mango"},{"floor":40.0,"key":"Boot"}],"event_choices":[{"cards_removed":["Strike_B"],"damage_healed":0.0,"max_hp_gain":0.0,"max_hp_loss":0.0,"gold_gain":0.0,"event_name":"Purifier","player_choice":"Purged","floor":2.0,"gold_loss":0.0,"damage_taken":0.0},{"damage_healed":0.0,"max_hp_gain":0.0,"max_hp_loss":0.0,"gold_gain":0.0,"event_name":"WeMeetAgain","player_choice":"Paid Gold","floor":4.0,"gold_loss":105.0,"damage_taken":0.0,"relics_obtained":["Lantern"]},{"damage_healed":0.0,"max_hp_gain":0.0,"max_hp_loss":0.0,"gold_gain":0.0,"event_name":"Accursed Blacksmith","player_choice":"Forge","floor":19.0,"gold_loss":0.0,"damage_taken":0.0,"cards_upgraded":["Fission"]},{"damage_healed":0.0,"max_hp_gain":5.0,"max_hp_loss":0.0,"gold_gain":0.0,"event_name":"Forgotten Altar","player_choice":"Shed Blood","floor":22.0,"gold_loss":0.0,"damage_taken":25.0},{"damage_healed":0.0,"max_hp_gain":0.0,"max_hp_loss":0.0,"gold_gain":0.0,"event_name":"Back to Basics","player_choice":"Simplicity","floor":28.0,"gold_loss":0.0,"damage_taken":0.0,"cards_upgraded":["Strike_B","Strike_B","Defend_B","Defend_B","Defend_B","Defend_B"]},{"damage_healed":0.0,"max_hp_gain":0.0,"max_hp_loss":0.0,"gold_gain":0.0,"event_name":"N\u0027loth","player_choice":"Traded Relic","floor":31.0,"relics_lost":["NeowsBlessing"],"gold_loss":0.0,"damage_taken":0.0,"relics_obtained":["Nloth\u0027s Gift"]},{"damage_healed":0.0,"max_hp_gain":0.0,"max_hp_loss":5.0,"gold_gain":0.0,"event_name":"Winding Halls","player_choice":"Max HP","floor":39.0,"gold_loss":0.0,"damage_taken":0.0}],"is_beta":false,"boss_relics":[{"not_picked":["Busted Crown","FrozenCore"],"picked":"Inserter"},{"not_picked":["Snecko Eye","Velvet Choker"],"picked":"Coffee Dripper"}],"items_purged_floors":[12],"is_endless":false,"potions_floor_spawned":[11,13,14,18,30,35],"killed_by":"Nemesis","ascension_level":20}}