{"host":"ig7tc0uedzltt2sr","time":1610259825,"event":{"mods":["BaseMod","Better Twitch Integration","Block Reminder","Colored Map","Colored Powertips","Communication Mod","Current Relic Mod","GifTheSpireLib","HexUI Lib","Minty Spire (QoL Compilation)","Quick Restart","Random Character Button","Rare Cards Sparkle","Relic Sorter","Relic Stats","Slay the Relics Exporter","StSLib","SuperFastMode","Synergy Search","Twitch Decklist","Twitch Utils","everything is the same but u backflip on backflip","slay the spire mod where everything is the same but ironclad has a cowboy hat"],"gold_per_floor":[117,117,127,145,145,145,164,164,164],"floor_reached":8,"playtime":40,"items_purged":[],"score":73,"play_id":"7ad32ad3-c0b7-4a1b-a82b-54a323df6cb1","local_time":"20210109222345","is_ascension_mode":false,"campfire_choices":[{"floor":6,"key":"RECALL"}],"circlet_count":0,"master_deck":["Strike_R","Strike_R","Strike_R","Strike_R","Strike_R","Defend_R","Defend_R","Defend_R","Bash","Havoc"],"relics":["Burning Blood"],"acts_visited":["Exordium"],"potions_floor_usage":[],"damage_taken":[{"damage":10,"enemies":"Small Slimes","floor":1,"turns":4},{"damage":15,"enemies":"Cultist","floor":3,"turns":4},{"damage":25,"enemies":"Jaw Worm","floor":4,"turns":5},{"damage":20,"enemies":"Looter","floor":7,"turns":3},{"damage":34,"enemies":"Gremlin Nob","floor":8,"turns":4}],"seed_played":"-2737099079094245135","potions_obtained":[{"floor":7,"key":"Energy Potion"}],"is_trial":false,"path_per_floor":["M","?","M","M","?","R","M","E"],"character_chosen":"IRONCLAD","items_purchased":[],"campfire_rested":0,"item_purchase_floors":[],"current_hp_per_floor":[68,73,64,45,45,45,31,0,0],"gold":164,"neow_bonus":"TWENTY_PERCENT_HP_BONUS","is_daily":false,"chose_seed":false,"campfire_upgraded":0,"win_rate":0.0,"timestamp":1610259825,"path_taken":["M","?","M","M","?","R","M","E"],"items_purchased_type":[],"build_version":"2020-12-22","purchased_purges":0,"victory":false,"max_hp_per_floor":[96,101,101,101,101,101,101,101,101],"relic_stats":{"counters":[5,20],"obtain_stats":[{"Burning Blood":0},{"Burning Blood":0},{"Burning Blood":0}],"Burning Blood":24},"card_choices":[{"not_picked":["Perfected Strike","Clothesline","Heavy Blade"],"picked":"SKIP","floor":1},{"not_picked":["Sword Boomerang","Clash","Flex"],"picked":"SKIP","floor":3},{"not_picked":["Heavy Blade","Warcry","Infernal Blade"],"picked":"SKIP","floor":4},{"not_picked":["Warcry","True Grit"],"picked":"Havoc","floor":7}],"player_experience":1496368,"relics_obtained":[],"event_choices":[{"damage_healed":0,"gold_gain":0,"player_choice":"Donut","damage_taken":0,"max_hp_gain":5,"max_hp_loss":0,"event_name":"Big Fish","floor":2,"gold_loss":0},{"cards_removed":["Defend_R"],"damage_healed":0,"gold_gain":0,"player_choice":"Offered Basic","damage_taken":0,"max_hp_gain":0,"max_hp_loss":0,"event_name":"Bonfire Elementals","floor":5,"gold_loss":0}],"is_beta":false,"boss_relics":[],"items_purged_floors":[],"is_endless":false,"potions_floor_spawned":[7],"killed_by":"Gremlin Nob","ascension_level":0}}