{"host":"qm4rv4rkpk76sbxu","time":1610237787,"event":{"mods":["BaseMod","Bestiary","Block Reminder","DeckTracker","Filter the Spire","Keyboard Shortcuts","Minty Spire (QoL Compilation)","MonsterHotkey","Potion Indicator Mod","Quick Restart","Relic Stats","Slay-I","StSLib","ojb\u0027s Better Paths Mod"],"gold_per_floor":[360,510,522,62,79,79,105,130,130,141,173,173,173,173],"floor_reached":13,"playtime":1103,"items_purged":[],"score":186,"play_id":"9afd7f02-673d-4de9-bb00-3608e4ea9757","local_time":"20210110011627","is_ascension_mode":true,"campfire_choices":[{"data":"Cloak And Dagger","floor":6.0,"key":"SMITH"}],"circlet_count":0,"master_deck":["AscendersBane","Strike_G","Strike_G","Strike_G","Strike_G","Strike_G","Defend_G","Defend_G","Defend_G","Defend_G","Defend_G","Survivor","Neutralize","Shame","Footwork","Doubt","Underhanded Strike","Cloak And Dagger+1","Dagger Throw","Dagger Spray","Dagger Throw"],"relics":["Ring of the Snake","Kunai","Lee\u0027s Waffle","Girya","Odd Mushroom","Letter Opener","Juzu Bracelet"],"acts_visited":["Exordium"],"potions_floor_usage":[11],"damage_taken":[{"damage":11.0,"enemies":"Cultist","floor":1.0,"turns":5.0},{"damage":11.0,"enemies":"2 Louse","floor":3.0,"turns":4.0},{"damage":6.0,"enemies":"Small Slimes","floor":5.0,"turns":8.0},{"damage":24.0,"enemies":"3 Sentries","floor":7.0,"turns":9.0},{"damage":17.0,"enemies":"The Mushroom Lair","floor":8.0,"turns":6.0},{"damage":0.0,"enemies":"2 Fungi Beasts","floor":10.0,"turns":3.0},{"damage":15,"enemies":"Lagavulin","floor":11,"turns":7},{"damage":18,"enemies":"Gremlin Nob","floor":13,"turns":3}],"seed_played":"-4345228858773584881","potions_obtained":[{"floor":1.0,"key":"AttackPotion"},{"floor":3.0,"key":"CunningPotion"},{"floor":8.0,"key":"Poison Potion"}],"is_trial":false,"path_per_floor":["M","?","M","$","M","R","E","?","T","M","E","?","E"],"character_chosen":"THE_SILENT","items_purchased":["Kunai","Lee\u0027s Waffle"],"campfire_rested":0,"item_purchase_floors":[4,4],"current_hp_per_floor":[48,48,37,73,67,67,43,26,26,26,11,11,0,0],"gold":173,"neow_bonus":"TWO_FIFTY_GOLD","is_daily":false,"chose_seed":false,"campfire_upgraded":1,"win_rate":0.0,"timestamp":1610237787,"path_taken":["M","?","M","$","M","R","E","?","T","M","E","?","E"],"items_purchased_type":["Relic","Relic"],"build_version":"2020-12-22","purchased_purges":0,"victory":false,"max_hp_per_floor":[66,66,66,73,73,73,73,73,73,73,73,73,73,73],"relic_stats":{"Lee\u0027s Waffle":36,"counters":[8,45],"Juzu Bracelet":0,"Kunai":[15],"Letter Opener":[5],"obtain_stats":[{"Girya":7,"Lee\u0027s Waffle":4,"Juzu Bracelet":11,"Kunai":4,"Letter Opener":9,"Odd Mushroom":8,"Ring of the Snake":0},{"Girya":4,"Lee\u0027s Waffle":2,"Juzu Bracelet":7,"Kunai":2,"Letter Opener":5,"Odd Mushroom":5,"Ring of the Snake":0},{"Girya":26,"Lee\u0027s Waffle":9,"Juzu Bracelet":42,"Kunai":9,"Letter Opener":32,"Odd Mushroom":32,"Ring of the Snake":0}],"Ring of the Snake":[16]},"card_choices":[{"not_picked":["Outmaneuver","Deflect"],"picked":"Footwork","floor":1.0},{"not_picked":["Acrobatics","Choke"],"picked":"Underhanded Strike","floor":3.0},{"not_picked":["Leg Sweep","Dagger Spray"],"picked":"Cloak And Dagger","floor":5.0},{"not_picked":["Dodge and Roll","Poisoned Stab"],"picked":"Dagger Throw","floor":7.0},{"not_picked":["Reflex","Expertise"],"picked":"Dagger Spray","floor":8.0},{"not_picked":["Dagger Spray","Grand Finale"],"picked":"Dagger Throw","floor":10.0},{"not_picked":["Corpse Explosion","PiercingWail","Deadly Poison"],"picked":"SKIP","floor":11}],"player_experience":1243040,"relics_obtained":[{"floor":7.0,"key":"Girya"},{"floor":8.0,"key":"Odd Mushroom"},{"floor":9.0,"key":"Letter Opener"},{"floor":11,"key":"Juzu Bracelet"}],"event_choices":[{"damage_healed":0.0,"max_hp_gain":0.0,"max_hp_loss":0.0,"gold_gain":150.0,"event_name":"Liars Game","player_choice":"AGREE","floor":2.0,"gold_loss":0.0,"damage_taken":0.0,"cards_obtained":["Doubt"]},{"damage_healed":0.0,"max_hp_gain":0.0,"max_hp_loss":0.0,"gold_gain":0.0,"event_name":"Mushrooms","player_choice":"Fought Mushrooms","floor":8.0,"gold_loss":0.0,"damage_taken":0.0},{"damage_healed":0,"gold_gain":0,"player_choice":"Fled","damage_taken":0,"max_hp_gain":0,"max_hp_loss":0,"event_name":"Scrap Ooze","floor":12,"gold_loss":0}],"is_beta":false,"boss_relics":[],"items_purged_floors":[],"is_endless":false,"potions_floor_spawned":[1,3,8],"killed_by":"Gremlin Nob","ascension_level":20}}