{"host":"a7dhdzm3fda48fos","time":1610270497,"event":{"mods":["AchievementEnabler","AlwaysNeverKeys","BaseMod","Better Altar","Better Note","Better Sensory Stone","Better Skull","Better Third Choice","BetterRewards","Block Reminder","Colored Map","Displayed Cursed Tome","Downfall","Friendly Minions","Gold Saver","Hermit","Infinite Spire","Minty Spire (QoL Compilation)","Quick Restart","Relic Filter","Relic Sorter","Relic Stats","Remove Card Discount Mod","Replay The Spire","StSLib","The Cursed"],"gold_per_floor":[554,565,334,484,484,469,496,516,516,516,516,579,597,670,680,680,680,680],"floor_reached":16,"playtime":1373,"items_purged":[],"score":100,"play_id":"1532dc60-13fa-4de6-8e78-7af57b9dd944","local_time":"20210110102137","is_ascension_mode":false,"campfire_choices":[{"data":"Guardian:TwinSlam","floor":1,"key":"SMITH"},{"data":"Guardian:WalkerClaw","floor":9,"key":"SMITH"}],"circlet_count":0,"master_deck":["Guardian:Strike_Guardian","Guardian:Strike_Guardian","Guardian:Strike_Guardian","Guardian:Strike_Guardian","Guardian:Defend_Guardian","Guardian:Defend_Guardian","Guardian:Defend_Guardian","Guardian:Defend_Guardian","Guardian:CurlUp","Guardian:TwinSlam+1","Guardian:ChargeCore","Guardian:ArmoredProtocol","Guardian:WalkerClaw+1","Guardian:Gem_Red","CommonCold","expansioncontent:DefensiveStance","Guardian:Gem_Green","Guardian:PrimingBeam","Pot Of Greed","Pot Of Greed","Guardian:Gem_Synthetic","Guardian:ShieldSpikes"],"relics":["Guardian:ModeShifter","ReplayTheSpireMod:Ring of Challenge","Gremlin Food","Blue Doll","ReplayTheSpireMod:Ring of Exchange","Grinning Jar"],"acts_visited":["Exordium"],"potions_floor_usage":[16],"damage_taken":[{"damage":0,"enemies":"Small Slimes","floor":2,"turns":3},{"damage":0,"enemies":"downfall:FleeingMerchant","floor":3,"turns":4},{"damage":6,"enemies":"downfall:FleeingMerchant","floor":6,"turns":4},{"damage":0,"enemies":"Jaw Worm","floor":8,"turns":3},{"damage":2,"enemies":"2 Louse","floor":12,"turns":4},{"damage":3,"enemies":"Blue Slaver","floor":13,"turns":4},{"damage":51,"enemies":"Replay:BlueRogue","floor":14,"turns":12},{"damage":1,"enemies":"Exordium Thugs","floor":15,"turns":7},{"damage":34,"enemies":"downfall:Ironclad","floor":16,"turns":9}],"seed_played":"818653411371961357","potions_obtained":[{"floor":8,"key":"AttackPotion"},{"floor":14,"key":"Elixir"},{"floor":15,"key":"SpeedPotion"}],"is_trial":false,"path_per_floor":["R","M","$","?","?","$","T","M","R","?","?","M","M","E","M","B"],"character_chosen":"GUARDIAN","items_purchased":["Guardian:ArmoredProtocol","Gremlin Food"],"campfire_rested":0,"item_purchase_floors":[3,3],"current_hp_per_floor":[88,88,88,88,88,82,82,82,82,82,82,80,77,26,25,0,0,0],"gold":680,"neow_bonus":"TEN_PERCENT_HP_BONUS","is_daily":false,"chose_seed":false,"campfire_upgraded":2,"win_rate":0.0,"timestamp":1610270497,"path_taken":["R","M","$","?","?","?","T","M","R","?","?","M","M","E","M","BOSS"],"items_purchased_type":["Card","Relic"],"build_version":"2020-12-22","purchased_purges":0,"victory":false,"max_hp_per_floor":[88,88,88,88,88,88,88,88,88,88,88,88,88,88,88,88,88,88],"relic_stats":{"counters":[9,50],"obtain_stats":[{"Gremlin Food":3,"ReplayTheSpireMod:Ring of Exchange":10,"Guardian:ModeShifter":0,"Blue Doll":7,"ReplayTheSpireMod:Ring of Challenge":10,"Grinning Jar":14},{"Gremlin Food":2,"ReplayTheSpireMod:Ring of Exchange":4,"Guardian:ModeShifter":0,"Blue Doll":3,"ReplayTheSpireMod:Ring of Challenge":4,"Grinning Jar":7},{"Gremlin Food":7,"ReplayTheSpireMod:Ring of Exchange":14,"Guardian:ModeShifter":0,"Blue Doll":11,"ReplayTheSpireMod:Ring of Challenge":14,"Grinning Jar":34}]},"card_choices":[{"not_picked":["Guardian:PrimingBeam","Guardian:Reroute"],"picked":"Guardian:ChargeCore","floor":2},{"not_picked":["Guardian:Recover","Guardian:TimeSifter"],"picked":"Guardian:Gem_Green","floor":3},{"not_picked":["Guardian:TemporalShield","Guardian:PrismaticBarrier"],"picked":"Guardian:WalkerClaw","floor":6},{"not_picked":["Guardian:Emergency","Guardian:Suspension"],"picked":"Guardian:Gem_Red","floor":8},{"not_picked":["Swift Strike","expansioncontent:LastStand"],"picked":"expansioncontent:DefensiveStance","floor":11},{"not_picked":["Guardian:BronzeArmor","Guardian:Gem_Purple"],"picked":"Guardian:Gem_Green","floor":12},{"not_picked":["Guardian:RefractedBeam","Guardian:PiercingHide"],"picked":"Guardian:PrimingBeam","floor":13},{"not_picked":["Guardian:Gem_Red","Guardian:FloatingOrbs"],"picked":"Guardian:Gem_Synthetic","floor":14},{"not_picked":["Guardian:RefractedBeam","Guardian:TemporalShield"],"picked":"Guardian:ShieldSpikes","floor":15}],"player_experience":111800,"relics_obtained":[{"floor":7,"key":"Blue Doll"},{"floor":10,"key":"ReplayTheSpireMod:Ring of Exchange"},{"floor":10,"key":"ReplayTheSpireMod:Ring of Challenge"},{"floor":14,"key":"Grinning Jar"}],"event_choices":[{"damage_healed":0,"gold_gain":1,"player_choice":"1","damage_taken":0,"max_hp_gain":0,"max_hp_loss":0,"event_name":"betterStone:BetterStone","floor":11,"gold_loss":0}],"is_beta":false,"boss_relics":[],"items_purged_floors":[],"is_endless":false,"potions_floor_spawned":[8,14,15],"killed_by":"downfall:Ironclad","ascension_level":0}}