{"host":"4q8tqz186r0pap1a","time":1610259339,"event":{"mods":["ATMod(阿瑾Mod)","Act Like it!","Arknights The Spire","BaseMod","Bestiary","Block Reminder","Colored Powertips","Curses Come First","Dota2Spire","Downfall","Gensokyo","Gold Saver","GungeonMod","Hallownest","Highlight Path","Hubris","Hunter 猎人","Jedi Mod","KinomotoSakuraMod(木之本樱)","KomeijiMod","LagranYue(拉格朗・月)","Minty Spire (QoL Compilation)","Nova Terra(诺娃・泰拉)","Pale of the Ancients","Quarter Circle Forward PUNCH!","Red Circlet Mod","Relic Stats","Replay The Spire","Shop Mod","Spicy Shops","StSLib","The Bug Knight","The Construct","The Cursed","The Marked","TheWitcher","WarShipGirlsR/战舰少女R mod","Yakumo Yukari mod","Yuyuko","[IsaacMod]以撒尖塔","[功能]功能增强和修复MOD","[地精首领爬塔]The Maniac","vexMod","【功能Mod】混沌之环修复补丁","【功能Mod】聪明的最终Boss","【遗物卡牌】REMEMod","残留之物"],"gold_per_floor":[116,174,174,169,169,169,169,169],"floor_reached":7,"playtime":496,"items_purged":["FIFO Queue"],"score":124,"play_id":"90ecd500-c66e-4da9-a399-6dd6c66e73d9","local_time":"20210110141539","daily_mods":["SealedDeck","Vintage","Heirloom","Time Dilation","Flight","Lethality","Terminal"],"is_ascension_mode":true,"campfire_choices":[{"floor":6,"key":"RECALL"}],"circlet_count":0,"master_deck":["AscendersBane","AT_TearsDenial+1","AT_FalsePromise","Panic Button","Storm","AT_ThreeBodyProblem","Redo","AT_EMC2","jedi:blockon","White Noise","AT_ThunderBolt","BootSequence","Ball Lightning","Double Energy","Defragment","jedi:BurstLightning","Thinking Ahead+1","FIFO Queue+1","hubris:Ukulele","REME_MawOfCthun","REME_Shoggoth","jedi:cleanse","Replay:SS_hec_1"],"relics":["Cracked Core","qcfpunch:Spiky_Bracers","qcfpunch:White_Boots","qcfpunch:Handcuffs","qcfpunch:Army_Boots","qcfpunch:Chain_With_Nametags","qcfpunch:Combat_Fatigues","qcfpunch:Black_Training_Shirt","qcfpunch:Red_Gi","qcfpunch:Unceasing_Flame","qcfpunch:Wrestler\u0027s_Cloak","qcfpunch:Wild_Herbs_Ointment","qcfpunch:Red_Cyclone_Teachings","qcfpunch:Broken_Tusk","qcfpunch:Necklace_of_Skulls","qcfpunch:Lotus_Statue","qcfpunch:Red_Beret","qcfpunch:Green_Leotard","qcfpunch:Special_Ops_Insignia","AT_ATBox","REME_ComplimentaryCards","HushsDoor","UnicornStump","LagranYue:RandomDrawCardRelic","DemoMod:RingOfEthereal","TheBean","REME_HandOfSuture","Replay:Rubber Ducky","Dota2Spire:CrimsonGuard","ReplayTheSpireMod:TigerMarble","AT_Kusabimaru","MerchantsRug","Guide Book","DataDisk","Pet Ghost","REME_CardOfGreed","hubris:SlimyHat","DemoMod:VorpalBullet","Replay:Frozen Program","hubris:TinFlute","jedi:HeartOfTheCards","Frozen Eye","hubris:Metronome","Solar Panel","Toolbox"],"acts_visited":["Exordium"],"potions_floor_usage":[],"damage_taken":[{"damage":0,"enemies":"Cultist","floor":1,"turns":4},{"damage":1,"enemies":"Gremlin Nob","floor":7,"turns":1}],"seed_played":"-2715173067054420066","potions_obtained":[{"floor":1,"key":"GamblersBrew"},{"floor":2,"key":"Adrenaline Potion"},{"floor":2,"key":"Energy Potion"}],"is_trial":true,"path_per_floor":["M","?","$","$","$","R","E"],"character_chosen":"DEFECT","items_purchased":["Replay:Rubber Ducky","Dota2Spire:CrimsonGuard","ReplayTheSpireMod:TigerMarble","AT_Kusabimaru","jedi:BurstLightning","Thinking Ahead","MerchantsRug","Guide Book","DataDisk","Pet Ghost","REME_CardOfGreed","hubris:SlimyHat","DemoMod:VorpalBullet","Replay:Frozen Program","FIFO Queue","hubris:Ukulele","REME_MawOfCthun","hubris:TinFlute","jedi:HeartOfTheCards","Frozen Eye","hubris:Metronome","Solar Panel","Toolbox","REME_Shoggoth","jedi:cleanse","Replay:SS_hec_1"],"campfire_rested":0,"item_purchase_floors":[3,3,3,3,3,3,3,3,4,4,4,4,4,4,4,4,4,5,5,5,5,5,5,5,5,5],"current_hp_per_floor":[4,3,2,1,1,1,0,0],"gold":169,"neow_bonus":"","is_daily":false,"chose_seed":false,"campfire_upgraded":0,"win_rate":0.0,"timestamp":1610259339,"path_taken":["M","?","$","$","$","R","E"],"items_purchased_type":["Relic","Relic","Relic","Relic","Card","Card","Relic","Relic","Relic","Relic","Relic","Relic","Relic","Relic","Card","Card","Card","Relic","Relic","Relic","Relic","Relic","Relic","Card","Card","Card"],"build_version":"2020-12-22","purchased_purges":1,"victory":false,"max_hp_per_floor":[4,3,2,1,1,1,1,1],"relic_stats":{"counters":[2,5],"obtain_stats":[{"Solar Panel":5,"qcfpunch:Spiky_Bracers":0,"UnicornStump":0,"hubris:Metronome":5,"AT_ATBox":0,"qcfpunch:Special_Ops_Insignia":0,"LagranYue:RandomDrawCardRelic":0,"hubris:SlimyHat":4,"qcfpunch:Red_Beret":0,"qcfpunch:Unceasing_Flame":0,"Pet Ghost":4,"qcfpunch:Wild_Herbs_Ointment":0,"Replay:Rubber Ducky":3,"Frozen Eye":5,"TheBean":1,"AT_Kusabimaru":3,"Replay:Frozen Program":4,"qcfpunch:Green_Leotard":0,"Dota2Spire:CrimsonGuard":3,"qcfpunch:Lotus_Statue":0,"qcfpunch:Red_Gi":0,"Toolbox":5,"qcfpunch:Necklace_of_Skulls":0,"qcfpunch:Wrestler\u0027s_Cloak":0,"qcfpunch:Handcuffs":0,"qcfpunch:Red_Cyclone_Teachings":0,"Cracked Core":0,"qcfpunch:Chain_With_Nametags":0,"hubris:TinFlute":5,"KeepersGift":0,"qcfpunch:Army_Boots":0,"MerchantsRug":3,"qcfpunch:Black_Training_Shirt":0,"Guide Book":3,"qcfpunch:White_Boots":0,"jedi:HeartOfTheCards":5,"qcfpunch:Combat_Fatigues":0,"DataDisk":4,"qcfpunch:Broken_Tusk":0,"REME_HandOfSuture":2,"ReplayTheSpireMod:TigerMarble":3,"REME_CardOfGreed":4,"DemoMod:RingOfEthereal":0,"HushsDoor":0,"DemoMod:VorpalBullet":4,"REME_ComplimentaryCards":0},{"Solar Panel":1,"qcfpunch:Spiky_Bracers":0,"UnicornStump":0,"hubris:Metronome":1,"AT_ATBox":0,"qcfpunch:Special_Ops_Insignia":0,"LagranYue:RandomDrawCardRelic":0,"hubris:SlimyHat":1,"qcfpunch:Red_Beret":0,"qcfpunch:Unceasing_Flame":0,"Pet Ghost":1,"qcfpunch:Wild_Herbs_Ointment":0,"Replay:Rubber Ducky":1,"Frozen Eye":1,"TheBean":1,"AT_Kusabimaru":1,"Replay:Frozen Program":1,"qcfpunch:Green_Leotard":0,"Dota2Spire:CrimsonGuard":1,"qcfpunch:Lotus_Statue":0,"qcfpunch:Red_Gi":0,"Toolbox":1,"qcfpunch:Necklace_of_Skulls":0,"qcfpunch:Wrestler\u0027s_Cloak":0,"qcfpunch:Handcuffs":0,"qcfpunch:Red_Cyclone_Teachings":0,"Cracked Core":0,"qcfpunch:Chain_With_Nametags":0,"hubris:TinFlute":1,"KeepersGift":0,"qcfpunch:Army_Boots":0,"MerchantsRug":1,"qcfpunch:Black_Training_Shirt":0,"Guide Book":1,"qcfpunch:White_Boots":0,"jedi:HeartOfTheCards":1,"qcfpunch:Combat_Fatigues":0,"DataDisk":1,"qcfpunch:Broken_Tusk":0,"REME_HandOfSuture":1,"ReplayTheSpireMod:TigerMarble":1,"REME_CardOfGreed":1,"DemoMod:RingOfEthereal":0,"HushsDoor":0,"DemoMod:VorpalBullet":1,"REME_ComplimentaryCards":0},{"Solar Panel":4,"qcfpunch:Spiky_Bracers":0,"UnicornStump":0,"hubris:Metronome":4,"AT_ATBox":0,"qcfpunch:Special_Ops_Insignia":0,"LagranYue:RandomDrawCardRelic":0,"hubris:SlimyHat":4,"qcfpunch:Red_Beret":0,"qcfpunch:Unceasing_Flame":0,"Pet Ghost":4,"qcfpunch:Wild_Herbs_Ointment":0,"Replay:Rubber Ducky":4,"Frozen Eye":4,"TheBean":4,"AT_Kusabimaru":4,"Replay:Frozen Program":4,"qcfpunch:Green_Leotard":0,"Dota2Spire:CrimsonGuard":4,"qcfpunch:Lotus_Statue":0,"qcfpunch:Red_Gi":0,"Toolbox":4,"qcfpunch:Necklace_of_Skulls":0,"qcfpunch:Wrestler\u0027s_Cloak":0,"qcfpunch:Handcuffs":0,"qcfpunch:Red_Cyclone_Teachings":0,"Cracked Core":0,"qcfpunch:Chain_With_Nametags":0,"hubris:TinFlute":4,"KeepersGift":0,"qcfpunch:Army_Boots":0,"MerchantsRug":4,"qcfpunch:Black_Training_Shirt":0,"Guide Book":4,"qcfpunch:White_Boots":0,"jedi:HeartOfTheCards":4,"qcfpunch:Combat_Fatigues":0,"DataDisk":4,"qcfpunch:Broken_Tusk":0,"REME_HandOfSuture":4,"ReplayTheSpireMod:TigerMarble":4,"REME_CardOfGreed":4,"DemoMod:RingOfEthereal":0,"HushsDoor":0,"DemoMod:VorpalBullet":4,"REME_ComplimentaryCards":0}]},"card_choices":[{"not_picked":["jedi:reiji","Gash"],"picked":"Ball Lightning","floor":1},{"not_picked":["Redo","Sweeping Beam"],"picked":"Double Energy","floor":1},{"not_picked":["Go for the Eyes","Gash"],"picked":"Defragment","floor":2}],"player_experience":157545,"relics_obtained":[{"floor":1,"key":"TheBean"},{"floor":2,"key":"REME_HandOfSuture"}],"event_choices":[],"is_beta":false,"boss_relics":[],"items_purged_floors":[4],"is_endless":false,"potions_floor_spawned":[1],"killed_by":"Gremlin Nob","ascension_level":20}}