{"host":"vddkjx04kiwje1tk","time":1610286156,"event":{"mods":["AchievementEnabler","BaseMod","Colored Map","Minty Spire (QoL Compilation)","Quick Restart","SuperFastMode"],"gold_per_floor":[119,50,50,62,79,79,105,105,132,132,82,82,82,100,100,219,219,237,258,183,203,203,203,244,144,213,213,237,237,262,262,262],"floor_reached":31,"playtime":745,"items_purged":["Defend_R","Strike_R"],"score":354,"play_id":"d3b543b8-33b4-43a6-b7ac-c2749f69c717","local_time":"20210110224236","is_ascension_mode":true,"campfire_choices":[{"floor":6,"key":"REST"},{"data":"Inflame","floor":8,"key":"SMITH"},{"floor":10,"key":"REST"},{"floor":15,"key":"REST"},{"floor":23,"key":"REST"},{"floor":27,"key":"REST"},{"floor":29,"key":"REST"}],"circlet_count":0,"master_deck":["Strike_R","Strike_R","Strike_R","Defend_R","Defend_R","Defend_R","Bash","Inflame+1","Heavy Blade","Fiend Fire","Flex","Brutality","True Grit+1","Pummel"],"relics":["Burning Blood","Vajra","Pen Nib","Potion Belt","Oddly Smooth Stone","Golden Idol","Sozu","Lizard Tail","Bottled Lightning"],"acts_visited":["Exordium","TheCity"],"potions_floor_usage":[16,16,24],"damage_taken":[{"damage":9,"enemies":"Jaw Worm","floor":1,"turns":3},{"damage":9,"enemies":"2 Louse","floor":4,"turns":3},{"damage":7,"enemies":"Small Slimes","floor":5,"turns":3},{"damage":55,"enemies":"Lagavulin","floor":7,"turns":7},{"damage":12,"enemies":"Red Slaver","floor":14,"turns":4},{"damage":44,"enemies":"Hexaghost","floor":16,"turns":9},{"damage":19,"enemies":"3 Byrds","floor":18,"turns":5},{"damage":21,"enemies":"2 Thieves","floor":19,"turns":4},{"damage":16,"enemies":"Snake Plant","floor":21,"turns":3},{"damage":44,"enemies":"Slavers","floor":24,"turns":4},{"damage":19,"enemies":"Centurion and Healer","floor":28,"turns":4},{"damage":33,"enemies":"Snecko","floor":30,"turns":4},{"damage":0,"enemies":"Snake Plant","floor":31,"turns":1}],"seed_played":"-4523722502816774303","potions_obtained":[{"floor":13,"key":"FairyPotion"},{"floor":13,"key":"BloodPotion"},{"floor":13,"key":"Fire Potion"},{"floor":14,"key":"SteroidPotion"},{"floor":16,"key":"AttackPotion"}],"is_trial":false,"path_per_floor":["M","$","?","M","M","R","E","R","T","R","?","?","?","M","R","B",null,"M","M","$","M","?","R","E","$","T","R","M","R","M","M"],"character_chosen":"IRONCLAD","items_purchased":["Inflame"],"campfire_rested":6,"item_purchase_floors":[2],"current_hp_per_floor":[69,69,51,48,47,71,22,22,22,46,46,26,26,20,44,22,66,53,38,38,28,28,52,14,14,14,38,25,49,22,22,22],"gold":262,"neow_bonus":"RANDOM_COMMON_RELIC","is_daily":false,"chose_seed":false,"campfire_upgraded":1,"win_rate":0.0,"timestamp":1610286156,"path_taken":["M","$","?","M","M","R","E","R","T","R","?","?","?","M","R","BOSS","M","M","$","M","?","R","E","$","T","R","M","R","M","M"],"items_purchased_type":["Card"],"build_version":"2020-12-22","purchased_purges":2,"victory":false,"max_hp_per_floor":[80,80,80,80,80,80,80,80,80,80,80,80,80,80,80,80,80,80,80,80,80,80,80,80,80,80,80,80,80,80,80,80],"card_choices":[{"not_picked":["Wild Strike","Cleave","Flame Barrier"],"picked":"SKIP","floor":1},{"not_picked":["Shrug It Off","Iron Wave","Wild Strike"],"picked":"SKIP","floor":4},{"not_picked":["Intimidate","Iron Wave","Burning Pact"],"picked":"SKIP","floor":5},{"not_picked":["Searing Blow","Hemokinesis","Havoc"],"picked":"SKIP","floor":7},{"not_picked":["Flex","Sword Boomerang"],"picked":"Heavy Blade","floor":14},{"not_picked":["Barricade","Brutality"],"picked":"Fiend Fire","floor":16},{"not_picked":["Warcry","Shockwave","True Grit"],"picked":"SKIP","floor":18},{"not_picked":["Combust","Pommel Strike+1"],"picked":"Flex","floor":19},{"not_picked":["Pommel Strike+1","Iron Wave"],"picked":"Brutality","floor":21},{"not_picked":["Heavy Blade+1","Havoc","Fiend Fire"],"picked":"SKIP","floor":24},{"not_picked":["Clothesline","Armaments"],"picked":"True Grit+1","floor":28},{"not_picked":["Thunderclap","Intimidate+1"],"picked":"Pummel","floor":30}],"player_experience":252600,"relics_obtained":[{"floor":7,"key":"Potion Belt"},{"floor":9,"key":"Oddly Smooth Stone"},{"floor":24,"key":"Lizard Tail"},{"floor":26,"key":"Bottled Lightning"}],"event_choices":[{"damage_healed":0,"gold_gain":0,"player_choice":"Success","damage_taken":18,"relics_obtained":["Pen Nib"],"max_hp_gain":0,"max_hp_loss":0,"event_name":"Scrap Ooze","floor":3,"gold_loss":0},{"cards_removed":["Strike_R"],"damage_healed":0,"gold_gain":0,"player_choice":"Card Removal","damage_taken":0,"max_hp_gain":0,"max_hp_loss":0,"event_name":"The Cleric","floor":11,"gold_loss":50},{"damage_healed":0,"gold_gain":0,"player_choice":"Take Damage","damage_taken":20,"relics_obtained":["Golden Idol"],"max_hp_gain":0,"max_hp_loss":0,"event_name":"Golden Idol","floor":12,"gold_loss":0},{"damage_healed":0,"gold_gain":0,"player_choice":"Got Potions","damage_taken":0,"max_hp_gain":0,"max_hp_loss":0,"event_name":"Lab","floor":13,"gold_loss":0},{"damage_healed":0,"gold_gain":0,"player_choice":"Ignored","damage_taken":0,"max_hp_gain":0,"max_hp_loss":0,"event_name":"Ghosts","floor":22,"gold_loss":0}],"is_beta":false,"boss_relics":[{"not_picked":["Mark of Pain","Runic Cube"],"picked":"Sozu"}],"items_purged_floors":[20,25],"is_endless":false,"potions_floor_spawned":[14,16,24,30],"killed_by":"Snake Plant","ascension_level":8}}