{"host":"qgrlfjrqk9z96gfi","time":1610241025,"event":{"mods":["BaseMod","Block Reminder","Colored Map","DeckTracker","Minty Spire (QoL Compilation)"],"gold_per_floor":[116,65,65,75,0,0,11,42,65,65,65,84,111,140,149,229,229,244,244,270,291,291,291],"floor_reached":22,"playtime":545,"items_purged":["Strike_G"],"score":376,"play_id":"11f4bf82-9e1a-4012-b86b-433472672bcd","local_time":"20210109151025","is_ascension_mode":true,"campfire_choices":[{"data":"Bane","floor":6,"key":"SMITH"},{"floor":10,"key":"REST"},{"floor":15,"key":"REST"}],"circlet_count":0,"master_deck":["AscendersBane","Strike_G","Strike_G","Defend_G","Defend_G","Defend_G","Defend_G","Defend_G","Survivor","Neutralize","Blade Dance","Blade Dance","Poisoned Stab","Bane+1","PiercingWail","Bouncing Flask","Dagger Spray","Crippling Poison","Corpse Explosion","Well Laid Plans","Deadly Poison"],"relics":["Ring of the Snake","NeowsBlessing","Vajra","CeramicFish","Dream Catcher","Sozu"],"acts_visited":["Exordium","TheCity"],"potions_floor_usage":[16,16],"damage_taken":[{"damage":0,"enemies":"Jaw Worm","floor":1,"turns":1},{"damage":0,"enemies":"Cultist","floor":4,"turns":1},{"damage":0,"enemies":"Small Slimes","floor":7,"turns":1},{"damage":49,"enemies":"3 Sentries","floor":8,"turns":14},{"damage":0,"enemies":"2 Fungi Beasts","floor":12,"turns":2},{"damage":1,"enemies":"Large Slime","floor":13,"turns":4},{"damage":6,"enemies":"3 Louse","floor":14,"turns":4},{"damage":18,"enemies":"Slime Boss","floor":16,"turns":8},{"damage":16,"enemies":"Shell Parasite","floor":18,"turns":4},{"damage":3,"enemies":"Spheric Guardian","floor":20,"turns":3},{"damage":20,"enemies":"Snecko","floor":21,"turns":5},{"damage":19,"enemies":"Snake Plant","floor":22,"turns":1}],"seed_played":"5344503310686625868","potions_obtained":[{"floor":12,"key":"Block Potion"},{"floor":14,"key":"FearPotion"}],"is_trial":false,"path_per_floor":["M","$","?","M","$","R","M","E","T","R","T","M","M","M","R","B",null,"M","?","M","M","M"],"character_chosen":"THE_SILENT","items_purchased":["Blade Dance"],"campfire_rested":2,"item_purchase_floors":[2],"current_hp_per_floor":[59,59,59,59,59,59,59,10,10,29,29,29,28,22,41,23,55,39,39,36,16,0,0],"gold":291,"neow_bonus":"THREE_ENEMY_KILL","is_daily":false,"chose_seed":false,"campfire_upgraded":1,"win_rate":0.0,"timestamp":1610241025,"path_taken":["M","$","?","M","?","R","?","E","T","R","?","?","M","M","R","BOSS","M","?","M","M","?"],"items_purchased_type":["Card"],"build_version":"2020-12-22","purchased_purges":1,"victory":false,"max_hp_per_floor":[66,66,66,66,66,66,66,66,66,66,66,66,66,66,66,66,66,66,66,66,66,66,66],"card_choices":[{"not_picked":["Bane","Quick Slash"],"picked":"Blade Dance","floor":1},{"not_picked":["Poisoned Stab","Flying Knee"],"picked":"Bane","floor":4},{"not_picked":["Poisoned Stab","Underhanded Strike","Well Laid Plans"],"picked":"SKIP","floor":7},{"not_picked":["Masterful Stab","Night Terror","Dodge and Roll"],"picked":"SKIP","floor":8},{"not_picked":["Prepared","Deflect"],"picked":"PiercingWail","floor":12},{"not_picked":["Caltrops","Prepared"],"picked":"Bouncing Flask","floor":13},{"not_picked":["Deadly Poison","Bane"],"picked":"Dagger Spray","floor":14},{"not_picked":["PiercingWail","Backflip"],"picked":"Crippling Poison","floor":15},{"not_picked":["Tools of the Trade","Venomology"],"picked":"Corpse Explosion","floor":16},{"not_picked":["Masterful Stab","Deflect","Outmaneuver"],"picked":"SKIP","floor":18},{"not_picked":["Crippling Poison","Poisoned Stab"],"picked":"Well Laid Plans","floor":20},{"not_picked":["Quick Slash","Dagger Throw"],"picked":"Deadly Poison","floor":21}],"player_experience":983895,"relics_obtained":[{"floor":8,"key":"Vajra"},{"floor":9,"key":"CeramicFish"},{"floor":11,"key":"Dream Catcher"}],"event_choices":[{"damage_healed":0,"gold_gain":0,"cards_transformed":["Strike_G"],"player_choice":"Transformed","damage_taken":0,"max_hp_gain":0,"max_hp_loss":0,"event_name":"Transmorgrifier","floor":3,"gold_loss":0,"cards_obtained":["Poisoned Stab"]},{"cards_removed":["Strike_G"],"damage_healed":0,"gold_gain":0,"player_choice":"Purged","damage_taken":0,"max_hp_gain":0,"max_hp_loss":0,"event_name":"Purifier","floor":19,"gold_loss":0}],"is_beta":false,"boss_relics":[{"not_picked":["Ring of the Serpent","Velvet Choker"],"picked":"Sozu"}],"items_purged_floors":[5],"is_endless":false,"potions_floor_spawned":[12,14,20],"killed_by":"Snake Plant","ascension_level":20}}