{"host":"50per11302020","time":1610310847,"event":{"mods":["AchievementEnabler","BaseMod","Colored Map","Minty Spire (QoL Compilation)","Relic Stats","StSLib"],"gold_per_floor":[218,218,218,178,16,42,42,54,54,4,4,17,17,36,36,115,115,133,55,55,55,8,8,27,59,110,110,121,121,140,167,167,239,239,251,269,279,23,23,23,23,23,23,23,57,69,48,60,60,60],"floor_reached":51,"playtime":5579,"items_purged":["Regret","Strike_G"],"score":1157,"play_id":"1affd722-bcf1-4eae-a42a-9b2346dac254","local_time":"20210110123407","is_ascension_mode":true,"campfire_choices":[{"floor":7,"key":"REST"},{"data":"Dodge and Roll","floor":11,"key":"SMITH"},{"floor":15,"key":"REST"},{"data":"Infinite Blades","floor":23,"key":"SMITH"},{"data":"Neutralize","floor":27,"key":"SMITH"},{"floor":29,"key":"REST"},{"data":"Well Laid Plans","floor":32,"key":"SMITH"},{"floor":40,"key":"REST"},{"floor":44,"key":"REST"},{"data":"Footwork","floor":49,"key":"SMITH"}],"circlet_count":0,"master_deck":["AscendersBane","Strike_G","Defend_G","Defend_G+1","Defend_G","Defend_G+1","Survivor","Neutralize+1","Well Laid Plans+1","Quick Slash","Venomology","Terror","Dodge and Roll+1","Flying Knee","Phantasmal Killer","Infinite Blades+1","Blade Dance","Bandage Up","PiercingWail","Caltrops","Riddle With Holes","Blur","Adrenaline","Tools of the Trade","Prepared+1","Outmaneuver+1","Glass Knife+1","PiercingWail","Dodge and Roll+1","Infinite Blades","Sadistic Nature","Flying Knee+1","Footwork+1","Noxious Fumes"],"relics":["Ring of the Snake","Shuriken","Membership Card","Vajra","Question Card","Paper Crane","SlaversCollar","ClockworkSouvenir","Bird Faced Urn","Bronze Scales","War Paint","Astrolabe","Ninja Scroll","Ornamental Fan"],"acts_visited":["Exordium","TheCity","TheBeyond"],"potions_floor_usage":[6,8,14,16,24,25,28,28,30,33,35,36,37,45,46,50,50],"damage_taken":[{"damage":1,"enemies":"Cultist","floor":1,"turns":4},{"damage":45,"enemies":"Lagavulin","floor":6,"turns":8},{"damage":0,"enemies":"2 Louse","floor":8,"turns":2},{"damage":1,"enemies":"Jaw Worm","floor":12,"turns":4},{"damage":2,"enemies":"Lots of Slimes","floor":14,"turns":5},{"damage":12,"enemies":"The Guardian","floor":16,"turns":14},{"damage":0,"enemies":"Chosen","floor":18,"turns":3},{"damage":15,"enemies":"Spheric Guardian","floor":24,"turns":4},{"damage":11,"enemies":"Gremlin Leader","floor":25,"turns":5},{"damage":9,"enemies":"3 Cultists","floor":28,"turns":5},{"damage":18,"enemies":"Shelled Parasite and Fungi","floor":30,"turns":7},{"damage":9,"enemies":"Book of Stabbing","floor":31,"turns":4},{"damage":17,"enemies":"Champ","floor":33,"turns":10},{"damage":19,"enemies":"3 Darklings","floor":35,"turns":10},{"damage":3,"enemies":"3 Shapes","floor":36,"turns":12},{"damage":59,"enemies":"Writhing Mass","floor":37,"turns":7},{"damage":10,"enemies":"Giant Head","floor":45,"turns":6},{"damage":2,"enemies":"Transient","floor":46,"turns":5},{"damage":2,"enemies":"Spire Growth","floor":48,"turns":5},{"damage":50,"enemies":"Time Eater","floor":50,"turns":11}],"seed_played":"-1355520829917541905","potions_obtained":[{"floor":4,"key":"DistilledChaos"},{"floor":4,"key":"Fire Potion"},{"floor":6,"key":"DuplicationPotion"},{"floor":8,"key":"Energy Potion"},{"floor":28,"key":"Block Potion"},{"floor":30,"key":"GhostInAJar"},{"floor":35,"key":"Explosive Potion"},{"floor":46,"key":"PowerPotion"}],"is_trial":false,"path_per_floor":["M","$","?","?","$","E","R","M","T","$","R","M","?","M","R","B",null,"M","$","?","?","$","R","M","E","T","R","M","R","M","E","R","B",null,"M","M","M","$","?","R","?","$","T","R","E","M","$","M","R","B",null],"character_chosen":"THE_SILENT","items_purchased":["Membership Card","Quick Slash","Dodge and Roll","ClockworkSouvenir","Bandage Up","Regen Potion","Infinite Blades","LiquidMemories","Sadistic Nature","Footwork"],"campfire_rested":5,"item_purchase_floors":[5,5,10,19,22,38,38,38,38,47],"current_hp_per_floor":[58,58,58,58,58,13,32,32,32,32,32,31,26,24,43,31,57,57,57,57,57,57,57,46,39,39,39,36,55,47,48,48,41,60,53,62,15,15,15,34,34,34,34,52,54,63,63,63,63,27],"gold":60,"neow_bonus":"HUNDRED_GOLD","is_daily":false,"chose_seed":false,"campfire_upgraded":5,"win_rate":0.0,"timestamp":1610310847,"path_taken":["M","?","?","?","$","E","R","M","T","$","R","?","?","M","R","BOSS","M","$","?","?","$","R","M","E","T","R","M","R","M","E","R","BOSS","M","M","M","$","?","R","?","?","T","R","E","M","$","M","R","BOSS"],"items_purchased_type":["Relic","Card","Card","Relic","Card","Potion","Card","Potion","Card","Card"],"build_version":"2020-12-18","purchased_purges":2,"victory":true,"max_hp_per_floor":[66,66,66,66,66,66,66,66,66,66,66,66,66,66,66,66,66,66,66,66,66,66,66,66,66,66,66,66,66,66,66,66,66,66,66,66,66,66,66,66,63,63,63,63,63,63,63,63,63,63],"relic_stats":{"counters":[20,131],"Shuriken":[65],"Ornamental Fan":[64],"Bird Faced Urn":[73],"Bronze Scales":[240],"Astrolabe":["Prepared","Outmaneuver","Glass Knife"],"War Paint":["Defend_G","Defend_G"],"Question Card":16,"obtain_stats":[{"Astrolabe":34,"Vajra":6,"Paper Crane":13,"War Paint":31,"Question Card":9,"ClockworkSouvenir":19,"SlaversCollar":17,"Shuriken":3,"Ninja Scroll":43,"Ornamental Fan":45,"Bird Faced Urn":25,"Bronze Scales":26,"Membership Card":5,"Ring of the Snake":0},{"Astrolabe":13,"Vajra":2,"Paper Crane":4,"War Paint":12,"Question Card":3,"ClockworkSouvenir":7,"SlaversCollar":6,"Shuriken":1,"Ninja Scroll":16,"Ornamental Fan":17,"Bird Faced Urn":9,"Bronze Scales":9,"Membership Card":1,"Ring of the Snake":0},{"Astrolabe":75,"Vajra":12,"Paper Crane":18,"War Paint":65,"Question Card":14,"ClockworkSouvenir":40,"SlaversCollar":37,"Shuriken":4,"Ninja Scroll":104,"Ornamental Fan":110,"Bird Faced Urn":49,"Bronze Scales":49,"Membership Card":4,"Ring of the Snake":0}],"Ring of the Snake":[40]},"card_choices":[{"not_picked":["Dagger Throw","Bane"],"picked":"Well Laid Plans","floor":1},{"not_picked":["PiercingWail","Concentrate"],"picked":"Venomology","floor":6},{"not_picked":["Acrobatics","Outmaneuver"],"picked":"Terror","floor":8},{"not_picked":["Catalyst","Reflex","Outmaneuver","Slice"],"picked":"SKIP","floor":12},{"not_picked":["Dodge and Roll","Expertise","Deadly Poison"],"picked":"Flying Knee","floor":14},{"not_picked":["After Image","Corpse Explosion","Bullet Time"],"picked":"Phantasmal Killer","floor":16},{"not_picked":["Quick Slash","Masterful Stab","Predator+1"],"picked":"Infinite Blades","floor":18},{"not_picked":["Underhanded Strike","Bouncing Flask","Expertise"],"picked":"PiercingWail","floor":24},{"not_picked":["Slice","Flechettes","Bullet Time"],"picked":"Caltrops","floor":25},{"not_picked":["Dagger Spray","Slice","Acrobatics"],"picked":"Riddle With Holes","floor":28},{"not_picked":["Reflex","Bane","Flying Knee"],"picked":"Blur","floor":30},{"not_picked":["Dagger Throw","Poisoned Stab","Deflect"],"picked":"Adrenaline","floor":31},{"not_picked":["Die Die Die","Malaise","Corpse Explosion"],"picked":"Tools of the Trade","floor":33},{"not_picked":["Bouncing Flask","Dodge and Roll","Flying Knee"],"picked":"PiercingWail","floor":35},{"not_picked":["Backflip","Quick Slash+1","Underhanded Strike","Unload"],"picked":"SKIP","floor":36},{"not_picked":["Underhanded Strike","Dagger Throw","Deflect"],"picked":"Dodge and Roll+1","floor":37},{"not_picked":["PiercingWail","Slice","All Out Attack","Acrobatics"],"picked":"SKIP","floor":45},{"not_picked":["Underhanded Strike","Distraction","Dagger Throw"],"picked":"Flying Knee+1","floor":46},{"not_picked":["Backflip","Slice","Reflex"],"picked":"Noxious Fumes","floor":48}],"player_experience":153938,"relics_obtained":[{"floor":6,"key":"Vajra"},{"floor":9,"key":"Question Card"},{"floor":25,"key":"Bird Faced Urn"},{"floor":26,"key":"Bronze Scales"},{"floor":31,"key":"War Paint"},{"floor":43,"key":"Ninja Scroll"},{"floor":45,"key":"Ornamental Fan"}],"event_choices":[{"damage_healed":0,"gold_gain":0,"player_choice":"Box","damage_taken":0,"relics_obtained":["Shuriken"],"max_hp_gain":0,"max_hp_loss":0,"event_name":"Big Fish","floor":3,"gold_loss":0,"cards_obtained":["Regret"]},{"damage_healed":0,"gold_gain":0,"player_choice":"Bought 3 Potions","damage_taken":0,"max_hp_gain":0,"max_hp_loss":0,"event_name":"The Woman in Blue","floor":4,"gold_loss":0},{"damage_healed":0,"gold_gain":0,"player_choice":"Success","damage_taken":5,"relics_obtained":["Paper Crane"],"max_hp_gain":0,"max_hp_loss":0,"event_name":"Scrap Ooze","floor":13,"gold_loss":0},{"damage_healed":0,"gold_gain":0,"player_choice":"Read","damage_taken":0,"max_hp_gain":0,"max_hp_loss":0,"event_name":"The Library","floor":20,"gold_loss":0,"cards_obtained":["Blade Dance"]},{"damage_healed":0,"gold_gain":0,"player_choice":"Ignored","damage_taken":0,"max_hp_gain":0,"max_hp_loss":0,"event_name":"Vampires","floor":21,"gold_loss":0},{"cards_removed":["Strike_G"],"damage_healed":0,"gold_gain":0,"player_choice":"Removed Attack","damage_taken":0,"max_hp_gain":0,"max_hp_loss":0,"event_name":"Falling","floor":39,"gold_loss":0},{"damage_healed":0,"gold_gain":0,"player_choice":"Max HP","damage_taken":0,"max_hp_gain":0,"max_hp_loss":3,"event_name":"Winding Halls","floor":41,"gold_loss":0}],"is_beta":true,"boss_relics":[{"not_picked":["Velvet Choker","HoveringKite"],"picked":"SlaversCollar"},{"not_picked":["Busted Crown","Sozu"],"picked":"Astrolabe"}],"items_purged_floors":[10,38],"is_endless":false,"potions_floor_spawned":[6,8,16,24,28,30,31,35,46],"ascension_level":15}}