{"host":"cnq91ghfhf6lz0gv","time":1610243486,"event":{"mods":["BaseMod","Clockwork Mod","Colored Map","Colored Powertips","Conspire","Downfall","Googly Eyes","Highlight Path","Minty Spire (QoL Compilation)","Replay The Spire","StSLib","SuperFastMode","The Edgeheg","The IronCluck","The Poker Player","The Showman","slay the spire mod where everything is the same but ironclad has a cowboy hat"],"gold_per_floor":[80,80,152,163,41,74,74,93,116,134,159,159,59,75,75,203,203,217,92,92,92,111,111,146,146,171,195,220,234,259,292,292,421,421,441,465,485,508,533,571,587,611,611,259,295,295,314,314,314,314,314,314,120,151,151,151],"floor_reached":55,"playtime":2873,"items_purged":["theEdgeheg:ChaosControlSkill","theEdgeheg:StarterShootAttack","theEdgeheg:StarterShootAttack","theEdgeheg:BloodyKatana","Pot Of Greed"],"score":933,"play_id":"b740c24c-6ea7-4fc0-bb39-76ec4563f254","local_time":"20210109205126","is_ascension_mode":false,"campfire_choices":[{"data":"theEdgeheg:RandomChaosCard","floor":7,"key":"SMITH"},{"data":"theEdgeheg:RollAndShoot","floor":15,"key":"SMITH"},{"data":"theEdgeheg:TeleportsBehind","floor":23,"key":"SMITH"},{"data":"Pot Of Greed","floor":25,"key":"SMITH"},{"floor":32,"key":"DIG"},{"floor":49,"key":"RECALL"},{"data":"theEdgeheg:RevolverOcelot","floor":52,"key":"SMITH"}],"circlet_count":0,"master_deck":["theEdgeheg:StarterShootAttack","theEdgeheg:StarterDodgeSkill+1","theEdgeheg:StarterDodgeSkill+1","theEdgeheg:StarterDodgeSkill+1","theEdgeheg:GatherChaos+1","theEdgeheg:MachineGun","theEdgeheg:KatanaGF+1","theEdgeheg:DieDieDie+1","theEdgeheg:RollAndShoot+1","theEdgeheg:RandomChaosCard+1","theEdgeheg:DualPistols","theEdgeheg:TeleportsBehind+1","Pot Of Greed+1","theEdgeheg:Reload+1","theEdgeheg:ChaosGrenade+1","theEdgeheg:TeleportsBehind+1","theEdgeheg:RevolverOcelot+1","theEdgeheg:SuperDodge"],"relics":["theEdgeheg:UltimateLifeformRelic","theEdgeheg:GreenEmeraldRelic","Shuriken","Replay:Bottled Eggs","theEdgeheg:CyanEmeraldRelic","Onion Ring","Golden Idol","Philosopher\u0027s Stone","Nloth\u0027s Gift","Grinning Jar","Bronze Scales","Orichalcum","Smiling Mask","Runic Pyramid","Omamori","Guide Book","ReplayTheSpireMod:TigerMarble","Replay:WaspNest","War Paint","Blue Doll"],"acts_visited":["Exordium","TheCity","TheBeyond","TheEnding"],"potions_floor_usage":[16,18,18,55,55,55],"damage_taken":[{"damage":0,"enemies":"Jaw Worm","floor":1,"turns":1},{"damage":0,"enemies":"Cultist","floor":4,"turns":1},{"damage":0,"enemies":"3 Sentries","floor":6,"turns":1},{"damage":0,"enemies":"Small Slimes","floor":8,"turns":3},{"damage":0,"enemies":"3 Louse","floor":10,"turns":3},{"damage":0,"enemies":"Gremlin Nob","floor":11,"turns":4},{"damage":0,"enemies":"Red Slaver","floor":14,"turns":2},{"damage":0,"enemies":"The Guardian","floor":16,"turns":8},{"damage":0,"enemies":"3 Byrds","floor":18,"turns":4},{"damage":0,"enemies":"Spheric Guardian","floor":22,"turns":2},{"damage":0,"enemies":"Slavers","floor":24,"turns":2},{"damage":0,"enemies":"Centurion and Healer","floor":27,"turns":1},{"damage":0,"enemies":"conspire:HollyBat","floor":28,"turns":5},{"damage":0,"enemies":"3 Cultists","floor":29,"turns":2},{"damage":0,"enemies":"Chosen and Byrds","floor":30,"turns":3},{"damage":0,"enemies":"conspire:Head Lice","floor":31,"turns":3},{"damage":1,"enemies":"Pondfish","floor":33,"turns":12},{"damage":0,"enemies":"3 Shapes","floor":35,"turns":2},{"damage":0,"enemies":"3 Darklings","floor":36,"turns":1},{"damage":0,"enemies":"Transient","floor":37,"turns":6},{"damage":0,"enemies":"4 Shapes","floor":38,"turns":2},{"damage":0,"enemies":"3 Darklings","floor":39,"turns":3},{"damage":0,"enemies":"R_Hoarder","floor":40,"turns":7},{"damage":0,"enemies":"Spire Growth","floor":41,"turns":4},{"damage":0,"enemies":"Maw","floor":42,"turns":5},{"damage":0,"enemies":"Nemesis","floor":45,"turns":3},{"damage":0,"enemies":"4 Shapes","floor":47,"turns":3},{"damage":2,"enemies":"conspire:OrnateMirror","floor":50,"turns":4},{"damage":1,"enemies":"Shield and Spear","floor":54,"turns":3},{"damage":3,"enemies":"The Heart","floor":55,"turns":3}],"seed_played":"-2144635643185565991","potions_obtained":[{"floor":6,"key":"Swift Potion"},{"floor":8,"key":"SteroidPotion"},{"floor":10,"key":"ColorlessPotion"},{"floor":27,"key":"Elixir"},{"floor":29,"key":"CultistPotion"},{"floor":33,"key":"DuplicationPotion"}],"is_trial":false,"path_per_floor":["M","?","T","M","$","E","R","M","T","M","E","?","$","M","R","B",null,"M","$","?","?","M","R","E","R","T","M","M","M","M","E","R_BF","B",null,"M","M","M","M","M","E","M","M","T","$","E","?","M","T","R","B",null,"R","$","E","B"],"character_chosen":"THE_DEFAULT","items_purchased":["theEdgeheg:RollAndShoot","Guide Book","theEdgeheg:RevolverOcelot","War Paint"],"campfire_rested":0,"item_purchase_floors":[5,44,44,53],"current_hp_per_floor":[4,4,4,4,4,4,4,5,5,5,5,4,4,4,4,4,5,5,5,5,5,5,5,5,5,5,5,5,5,5,5,5,4,5,5,5,5,5,5,5,5,5,5,5,5,5,5,5,5,3,4,4,4,3,0,0],"gold":151,"neow_bonus":"THREE_ENEMY_KILL","is_daily":false,"chose_seed":false,"campfire_upgraded":5,"win_rate":0.0,"timestamp":1610243486,"path_taken":["M","?","?","?","$","E","R","M","T","M","E","?","$","M","R","BOSS","M","$","?","?","M","R","E","R","T","M","M","?","M","E","R_BF","BOSS","M","?","M","M","M","E","M","M","T","$","E","?","?","?","R","BOSS","R","$","E","BOSS"],"items_purchased_type":["Card","Relic","Card","Relic"],"build_version":"2020-12-22","purchased_purges":5,"victory":false,"max_hp_per_floor":[5,5,5,5,5,5,5,5,5,5,5,5,5,5,5,5,5,5,5,5,5,5,5,5,5,5,5,5,5,5,5,5,5,5,5,5,5,5,5,5,5,5,5,5,5,5,5,5,5,5,5,5,5,5,5,5],"card_choices":[{"not_picked":["theEdgeheg:BetterDodge","theEdgeheg:Reload"],"picked":"theEdgeheg:MachineGun","floor":1},{"not_picked":["theEdgeheg:DodgeKatana","theEdgeheg:Glare"],"picked":"theEdgeheg:DieDieDie","floor":4},{"not_picked":["theEdgeheg:SkateboardTrick","theEdgeheg:Shotgun","theEdgeheg:RandomChaosCard"],"picked":"SKIP","floor":6},{"not_picked":["theEdgeheg:SkateboardTrick","theEdgeheg:Shotgun"],"picked":"theEdgeheg:RandomChaosCard","floor":6},{"not_picked":["theEdgeheg:ChaosKatana","theEdgeheg:BetterShoot","theEdgeheg:Knives"],"picked":"SKIP","floor":8},{"not_picked":["theEdgeheg:Disrobe","theEdgeheg:ChaosCards","theEdgeheg:BetterShoot"],"picked":"SKIP","floor":10},{"not_picked":["theEdgeheg:Disrobe","theEdgeheg:Butt","theEdgeheg:NothingPersonal"],"picked":"SKIP","floor":11},{"not_picked":["theEdgeheg:MachineGun","theEdgeheg:TimmyBackflip"],"picked":"theEdgeheg:DualPistols","floor":14},{"not_picked":["theEdgeheg:RuleOfCool","theEdgeheg:ArtOfTheBlade"],"picked":"theEdgeheg:TeleportsBehind","floor":16},{"not_picked":["theEdgeheg:Disrobe","theEdgeheg:ChaosControlSkill","theEdgeheg:PlayRandomCard"],"picked":"SKIP","floor":18},{"not_picked":["theEdgeheg:GirlWithGun","theEdgeheg:DodgeKatana","theEdgeheg:Butt"],"picked":"SKIP","floor":22},{"not_picked":["theEdgeheg:Knives+1","theEdgeheg:Girlfriend","theEdgeheg:Shotgun+1"],"picked":"SKIP","floor":24},{"not_picked":["theEdgeheg:PlayRandomCard+1","theEdgeheg:HappiestTimmy","theEdgeheg:Butt"],"picked":"SKIP","floor":27},{"not_picked":["theEdgeheg:Butt","theEdgeheg:Heh","theEdgeheg:TeleportsAbove"],"picked":"SKIP","floor":28},{"not_picked":["theEdgeheg:ChaosGrenade","theEdgeheg:CSGun"],"picked":"theEdgeheg:Reload","floor":29},{"not_picked":["theEdgeheg:BloodyNodachi","theEdgeheg:Heh","theEdgeheg:Glare"],"picked":"SKIP","floor":30},{"not_picked":["theEdgeheg:RegularGun","theEdgeheg:DashKatana","theEdgeheg:SexyGirlfriend"],"picked":"SKIP","floor":31},{"not_picked":["theEdgeheg:ChaosKatana","theEdgeheg:ChaosBlast","theEdgeheg:BlowCover"],"picked":"SKIP","floor":35},{"not_picked":["theEdgeheg:HappiestTimmy","theEdgeheg:QuickKatana+1","theEdgeheg:Heh+1"],"picked":"SKIP","floor":36},{"not_picked":["theEdgeheg:Heh+1","theEdgeheg:ChaosKatana","theEdgeheg:ChaosCards"],"picked":"SKIP","floor":37},{"not_picked":["theEdgeheg:BetterShoot","theEdgeheg:Parry+1"],"picked":"theEdgeheg:ChaosGrenade+1","floor":38},{"not_picked":["theEdgeheg:SkateboardTrick+1","theEdgeheg:MachineGun","theEdgeheg:RegularGun"],"picked":"SKIP","floor":39},{"not_picked":["theEdgeheg:BlackKatana+1","theEdgeheg:SelfHarmIsNotCool"],"picked":"theEdgeheg:TeleportsBehind","floor":40},{"not_picked":["theEdgeheg:BetterShoot+1","theEdgeheg:Fastness+1","theEdgeheg:TimmyBackflip+1"],"picked":"SKIP","floor":41},{"not_picked":["theEdgeheg:QuickDraw","theEdgeheg:Heh+1","theEdgeheg:Disrobe"],"picked":"SKIP","floor":42},{"not_picked":["theEdgeheg:Tsk","theEdgeheg:MasterEmerald+1","theEdgeheg:PlayRandomCard+1"],"picked":"SKIP","floor":45},{"not_picked":["theEdgeheg:ChaosControlSkill","theEdgeheg:BlowCover+1","theEdgeheg:Birthday+1"],"picked":"SKIP","floor":47},{"not_picked":["theEdgeheg:BetterShoot+1","theEdgeheg:QuickKatana+1"],"picked":"theEdgeheg:SuperDodge","floor":54}],"player_experience":188049,"relics_obtained":[{"floor":3,"key":"Shuriken"},{"floor":6,"key":"Replay:Bottled Eggs"},{"floor":9,"key":"theEdgeheg:CyanEmeraldRelic"},{"floor":11,"key":"Onion Ring"},{"floor":24,"key":"Grinning Jar"},{"floor":26,"key":"Bronze Scales"},{"floor":31,"key":"Orichalcum"},{"floor":32,"key":"Smiling Mask"},{"floor":40,"key":"Omamori"},{"floor":45,"key":"ReplayTheSpireMod:TigerMarble"},{"floor":48,"key":"Replay:WaspNest"},{"floor":54,"key":"Blue Doll"}],"event_choices":[{"damage_healed":0,"gold_gain":0,"player_choice":"Take Damage","damage_taken":1,"relics_obtained":["Golden Idol"],"max_hp_gain":0,"max_hp_loss":0,"event_name":"Golden Idol","floor":12,"gold_loss":0},{"damage_healed":0,"gold_gain":0,"player_choice":"Ignored","damage_taken":0,"max_hp_gain":0,"max_hp_loss":0,"event_name":"Vampires","floor":20,"gold_loss":0},{"damage_healed":0,"gold_gain":0,"player_choice":"Traded Relic","damage_taken":0,"relics_obtained":["Nloth\u0027s Gift"],"max_hp_gain":0,"max_hp_loss":0,"event_name":"N\u0027loth","floor":21,"relics_lost":["NeowsBlessing"],"gold_loss":0},{"damage_healed":0,"gold_gain":0,"player_choice":"0 cards matched","damage_taken":0,"max_hp_gain":0,"max_hp_loss":0,"event_name":"Match and Keep!","floor":46,"gold_loss":0,"cards_obtained":[]}],"is_beta":false,"boss_relics":[{"not_picked":["Painkiller Herb","Runic Dome"],"picked":"Philosopher\u0027s Stone"},{"not_picked":["Cursed Key","Fusion Hammer"],"picked":"Runic Pyramid"}],"items_purged_floors":[5,13,19,44,53],"is_endless":false,"potions_floor_spawned":[6,8,10,27,29,33,35,36,38,41],"killed_by":"The Heart","ascension_level":0}}