{"host":"ig7tc0uedzltt2sr","time":1610264671,"event":{"mods":["BaseMod","Better Twitch Integration","Block Reminder","Colored Map","Colored Powertips","Communication Mod","Current Relic Mod","GifTheSpireLib","HexUI Lib","Minty Spire (QoL Compilation)","Quick Restart","Random Character Button","Rare Cards Sparkle","Relic Sorter","Relic Stats","Slay the Relics Exporter","StSLib","SuperFastMode","Synergy Search","Twitch Decklist","Twitch Utils","everything is the same but u backflip on backflip","slay the spire mod where everything is the same but ironclad has a cowboy hat"],"gold_per_floor":[109,74,74,87,106,106,123,123,123],"floor_reached":8,"playtime":43,"items_purged":[],"score":48,"play_id":"e31eef4a-5b49-4285-ac6a-e538cc3d844b","local_time":"20210109234431","is_ascension_mode":false,"campfire_choices":[{"data":"Defend_R","floor":6,"key":"SMITH"}],"circlet_count":0,"master_deck":["Strike_R","Strike_R","Strike_R","Strike_R","Strike_R","Defend_R+1","Defend_R","Defend_R","Bash"],"relics":["Burning Blood"],"acts_visited":["Exordium"],"potions_floor_usage":[],"damage_taken":[{"damage":8,"enemies":"Small Slimes","floor":1,"turns":3},{"damage":25,"enemies":"Jaw Worm","floor":4,"turns":4},{"damage":10,"enemies":"Cultist","floor":5,"turns":4},{"damage":37,"enemies":"2 Fungi Beasts","floor":7,"turns":5},{"damage":48,"enemies":"Gremlin Nob","floor":8,"turns":4}],"seed_played":"275370771563981816","potions_obtained":[],"is_trial":false,"path_per_floor":["M","?","?","M","M","R","M","E"],"character_chosen":"IRONCLAD","items_purchased":[],"campfire_rested":0,"item_purchase_floors":[],"current_hp_per_floor":[86,88,88,69,65,65,34,0,0],"gold":123,"neow_bonus":"TEN_PERCENT_HP_BONUS","is_daily":false,"chose_seed":false,"campfire_upgraded":1,"win_rate":0.0,"timestamp":1610264671,"path_taken":["M","?","?","M","M","R","?","E"],"items_purchased_type":[],"build_version":"2020-12-22","purchased_purges":0,"victory":false,"max_hp_per_floor":[88,88,88,88,88,88,88,88,88],"relic_stats":{"counters":[5,20],"obtain_stats":[{"Burning Blood":0},{"Burning Blood":0},{"Burning Blood":0}],"Burning Blood":24},"card_choices":[{"not_picked":["Sword Boomerang","Headbutt","Armaments"],"picked":"SKIP","floor":1},{"not_picked":["Metallicize","Body Slam","Warcry"],"picked":"SKIP","floor":4},{"not_picked":["Clash","Shrug It Off","Rampage"],"picked":"SKIP","floor":5},{"not_picked":["Armaments","Clash","Twin Strike"],"picked":"SKIP","floor":7}],"player_experience":1499575,"relics_obtained":[],"event_choices":[{"damage_healed":22,"gold_gain":0,"player_choice":"Healed","damage_taken":0,"max_hp_gain":0,"max_hp_loss":0,"event_name":"The Cleric","floor":2,"gold_loss":35},{"cards_removed":["Defend_R"],"damage_healed":0,"gold_gain":0,"player_choice":"Offered Basic","damage_taken":0,"max_hp_gain":0,"max_hp_loss":0,"event_name":"Bonfire Elementals","floor":3,"gold_loss":0}],"is_beta":false,"boss_relics":[],"items_purged_floors":[],"is_endless":false,"potions_floor_spawned":[],"killed_by":"Gremlin Nob","ascension_level":0}}