{"host":"puz2e4ezpetyjvto","time":1610272540,"event":{"mods":["2.2 Compatiblity","BaseMod","DeckTracker","Highlight Path","Minty Spire (QoL Compilation)","Permanent Neow","Quick Restart","StSLib","SuperFastMode","The Dragon Tamer","everything is the same but u backflip on backflip"],"gold_per_floor":[210,210,385,396,396,396,414,414,414,431,431,381,400,142,142,245,245,255,271,283,283,296,296,296],"floor_reached":23,"playtime":1119,"items_purged":["Regret"],"score":183,"play_id":"4bf02db9-6066-4234-a9af-7f3553facb6e","local_time":"20210110185540","is_ascension_mode":false,"campfire_choices":[{"data":"Defragment","floor":6,"key":"SMITH"},{"data":"Zap","floor":8,"key":"SMITH"},{"data":"Loop","floor":15,"key":"SMITH"}],"circlet_count":0,"master_deck":["Strike_B","Strike_B","Strike_B","Defend_B","Defend_B","Defend_B","Defend_B","Zap+1","Dualcast","Sweeping Beam","Defragment+1","Leap","Loop+1","Self Repair","Master of Strategy","Multi-Cast","Capacitor","White Noise","Hologram"],"relics":["Cracked Core","Ornamental Fan","FossilizedHelix","Tiny Chest","Inserter"],"acts_visited":["Exordium","TheCity"],"potions_floor_usage":[7,16,16,20],"damage_taken":[{"damage":8,"enemies":"Jaw Worm","floor":1,"turns":3},{"damage":9,"enemies":"2 Louse","floor":4,"turns":2},{"damage":0,"enemies":"Small Slimes","floor":7,"turns":3},{"damage":0,"enemies":"2 Fungi Beasts","floor":10,"turns":2},{"damage":14,"enemies":"Exordium Wildlife","floor":13,"turns":4},{"damage":33,"enemies":"Hexaghost","floor":16,"turns":10},{"damage":15,"enemies":"3 Byrds","floor":18,"turns":4},{"damage":17,"enemies":"Spheric Guardian","floor":19,"turns":4},{"damage":20,"enemies":"Centurion and Healer","floor":20,"turns":5},{"damage":7,"enemies":"Snecko","floor":22,"turns":5},{"damage":51,"enemies":"Masked Bandits","floor":23,"turns":3}],"seed_played":"7272955270317054339","potions_obtained":[{"floor":7,"key":"EntropicBrew"},{"floor":16,"key":"FearPotion"},{"floor":18,"key":"SteroidPotion"},{"floor":22,"key":"Swift Potion"}],"is_trial":false,"path_per_floor":["M","?","?","M","?","R","M","R","T","M","?","?","M","$","R","B",null,"M","M","M","?","M","?"],"character_chosen":"DEFECT","items_purchased":["Master of Strategy"],"campfire_rested":0,"item_purchase_floors":[14],"current_hp_per_floor":[67,67,67,58,51,51,51,51,51,51,51,51,37,37,37,11,75,67,57,44,44,44,0,0],"gold":296,"neow_bonus":"HUNDRED_GOLD","is_daily":false,"chose_seed":false,"campfire_upgraded":3,"win_rate":0.0,"timestamp":1610272540,"path_taken":["M","?","?","M","?","R","M","R","T","M","?","?","M","$","R","BOSS","M","M","M","?","M","?"],"items_purchased_type":["Card"],"build_version":"2020-12-22","purchased_purges":1,"victory":false,"max_hp_per_floor":[75,75,75,75,75,75,75,75,75,75,75,75,75,75,75,75,75,75,75,75,75,75,75,75],"card_choices":[{"not_picked":["Stack","Conserve Battery"],"picked":"Sweeping Beam","floor":1},{"not_picked":["Consume","Go for the Eyes"],"picked":"Defragment","floor":4},{"not_picked":["Gash","Sweeping Beam"],"picked":"Leap","floor":7},{"not_picked":["Rebound","Doom and Gloom"],"picked":"Loop","floor":10},{"not_picked":["Ball Lightning","Cold Snap"],"picked":"Self Repair","floor":13},{"not_picked":["Meteor Strike","Reboot"],"picked":"Multi-Cast","floor":16},{"not_picked":["Chaos","Self Repair+1"],"picked":"Capacitor","floor":18},{"not_picked":["Stack","Sweeping Beam"],"picked":"White Noise","floor":19},{"not_picked":["Steam","Barrage"],"picked":"Hologram","floor":20},{"not_picked":["Cold Snap","Barrage","Coolheaded"],"picked":"SKIP","floor":22}],"player_experience":707621,"relics_obtained":[{"floor":9,"key":"FossilizedHelix"}],"event_choices":[{"cards_removed":["Strike_B"],"damage_healed":0,"gold_gain":0,"player_choice":"Forget","damage_taken":0,"max_hp_gain":0,"max_hp_loss":0,"event_name":"Living Wall","floor":2,"gold_loss":0},{"damage_healed":0,"gold_gain":175,"player_choice":"AGREE","damage_taken":0,"max_hp_gain":0,"max_hp_loss":0,"event_name":"Liars Game","floor":3,"gold_loss":0,"cards_obtained":["Doubt"]},{"damage_healed":0,"gold_gain":0,"player_choice":"Success","damage_taken":7,"relics_obtained":["Ornamental Fan"],"max_hp_gain":0,"max_hp_loss":0,"event_name":"Scrap Ooze","floor":5,"gold_loss":0},{"damage_healed":0,"gold_gain":0,"player_choice":"Box","damage_taken":0,"relics_obtained":["Tiny Chest"],"max_hp_gain":0,"max_hp_loss":0,"event_name":"Big Fish","floor":11,"gold_loss":0,"cards_obtained":["Regret"]},{"cards_removed":["Doubt"],"damage_healed":0,"gold_gain":0,"player_choice":"Card Removal","damage_taken":0,"max_hp_gain":0,"max_hp_loss":0,"event_name":"The Cleric","floor":12,"gold_loss":50},{"damage_healed":0,"gold_gain":0,"player_choice":"Ignored","damage_taken":0,"max_hp_gain":0,"max_hp_loss":0,"event_name":"Ghosts","floor":21,"gold_loss":0},{"damage_healed":0,"gold_gain":0,"player_choice":"Fought Bandits","damage_taken":0,"max_hp_gain":0,"max_hp_loss":0,"event_name":"Masked Bandits","floor":23,"gold_loss":0}],"is_beta":false,"boss_relics":[{"not_picked":["Snecko Eye","Black Star"],"picked":"Inserter"}],"items_purged_floors":[14],"is_endless":false,"potions_floor_spawned":[7,13,16,18,22],"killed_by":"Masked Bandits","ascension_level":0}}