{"host":"hcg1n1zeml53gytb","time":1610239022,"event":{"mods":["BaseMod","Better Third Choice","Colored Powertips","Displayed Cursed Tome","Hermit","Highlight Path","Minty Spire (QoL Compilation)","Quick Restart","Rare Cards Sparkle","Relic Stats","Replay The Spire","StSLib","The Cursed"],"gold_per_floor":[119,44,44,44,64,64,98,109,109,128,144,163,176,196,196,293,293,293],"floor_reached":17,"playtime":630,"items_purged":[],"score":223,"play_id":"5534434f-04c7-4931-b1d1-1fe8e30c5736","local_time":"20210109183702","is_ascension_mode":true,"campfire_choices":[{"data":"Bash","floor":6,"key":"SMITH"},{"floor":15,"key":"REST"}],"circlet_count":0,"master_deck":["Strike_R","Strike_R","Strike_R","Strike_R","Defend_R+1","Defend_R","Defend_R","Defend_R","Bash+1","Clothesline","Demon Form+1","Havoc","Sword Boomerang","ReplayTheSpireMod:LeadingStrike","Carnage","Sentinel","Twin Strike","Uppercut","Barricade+1"],"relics":["Burning Blood","NeowsBlessing","Golden Egg","Fusion Hammer"],"acts_visited":["Exordium","TheCity"],"potions_floor_usage":[13,14],"damage_taken":[{"damage":0,"enemies":"Jaw Worm","floor":1,"turns":1},{"damage":0,"enemies":"2 Louse","floor":5,"turns":1},{"damage":0,"enemies":"Lagavulin","floor":7,"turns":3},{"damage":6,"enemies":"Cultist","floor":8,"turns":3},{"damage":32,"enemies":"Lots of Slimes","floor":10,"turns":5},{"damage":11,"enemies":"Looter","floor":11,"turns":3},{"damage":0,"enemies":"Large Slime","floor":12,"turns":5},{"damage":5,"enemies":"Exordium Wildlife","floor":13,"turns":5},{"damage":12,"enemies":"2 Fungi Beasts","floor":14,"turns":4},{"damage":43,"enemies":"Slime Boss","floor":16,"turns":9}],"seed_played":"-4063745992345186468","potions_obtained":[{"floor":5,"key":"Elixir"},{"floor":7,"key":"Strength Potion"},{"floor":12,"key":"DistilledChaos"},{"floor":13,"key":"AttackPotion"},{"floor":16,"key":"Milkshake"}],"is_trial":false,"path_per_floor":["M","$","?","?","M","R","E","M","T","M","M","M","M","M","R","B",null],"character_chosen":"IRONCLAD","items_purchased":["Demon Form"],"campfire_rested":1,"item_purchase_floors":[2],"current_hp_per_floor":[80,80,64,64,70,70,76,76,76,50,45,51,52,46,70,33,80,80],"gold":293,"neow_bonus":"THREE_ENEMY_KILL","is_daily":false,"chose_seed":false,"campfire_upgraded":1,"win_rate":0.0,"timestamp":1610239022,"path_taken":["M","$","?","?","?","R","E","M","T","M","M","M","M","M","R","BOSS"],"items_purchased_type":["Card"],"build_version":"2020-12-22","purchased_purges":0,"victory":false,"max_hp_per_floor":[80,80,80,80,80,80,80,80,80,80,80,80,80,80,80,80,80,80],"relic_stats":{"counters":[10,39],"obtain_stats":[{"Golden Egg":7,"NeowsBlessing":0,"Fusion Hammer":17,"Burning Blood":0},{"Golden Egg":3,"NeowsBlessing":0,"Fusion Hammer":10,"Burning Blood":0},{"Golden Egg":5,"NeowsBlessing":0,"Fusion Hammer":39,"Burning Blood":0}],"Burning Blood":54},"card_choices":[{"not_picked":["ReplayTheSpireMod:Strike From Hell","Flex"],"picked":"Clothesline","floor":1},{"not_picked":["Headbutt","Reckless Charge"],"picked":"Havoc","floor":5},{"not_picked":["Clash","ReplayTheSpireMod:Corrosion Curse"],"picked":"Sword Boomerang","floor":7},{"not_picked":["Uppercut","Burning Pact"],"picked":"ReplayTheSpireMod:LeadingStrike","floor":8},{"not_picked":["Armaments","ReplayTheSpireMod:Strike From Hell"],"picked":"Carnage","floor":10},{"not_picked":["Flex","Replay:Many Hands","Replay:Undeath\u0027s Touch"],"picked":"SKIP","floor":11},{"not_picked":["Clash","Wild Strike"],"picked":"Sentinel","floor":12},{"not_picked":["Clothesline","Warcry"],"picked":"Twin Strike","floor":13},{"not_picked":["Run Through","Anger"],"picked":"Uppercut","floor":14},{"not_picked":["Fiend Fire","Impervious"],"picked":"Barricade","floor":16}],"player_experience":469145,"relics_obtained":[{"floor":7,"key":"Golden Egg"}],"event_choices":[{"damage_healed":80,"gold_gain":0,"player_choice":"Upgrade","damage_taken":16,"max_hp_gain":0,"max_hp_loss":80,"event_name":"betterThird:BetterShining","floor":3,"gold_loss":0,"cards_upgraded":["Defend_R","Demon Form"]},{"cards_removed":["Strike_R"],"damage_healed":0,"gold_gain":0,"player_choice":"Purged","damage_taken":0,"max_hp_gain":0,"max_hp_loss":0,"event_name":"Purifier","floor":4,"gold_loss":0}],"is_beta":false,"boss_relics":[{"not_picked":["Runic Cube","Astrolabe"],"picked":"Fusion Hammer"}],"items_purged_floors":[],"is_endless":false,"potions_floor_spawned":[5,7,12,13,16],"ascension_level":4}}