{"host":"o0q01dgb4z8zpo6o","time":1610253556,"event":{"mods":["BaseMod","GifTheSpireLib","Minty Spire (QoL Compilation)","Relic Stats","StSLib"],"gold_per_floor":[113,113,113,73,73,73,98,142,165,165,193,193,216,240,240,339,339,362,378,261,276,276,276],"floor_reached":22,"playtime":715,"items_purged":["Strike_R"],"score":340,"play_id":"e805bb52-d777-476a-bc3e-1e7c82242ee7","local_time":"20210109203916","is_ascension_mode":true,"campfire_choices":[{"data":"Carnage","floor":6,"key":"SMITH"},{"data":"Demon Form","floor":10,"key":"SMITH"},{"data":"Havoc","floor":12,"key":"SMITH"},{"data":"True Grit","floor":15,"key":"SMITH"}],"circlet_count":0,"master_deck":["AscendersBane","Strike_R","Strike_R","Strike_R","Strike_R+1","Defend_R","Defend_R","Defend_R","Defend_R","Bash","Demon Form+1","Perfected Strike+1","Carnage+1","Havoc+1","Battle Trance","True Grit+1","Feed","Whirlwind","Shockwave","Reaper"],"relics":["Burning Blood","Happy Flower","Golden Idol","TungstenRod","Whetstone","Odd Mushroom","Snecko Eye"],"acts_visited":["Exordium","TheCity"],"potions_floor_usage":[11],"damage_taken":[{"damage":1,"enemies":"Cultist","floor":1,"turns":3},{"damage":12,"enemies":"Jaw Worm","floor":7,"turns":2},{"damage":35,"enemies":"Lagavulin","floor":8,"turns":7},{"damage":0,"enemies":"The Mushroom Lair","floor":11,"turns":3},{"damage":0,"enemies":"Small Slimes","floor":13,"turns":2},{"damage":5,"enemies":"3 Louse","floor":14,"turns":3},{"damage":21,"enemies":"Hexaghost","floor":16,"turns":8},{"damage":26,"enemies":"Shell Parasite","floor":18,"turns":3},{"damage":14,"enemies":"Spheric Guardian","floor":19,"turns":4},{"damage":17,"enemies":"Centurion and Healer","floor":21,"turns":3},{"damage":30,"enemies":"Sentry and Sphere","floor":22,"turns":3}],"seed_played":"-6435649688507711905","potions_obtained":[{"floor":8,"key":"AttackPotion"},{"floor":13,"key":"GamblersBrew"},{"floor":19,"key":"Swift Potion"}],"is_trial":false,"path_per_floor":["M","?","?","$","?","R","M","E","T","R","?","R","M","M","R","B",null,"M","M","$","M","M"],"character_chosen":"IRONCLAD","items_purchased":["Carnage","Shockwave"],"campfire_rested":0,"item_purchase_floors":[4,20],"current_hp_per_floor":[73,73,55,55,55,55,49,20,20,20,26,26,32,33,33,18,56,36,28,28,17,0,0],"gold":276,"neow_bonus":"ONE_RANDOM_RARE_CARD","is_daily":false,"chose_seed":false,"campfire_upgraded":4,"win_rate":0.0,"timestamp":1610253556,"path_taken":["M","?","?","$","?","R","M","E","T","R","?","R","M","M","R","BOSS","M","M","$","M","M"],"items_purchased_type":["Card","Card"],"build_version":"2020-12-22","purchased_purges":1,"victory":false,"max_hp_per_floor":[75,75,75,75,68,68,68,68,68,68,68,68,68,68,68,68,68,68,68,68,68,71,71],"relic_stats":{"Happy Flower":[12],"counters":[11,41],"Golden Idol":61,"Snecko Eye":[23,23,28,16],"Whetstone":["Perfected Strike","Strike_R"],"obtain_stats":[{"Happy Flower":3,"Golden Idol":5,"Snecko Eye":17,"Whetstone":9,"Odd Mushroom":11,"Burning Blood":0,"TungstenRod":8},{"Happy Flower":1,"Golden Idol":1,"Snecko Eye":7,"Whetstone":3,"Odd Mushroom":4,"Burning Blood":0,"TungstenRod":3},{"Happy Flower":3,"Golden Idol":3,"Snecko Eye":28,"Whetstone":12,"Odd Mushroom":15,"Burning Blood":0,"TungstenRod":12}],"Burning Blood":60,"TungstenRod":20},"card_choices":[{"not_picked":["Anger","Searing Blow"],"picked":"Perfected Strike","floor":1},{"not_picked":["Heavy Blade","Sword Boomerang","Perfected Strike"],"picked":"SKIP","floor":7},{"not_picked":["Wild Strike","Armaments"],"picked":"Havoc","floor":8},{"not_picked":["Feel No Pain","Spot Weakness"],"picked":"Battle Trance","floor":11},{"not_picked":["Clothesline","Iron Wave","Wild Strike"],"picked":"SKIP","floor":13},{"not_picked":["Warcry","Feel No Pain"],"picked":"True Grit","floor":14},{"not_picked":["Berserk","Demon Form"],"picked":"Feed","floor":16},{"not_picked":["Iron Wave","Cleave"],"picked":"Whirlwind","floor":18},{"not_picked":["Flex+1","Bloodletting","Warcry+1"],"picked":"SKIP","floor":19},{"not_picked":["Rupture","Sword Boomerang"],"picked":"Reaper","floor":21}],"player_experience":1096133,"relics_obtained":[{"floor":8,"key":"TungstenRod"},{"floor":9,"key":"Whetstone"},{"floor":11,"key":"Odd Mushroom"}],"event_choices":[{"damage_healed":0,"gold_gain":0,"player_choice":"Leave","damage_taken":0,"max_hp_gain":0,"max_hp_loss":0,"event_name":"The Cleric","floor":2,"gold_loss":0},{"damage_healed":0,"gold_gain":0,"player_choice":"Success","damage_taken":18,"relics_obtained":["Happy Flower"],"max_hp_gain":0,"max_hp_loss":0,"event_name":"Scrap Ooze","floor":3,"gold_loss":0},{"damage_healed":0,"gold_gain":0,"player_choice":"Lose Max HP","damage_taken":0,"relics_obtained":["Golden Idol"],"max_hp_gain":0,"max_hp_loss":7,"event_name":"Golden Idol","floor":5,"gold_loss":0},{"damage_healed":0,"gold_gain":0,"player_choice":"Fought Mushrooms","damage_taken":0,"max_hp_gain":0,"max_hp_loss":0,"event_name":"Mushrooms","floor":11,"gold_loss":0}],"is_beta":false,"boss_relics":[{"not_picked":["Fusion Hammer","Velvet Choker"],"picked":"Snecko Eye"}],"items_purged_floors":[20],"is_endless":false,"potions_floor_spawned":[8,13,19,21],"killed_by":"Sentry and Sphere","ascension_level":17}}