{"host":"mydft8i2zzydgggw","time":1610294984,"event":{"mods":["AchievementEnabler","BaseMod","BetterRewards","Colored Map","Colored Powertips","DeckTracker","Keyboard Shortcuts","Minty Spire (QoL Compilation)","Quick Restart","Rare Cards Sparkle","StSLib","SuperFastMode","The Poker Player","everything is the same but u backflip on backflip"],"gold_per_floor":[111,36,61,61,76,76,89,89,112,112,133,133,144,169,169,267,267,282,282,282,107,107,107,123,123,123,143,18,29,29,59,59,157,157,167,167,217,67,84,84,84],"floor_reached":40,"playtime":824,"items_purged":["Strike_P","Strike_P","Defend_P","Defend_P"],"score":565,"play_id":"9658075e-4426-4311-87db-775849e838ed","local_time":"20210111010944","is_ascension_mode":true,"campfire_choices":[{"data":"Eruption","floor":6.0,"key":"SMITH"},{"data":"Vigilance","floor":8.0,"key":"SMITH"},{"floor":10.0,"key":"REST"},{"data":"FlurryOfBlows","floor":15.0,"key":"SMITH"},{"data":"TalkToTheHand","floor":23.0,"key":"SMITH"},{"data":"Scrawl","floor":25.0,"key":"SMITH"},{"floor":32.0,"key":"REST"}],"circlet_count":0,"master_deck":["Strike_P+1","Eruption+1","Vigilance+1","FlurryOfBlows+1","Scrawl+1","TalkToTheHand+1","DeusExMachina","CurseOfTheBell","FollowUp+1"],"relics":["SlaversCollar","Bronze Scales","Regal Pillow","Odd Mushroom","MealTicket","Empty Cage","Enchiridion","Nloth\u0027s Gift","Eternal Feather","Happy Flower","Calling Bell","Blood Vial","Singing Bowl","Ginger","Unceasing Top"],"acts_visited":["Exordium","TheCity","TheBeyond"],"potions_floor_usage":[35],"damage_taken":[{"damage":12.0,"enemies":"Cultist","floor":1.0,"turns":3.0},{"damage":12.0,"enemies":"Jaw Worm","floor":5.0,"turns":3.0},{"damage":0.0,"enemies":"2 Louse","floor":7.0,"turns":3.0},{"damage":21.0,"enemies":"The Mushroom Lair","floor":11.0,"turns":4.0},{"damage":0.0,"enemies":"2 Fungi Beasts","floor":13.0,"turns":3.0},{"damage":0.0,"enemies":"Gremlin Nob","floor":14.0,"turns":2.0},{"damage":25.0,"enemies":"The Guardian","floor":16.0,"turns":7.0},{"damage":0.0,"enemies":"Spheric Guardian","floor":18.0,"turns":2.0},{"damage":15.0,"enemies":"Chosen","floor":24.0,"turns":3.0},{"damage":0.0,"enemies":"Shelled Parasite and Fungi","floor":27.0,"turns":5.0},{"damage":22.0,"enemies":"Sentry and Sphere","floor":29.0,"turns":3.0},{"damage":0.0,"enemies":"Slavers","floor":31.0,"turns":3.0},{"damage":48,"enemies":"Champ","floor":33,"turns":11},{"damage":0,"enemies":"3 Shapes","floor":35,"turns":1},{"damage":13,"enemies":"Mind Bloom Boss Battle","floor":37,"turns":4},{"damage":28,"enemies":"3 Darklings","floor":39,"turns":3},{"damage":88,"enemies":"Reptomancer","floor":40,"turns":3}],"seed_played":"-2182999631758995430","potions_obtained":[{"floor":5.0,"key":"SteroidPotion"},{"floor":7.0,"key":"DistilledChaos"},{"floor":13.0,"key":"GamblersBrew"},{"floor":14.0,"key":"FearPotion"},{"floor":24.0,"key":"Block Potion"},{"floor":29.0,"key":"LiquidMemories"},{"floor":33,"key":"SkillPotion"},{"floor":39,"key":"Strength Potion"}],"is_trial":false,"path_per_floor":["M","$","T","?","M","R","M","R","T","R","?","?","M","E","R","B",null,"M","?","?","$","?","R","M","R","T","M","$","M","?","E","R","B",null,"M","?","?","$","M","E"],"character_chosen":"WATCHER","items_purchased":["TalkToTheHand"],"campfire_rested":2,"item_purchase_floors":[21],"current_hp_per_floor":[60,60,60,58,46,46,46,46,46,82,61,61,61,61,61,36,82,82,66,50,65,65,65,50,50,50,50,65,43,43,43,87,39,87,89,89,78,91,63,0,0],"gold":84,"neow_bonus":"BOSS_RELIC","is_daily":false,"chose_seed":false,"campfire_upgraded":5,"win_rate":0.0,"timestamp":1610294984,"path_taken":["M","$","?","?","M","R","?","R","T","R","?","?","M","E","R","BOSS","M","?","?","$","?","R","M","R","T","?","$","M","?","E","R","BOSS","M","?","?","$","M","E"],"items_purchased_type":["Card"],"build_version":"2020-12-22","purchased_purges":4,"victory":false,"max_hp_per_floor":[72,72,72,82,82,82,82,82,82,82,82,82,82,82,82,82,82,82,82,87,87,87,87,87,87,87,87,87,87,87,87,87,87,87,89,89,91,91,91,91,91],"card_choices":[{"not_picked":["Halt","Worship","FlurryOfBlows"],"picked":"SKIP","floor":1.0},{"not_picked":["Meditate","WaveOfTheHand","BowlingBash"],"picked":"SKIP","floor":5.0},{"not_picked":["ClearTheMind","CutThroughFate","ThirdEye"],"picked":"SKIP","floor":7.0},{"not_picked":["Consecrate","Evaluate","Meditate"],"picked":"SKIP","floor":13.0},{"not_picked":["Pray","Alpha"],"picked":"FlurryOfBlows","floor":14.0},{"not_picked":["Ragnarok","ConjureBlade"],"picked":"Scrawl","floor":16.0},{"not_picked":["EmptyBody","PathToVictory","Evaluate+1"],"picked":"SKIP","floor":18.0},{"not_picked":["Protect+1","EmptyBody+1","Crescendo"],"picked":"SKIP","floor":24.0},{"not_picked":["Indignation","EmptyFist","Wireheading"],"picked":"SKIP","floor":27.0},{"not_picked":["SashWhip","BowlingBash","PathToVictory"],"picked":"SKIP","floor":29.0},{"not_picked":["Vault","Halt","CrushJoints"],"picked":"SKIP","floor":31.0},{"not_picked":["MasterReality","Judgement"],"picked":"DeusExMachina","floor":33},{"not_picked":["Halt+1","Study","Wireheading"],"picked":"Singing Bowl","floor":35},{"not_picked":["EmptyBody","WaveOfTheHand+1","Wireheading"],"picked":"Singing Bowl","floor":37},{"not_picked":["Weave+1","LikeWater"],"picked":"FollowUp+1","floor":39}],"player_experience":167803,"relics_obtained":[{"floor":3.0,"key":"Bronze Scales"},{"floor":9.0,"key":"Regal Pillow"},{"floor":11.0,"key":"Odd Mushroom"},{"floor":14.0,"key":"MealTicket"},{"floor":19.0,"key":"Enchiridion"},{"floor":26.0,"key":"Eternal Feather"},{"floor":31.0,"key":"Happy Flower"},{"floor":34,"key":"Blood Vial"},{"floor":34,"key":"Singing Bowl"},{"floor":34,"key":"Ginger"},{"floor":37,"key":"Unceasing Top"}],"event_choices":[{"damage_healed":0.0,"max_hp_gain":0.0,"max_hp_loss":0.0,"gold_gain":0.0,"event_name":"Scrap Ooze","player_choice":"Success","floor":4.0,"gold_loss":0.0,"damage_taken":12.0,"relics_obtained":["Pear"]},{"damage_healed":0.0,"max_hp_gain":0.0,"max_hp_loss":0.0,"gold_gain":0.0,"event_name":"Mushrooms","player_choice":"Fought Mushrooms","floor":11.0,"gold_loss":0.0,"damage_taken":0.0},{"damage_healed":0.0,"max_hp_gain":0.0,"max_hp_loss":0.0,"gold_gain":0.0,"event_name":"Upgrade Shrine","player_choice":"Upgraded","floor":12.0,"gold_loss":0.0,"damage_taken":0.0,"cards_upgraded":["Strike_P"]},{"damage_healed":0.0,"max_hp_gain":0.0,"max_hp_loss":0.0,"gold_gain":0.0,"event_name":"Cursed Tome","player_choice":"Obtained Book","floor":19.0,"gold_loss":0.0,"damage_taken":16.0},{"damage_healed":0.0,"max_hp_gain":5.0,"max_hp_loss":0.0,"gold_gain":0.0,"event_name":"Forgotten Altar","player_choice":"Shed Blood","floor":20.0,"gold_loss":0.0,"damage_taken":21.0},{"damage_healed":0.0,"max_hp_gain":0.0,"max_hp_loss":0.0,"gold_gain":0.0,"event_name":"N\u0027loth","player_choice":"Traded Relic","floor":22.0,"relics_lost":["Pear"],"gold_loss":0.0,"damage_taken":0.0,"relics_obtained":["Nloth\u0027s Gift"]},{"damage_healed":0.0,"max_hp_gain":0.0,"max_hp_loss":0.0,"gold_gain":0.0,"cards_transformed":["Strike_P"],"event_name":"Transmorgrifier","player_choice":"Transformed","floor":30.0,"gold_loss":0.0,"damage_taken":0.0,"cards_obtained":["Meditate"]},{"cards_removed":["Meditate"],"damage_healed":0,"gold_gain":0,"player_choice":"Removed Skill","damage_taken":0,"max_hp_gain":0,"max_hp_loss":0,"event_name":"Falling","floor":36,"gold_loss":0},{"damage_healed":0,"gold_gain":0,"player_choice":"Fight","damage_taken":0,"max_hp_gain":0,"max_hp_loss":0,"event_name":"MindBloom","floor":37,"gold_loss":0}],"is_beta":false,"boss_relics":[{"not_picked":["Snecko Eye","Cursed Key"],"picked":"Empty Cage"},{"not_picked":["Pandora\u0027s Box","Tiny House"],"picked":"Calling Bell"}],"items_purged_floors":[2,21,28,38],"is_endless":false,"potions_floor_spawned":[5,7,13,14,24,29,33,39],"killed_by":"Reptomancer","ascension_level":4}}