{"host":"Krakhan","time":1610312756,"event":{"mods":["AchievementEnabler","BaseMod","Colored Map","Colored Powertips","Faster Ascension Climbing","Highlight Path","Minty Spire (QoL Compilation)","Rare Cards Sparkle","Relic Stats","StSLib"],"gold_per_floor":[115,115,40,40,53,80,80,80,105,123,123,152,52,64,64,162,162,179,54,73,84,84,84,84,84],"floor_reached":24,"playtime":557,"items_purged":["Defend_R","Defend_R","Strike_R"],"score":229,"play_id":"11c89f53-7676-4ac7-b863-44578dea398c","local_time":"20210110160556","is_ascension_mode":false,"campfire_choices":[{"data":"Armaments","floor":7,"key":"SMITH"},{"data":"Anger","floor":15,"key":"SMITH"},{"floor":23,"key":"REST"}],"circlet_count":0,"master_deck":["Strike_R","Strike_R","Strike_R","Defend_R+1","Defend_R+1","Bash+1","Anger+1","Armaments+1"],"relics":["Burning Blood","NeowsBlessing","InkBottle","War Paint","Omamori","SacredBark","Happy Flower"],"acts_visited":["Exordium","TheCity"],"potions_floor_usage":[12,12,21],"damage_taken":[{"damage":0,"enemies":"2 Louse","floor":1,"turns":1},{"damage":0,"enemies":"Jaw Worm","floor":5,"turns":1},{"damage":0,"enemies":"3 Sentries","floor":6,"turns":2},{"damage":0,"enemies":"Cultist","floor":10,"turns":2},{"damage":13,"enemies":"Lagavulin","floor":12,"turns":7},{"damage":7,"enemies":"Looter","floor":14,"turns":3},{"damage":46,"enemies":"The Guardian","floor":16,"turns":7},{"damage":41,"enemies":"2 Thieves","floor":18,"turns":4},{"damage":17,"enemies":"Spheric Guardian","floor":20,"turns":4},{"damage":29,"enemies":"Centurion and Healer","floor":21,"turns":6},{"damage":41,"enemies":"Cultist and Chosen","floor":24,"turns":7}],"seed_played":"-564251910880231320","potions_obtained":[{"floor":1,"key":"AttackPotion"},{"floor":6,"key":"Swift Potion"},{"floor":12,"key":"GamblersBrew"},{"floor":18,"key":"FearPotion"},{"floor":20,"key":"BloodPotion"}],"is_trial":false,"path_per_floor":["M","?","$","?","M","E","R","?","T","M","?","E","$","M","R","B",null,"M","$","M","M","?","R","M"],"character_chosen":"IRONCLAD","items_purchased":[],"campfire_rested":1,"item_purchase_floors":[],"current_hp_per_floor":[80,73,73,73,79,80,80,85,85,85,85,78,78,77,77,37,85,50,50,39,16,16,41,0,0],"gold":84,"neow_bonus":"THREE_ENEMY_KILL","is_daily":false,"chose_seed":false,"campfire_upgraded":2,"win_rate":0.0,"timestamp":1610312756,"path_taken":["M","?","$","?","?","E","R","?","T","M","?","E","$","M","R","BOSS","M","$","M","M","?","R","M"],"items_purchased_type":[],"build_version":"2020-12-18","purchased_purges":3,"victory":false,"max_hp_per_floor":[80,80,80,80,80,80,80,85,85,85,85,85,85,85,85,85,85,85,85,85,85,85,85,85,85],"relic_stats":{"Happy Flower":[2],"counters":[11,44],"War Paint":["Defend_R","Defend_R"],"obtain_stats":[{"NeowsBlessing":0,"Happy Flower":22,"SacredBark":17,"Omamori":12,"War Paint":9,"Burning Blood":0,"InkBottle":6},{"NeowsBlessing":0,"Happy Flower":10,"SacredBark":7,"Omamori":5,"War Paint":3,"Burning Blood":0,"InkBottle":3},{"NeowsBlessing":0,"Happy Flower":37,"SacredBark":23,"Omamori":13,"War Paint":4,"Burning Blood":0,"InkBottle":4}],"Burning Blood":43,"InkBottle":[12]},"card_choices":[{"not_picked":["Carnage","Dark Embrace"],"picked":"Anger","floor":1},{"not_picked":["Shrug It Off","Cleave"],"picked":"Armaments","floor":5},{"not_picked":["Brutality","Flex","Berserk"],"picked":"SKIP","floor":6},{"not_picked":["Body Slam","Entrench","True Grit"],"picked":"SKIP","floor":10},{"not_picked":["Limit Break","Intimidate","Headbutt"],"picked":"SKIP","floor":12},{"not_picked":["Perfected Strike","Warcry","Bloodletting"],"picked":"SKIP","floor":14},{"not_picked":["Feel No Pain","Spot Weakness","Armaments"],"picked":"SKIP","floor":18},{"not_picked":["Cleave","Thunderclap","Hemokinesis"],"picked":"SKIP","floor":20},{"not_picked":["Heavy Blade","Iron Wave","Pommel Strike"],"picked":"SKIP","floor":21}],"player_experience":1303074,"relics_obtained":[{"floor":6,"key":"InkBottle"},{"floor":9,"key":"War Paint"},{"floor":12,"key":"Omamori"}],"event_choices":[{"cards_removed":["Strike_R"],"damage_healed":0,"gold_gain":0,"player_choice":"Card Removal","damage_taken":7,"max_hp_gain":0,"max_hp_loss":0,"event_name":"Golden Wing","floor":2,"gold_loss":0},{"damage_healed":0,"gold_gain":0,"player_choice":"Forge","damage_taken":0,"max_hp_gain":0,"max_hp_loss":0,"event_name":"Accursed Blacksmith","floor":4,"gold_loss":0,"cards_upgraded":["Bash"]},{"damage_healed":0,"gold_gain":0,"player_choice":"Donut","damage_taken":0,"max_hp_gain":5,"max_hp_loss":0,"event_name":"Big Fish","floor":8,"gold_loss":0},{"damage_healed":0,"gold_gain":0,"player_choice":"Ignored","damage_taken":0,"max_hp_gain":0,"max_hp_loss":0,"event_name":"Liars Game","floor":11,"gold_loss":0},{"damage_healed":0,"gold_gain":0,"player_choice":"Stole Relic","damage_taken":0,"relics_obtained":["Happy Flower"],"max_hp_gain":0,"max_hp_loss":0,"event_name":"Addict","floor":22,"gold_loss":0,"cards_obtained":["Shame"]}],"is_beta":true,"boss_relics":[{"not_picked":["SlaversCollar","Calling Bell"],"picked":"SacredBark"}],"items_purged_floors":[3,13,19],"is_endless":false,"potions_floor_spawned":[1,6,12,18,20],"killed_by":"Cultist and Chosen","ascension_level":0}}