{"host":"fjaupvxe7fzqrf4j","time":1610282100,"event":{"mods":["ATMod(°¢èªMod)","BaseMod","Minty Spire (QoL Compilation)","StSLib"],"gold_per_floor":[110,127,127,127,127,162,188,220,220,247,275,275,301,329,329,402,402,416,69,69,119,119,154,154,187,269,295,305,335,335,370,370,449,449,463,463,463,215,215,241,276,309,391,420,447,782,570,601,601,601,601,601,601,355,382,382],"floor_reached":57,"playtime":1457,"items_purged":["BowlingBash+1"],"score":4775,"play_id":"832e0311-c4e9-40e0-9282-74aedb1b4c2d","local_time":"20210110203500","daily_mods":["SealedDeck","Heirloom","Time Dilation","Flight","Elite Swarm"],"is_ascension_mode":true,"campfire_choices":[{"data":"Ragnarok","floor":12.0,"key":"SMITH"},{"floor":15.0,"key":"RECALL"},{"data":"Fasting2","floor":24.0,"key":"SMITH"},{"data":"TalkToTheHand","floor":32.0,"key":"SMITH"},{"data":"1","floor":49.0,"key":"LIFT"},{"data":"2","floor":53,"key":"LIFT"}],"circlet_count":0,"master_deck":["AscendersBane","EmptyFist+1","WheelKick+1","Wallop+1","FlurryOfBlows+1","FollowUp+1","ClearTheMind+1","Tantrum+1","Indignation+1","LessonLearned+1","Vault+1","Brilliance+1","Omniscience+1","Ragnarok+1","Omniscience+1","Scrawl+1","Fasting2+1","Necronomicurse","Omniscience+1","TalkToTheHand+1","Omniscience+1","AT_ChampionStep+1","TalkToTheHand+1","DevaForm+1","Omniscience+1"],"relics":["PureWater","AT_ATBox","Turnip","Question Card","Bottled Flame","Blood Vial","Potion Belt","Juzu Bracelet","Pantograph","Ancient Tea Set","Philosopher\u0027s Stone","TeardropLocket","Necronomicon","AT_GoldPhoenixTree","AT_SpeedBoots","Bottled Lightning","Incense Burner","InkBottle","Dream Catcher","Black Star","Happy Flower","Lantern","AT_ChloranthyRing","Darkstone Periapt","AT_LudenTempest","War Paint","Toy Ornithopter","AT_SilvercatRing","Mango","Vajra","Girya","Regal Pillow","Singing Bowl","Old Coin","Membership Card","PreservedInsect","TungstenRod","AT_ArchangelStaff","Frozen Eye","Whetstone","AT_Kusabimaru","AT_BladeRuinedKing"],"acts_visited":["Exordium","TheCity","TheBeyond","TheEnding"],"potions_floor_usage":[56,56,56],"damage_taken":[{"damage":0.0,"enemies":"Cultist","floor":1.0,"turns":2.0},{"damage":0.0,"enemies":"Small Slimes","floor":2.0,"turns":2.0},{"damage":0.0,"enemies":"3 Sentries","floor":6.0,"turns":3.0},{"damage":0.0,"enemies":"Gremlin Nob","floor":7.0,"turns":2.0},{"damage":0.0,"enemies":"3 Sentries","floor":8.0,"turns":3.0},{"damage":0.0,"enemies":"Gremlin Nob","floor":10.0,"turns":3.0},{"damage":0.0,"enemies":"3 Sentries","floor":11.0,"turns":5.0},{"damage":0.0,"enemies":"Lagavulin","floor":13.0,"turns":2.0},{"damage":0.0,"enemies":"Gremlin Nob","floor":14.0,"turns":3.0},{"damage":16.0,"enemies":"The Guardian","floor":16.0,"turns":5.0},{"damage":0.0,"enemies":"Shell Parasite","floor":18.0,"turns":1.0},{"damage":0.0,"enemies":"Gremlin Leader","floor":23.0,"turns":1.0},{"damage":0.0,"enemies":"Book of Stabbing","floor":25.0,"turns":1.0},{"damage":0.0,"enemies":"Slavers","floor":27.0,"turns":1.0},{"damage":0.0,"enemies":"3 Byrds","floor":28.0,"turns":1.0},{"damage":0.0,"enemies":"Book of Stabbing","floor":29.0,"turns":1.0},{"damage":0.0,"enemies":"Slavers","floor":31.0,"turns":2.0},{"damage":0.0,"enemies":"Champ","floor":33.0,"turns":1.0},{"damage":0.0,"enemies":"Orb Walker","floor":35.0,"turns":1.0},{"damage":0.0,"enemies":"Giant Head","floor":40.0,"turns":1.0},{"damage":0.0,"enemies":"Nemesis","floor":41.0,"turns":1.0},{"damage":0.0,"enemies":"Giant Head","floor":42.0,"turns":1.0},{"damage":0.0,"enemies":"Reptomancer","floor":44.0,"turns":1.0},{"damage":0.0,"enemies":"Nemesis","floor":45.0,"turns":1.0},{"damage":0.0,"enemies":"Reptomancer","floor":46.0,"turns":1.0},{"damage":0.0,"enemies":"Nemesis","floor":48.0,"turns":1.0},{"damage":0,"enemies":"Time Eater","floor":50,"turns":1},{"damage":0,"enemies":"Donu and Deca","floor":51,"turns":1},{"damage":0,"enemies":"Shield and Spear","floor":55,"turns":1},{"damage":9,"enemies":"The Heart","floor":56,"turns":4}],"seed_played":"-6603794122290175434","potions_obtained":[{"floor":2.0,"key":"AttackPotion"},{"floor":7.0,"key":"SkillPotion"},{"floor":10.0,"key":"Ancient Potion"},{"floor":13.0,"key":"AttackPotion"},{"floor":16.0,"key":"Regen Potion"},{"floor":23.0,"key":"Swift Potion"},{"floor":29.0,"key":"Weak Potion"},{"floor":35.0,"key":"DistilledChaos"},{"floor":45.0,"key":"DistilledChaos"}],"is_trial":true,"path_per_floor":["M","M","?","?","?","E","E","E","T","E","E","R","E","E","R","B",null,"M","$","?","?","?","E","R","E","T","E","M","E","?","E","R","B",null,"M","?","?","$","?","E","E","E","T","E","E","E","$","E","R","B","B",null,"R","$","E","B",null],"character_chosen":"WATCHER","items_purchased":["TeardropLocket","Fasting2","Happy Flower","Membership Card","DuplicationPotion","AT_ArchangelStaff","Frozen Eye","Whetstone"],"campfire_rested":0,"item_purchase_floors":[19,19,38,47,47,54,54,54],"current_hp_per_floor":[61,61,66,66,66,66,66,66,66,68,70,70,72,73,73,57,69,71,71,71,71,50,52,52,54,54,56,58,60,60,62,62,73,73,73,73,73,73,73,73,73,73,73,87,87,89,89,91,91,91,91,91,91,91,93,93],"gold":382,"neow_bonus":"","is_daily":false,"chose_seed":false,"campfire_upgraded":3,"win_rate":0.0,"timestamp":1610282100,"path_taken":["M","?","?","?","?","E","E","E","T","E","E","R","E","E","R","BOSS","M","$","?","?","?","E","R","E","T","E","M","E","?","E","R","BOSS","M","?","?","$","?","E","E","E","T","E","E","E","$","E","R","BOSS","BOSS","R","$","E","BOSS"],"items_purchased_type":["Relic","Card","Relic","Relic","Potion","Relic","Relic","Relic"],"build_version":"2020-12-22","purchased_purges":1,"victory":true,"max_hp_per_floor":[68,68,73,73,73,73,73,73,73,73,73,73,73,73,73,73,73,73,73,73,73,73,73,73,73,73,73,73,73,73,73,73,73,73,73,73,73,73,73,73,73,73,73,87,87,89,89,91,91,91,91,91,91,91,93,93],"card_choices":[{"not_picked":["Prostrate","SashWhip"],"picked":"Indignation","floor":1.0},{"not_picked":["Sanctity","EmptyBody","Protect"],"picked":"SKIP","floor":2.0},{"not_picked":["Omniscience","ConjureBlade"],"picked":"LessonLearned","floor":6.0},{"not_picked":["AT_MachinaRedman","Omniscience","Alpha"],"picked":"Vault","floor":7.0},{"not_picked":["AT_RealColorLess","Alpha","Devotion"],"picked":"Brilliance","floor":8.0},{"not_picked":["ConjureBlade","AT_MachinaRedman","LessonLearned"],"picked":"Omniscience","floor":10.0},{"not_picked":["Establishment","Brilliance","ConjureBlade"],"picked":"Ragnarok","floor":11.0},{"not_picked":["AT_RealColorLess","Wish","AT_IrregularMenstruation"],"picked":"Omniscience","floor":13.0},{"not_picked":["Vault","Judgement","AT_RealColorLess","LessonLearned"],"picked":"SKIP","floor":14.0},{"not_picked":["MasterReality","LessonLearned","ConjureBlade"],"picked":"Scrawl","floor":16.0},{"not_picked":["Consecrate","Protect","JustLucky","ClearTheMind"],"picked":"SKIP","floor":18.0},{"not_picked":["AT_MachinaRedman","Establishment","Blasphemy","SpiritShield"],"picked":"SKIP","floor":23.0},{"not_picked":["AT_IrregularMenstruation","AT_MachinaRedman","Judgement","SpiritShield"],"picked":"SKIP","floor":25.0},{"not_picked":["Devotion","Ragnarok","DeusExMachina"],"picked":"Omniscience","floor":27.0},{"not_picked":["Crescendo","FollowUp","LikeWater"],"picked":"TalkToTheHand","floor":28.0},{"not_picked":["MasterReality","DeusExMachina","Blasphemy","Establishment"],"picked":"SKIP","floor":29.0},{"not_picked":["LessonLearned","Scrawl","Blasphemy"],"picked":"Omniscience","floor":31.0},{"not_picked":["Wireheading","EmptyFist","InnerPeace+1"],"picked":"AT_ChampionStep","floor":35.0},{"not_picked":["AT_RealColorLess","Vault","DeusExMachina"],"picked":"DevaForm","floor":40.0},{"not_picked":["Scrawl","AT_MachinaRedman","AT_IrregularMenstruation"],"picked":"Omniscience","floor":41.0},{"not_picked":["DevaForm","Blasphemy","Devotion","LessonLearned"],"picked":"SKIP","floor":42.0},{"not_picked":["DevaForm","Establishment","Alpha","LessonLearned"],"picked":"SKIP","floor":44.0},{"not_picked":["Brilliance","DeusExMachina","Omniscience","ConjureBlade"],"picked":"SKIP","floor":45.0},{"not_picked":["Alpha","DevaForm","ConjureBlade","Judgement"],"picked":"Singing Bowl","floor":46.0},{"not_picked":["Ragnarok","MasterReality","Establishment","Devotion"],"picked":"Singing Bowl","floor":48.0},{"not_picked":["Ragnarok","ConjureBlade","Judgement","Wish"],"picked":"Singing Bowl","floor":55}],"player_experience":380868,"relics_obtained":[{"floor":6.0,"key":"Question Card"},{"floor":7.0,"key":"Bottled Flame"},{"floor":8.0,"key":"Blood Vial"},{"floor":10.0,"key":"Potion Belt"},{"floor":11.0,"key":"Juzu Bracelet"},{"floor":13.0,"key":"Pantograph"},{"floor":14.0,"key":"Ancient Tea Set"},{"floor":22.0,"key":"Necronomicon"},{"floor":23.0,"key":"AT_GoldPhoenixTree"},{"floor":25.0,"key":"AT_SpeedBoots"},{"floor":26.0,"key":"Bottled Lightning"},{"floor":27.0,"key":"Incense Burner"},{"floor":29.0,"key":"InkBottle"},{"floor":31.0,"key":"Dream Catcher"},{"floor":40.0,"key":"Lantern"},{"floor":40.0,"key":"AT_ChloranthyRing"},{"floor":41.0,"key":"Darkstone Periapt"},{"floor":41.0,"key":"AT_LudenTempest"},{"floor":42.0,"key":"War Paint"},{"floor":42.0,"key":"Toy Ornithopter"},{"floor":43.0,"key":"AT_SilvercatRing"},{"floor":44.0,"key":"Mango"},{"floor":44.0,"key":"Vajra"},{"floor":45.0,"key":"Girya"},{"floor":45.0,"key":"Regal Pillow"},{"floor":46.0,"key":"Singing Bowl"},{"floor":46.0,"key":"Old Coin"},{"floor":48.0,"key":"PreservedInsect"},{"floor":48.0,"key":"TungstenRod"},{"floor":55,"key":"AT_Kusabimaru"},{"floor":55,"key":"AT_BladeRuinedKing"}],"event_choices":[{"damage_healed":0.0,"max_hp_gain":5.0,"max_hp_loss":0.0,"gold_gain":0.0,"event_name":"Big Fish","player_choice":"Donut","floor":3.0,"gold_loss":0.0,"damage_taken":0.0},{"damage_healed":0.0,"max_hp_gain":0.0,"max_hp_loss":0.0,"gold_gain":0.0,"event_name":"The Cleric","player_choice":"Leave","floor":4.0,"gold_loss":0.0,"damage_taken":0.0},{"damage_healed":0.0,"max_hp_gain":0.0,"max_hp_loss":0.0,"gold_gain":0.0,"event_name":"Match and Keep!","player_choice":"0 cards matched","floor":5.0,"gold_loss":0.0,"damage_taken":0.0,"cards_obtained":[]},{"damage_healed":0.0,"max_hp_gain":0.0,"max_hp_loss":0.0,"gold_gain":0.0,"event_name":"Vampires","player_choice":"Ignored","floor":20.0,"gold_loss":0.0,"damage_taken":0.0},{"damage_healed":0.0,"max_hp_gain":0.0,"max_hp_loss":0.0,"gold_gain":50.0,"event_name":"Nest","player_choice":"Stole From Cult","floor":21.0,"gold_loss":0.0,"damage_taken":0.0},{"damage_healed":0.0,"max_hp_gain":0.0,"max_hp_loss":0.0,"gold_gain":0.0,"event_name":"Cursed Tome","player_choice":"Obtained Book","floor":22.0,"gold_loss":0.0,"damage_taken":21.0},{"cards_removed":["Conclude"],"damage_healed":0.0,"max_hp_gain":0.0,"max_hp_loss":0.0,"gold_gain":0.0,"event_name":"Back to Basics","player_choice":"Elegance","floor":30.0,"gold_loss":0.0,"damage_taken":0.0},{"damage_healed":0.0,"max_hp_gain":0.0,"max_hp_loss":0.0,"gold_gain":0.0,"event_name":"Duplicator","player_choice":"Copied","floor":36.0,"gold_loss":0.0,"damage_taken":0.0,"cards_obtained":["TalkToTheHand"]},{"cards_removed":["ClearTheMind"],"damage_healed":0.0,"max_hp_gain":0.0,"max_hp_loss":0.0,"gold_gain":0.0,"event_name":"Falling","player_choice":"Removed Skill","floor":37.0,"gold_loss":0.0,"damage_taken":0.0},{"damage_healed":0.0,"max_hp_gain":0.0,"max_hp_loss":0.0,"gold_gain":0.0,"event_name":"Tomb of Lord Red Mask","player_choice":"Ignored","floor":39.0,"gold_loss":0.0,"damage_taken":0.0}],"is_beta":false,"boss_relics":[{"not_picked":["Sozu","Snecko Eye"],"picked":"Philosopher\u0027s Stone"},{"not_picked":["HolyWater","Runic Dome"],"picked":"Black Star"}],"items_purged_floors":[38],"is_endless":false,"potions_floor_spawned":[2,7,8,10,13,16,23,25,29,33,35,42,45],"ascension_level":20}}