{"host":"3y2rtlgteqp2nuo3","time":1610243692,"event":{"mods":["2.2 Compatiblity","AchievementEnabler","BaseMod","Colored Map","DeckTracker","Highlight Path","Keyboard Shortcuts","Minty Spire (QoL Compilation)","Permanent Neow","Quick Restart","StSLib","SuperFastMode","everything is the same but u backflip on backflip"],"gold_per_floor":[119,133,145,145,158,188,188,204,204,237,254,254,288,306,306,402,402,416,54,65,65,75,103,103,202,202,202,234,134,9,23,23,124,124,134,145,161,10,310,310,322,336,336,336,41,58,69,82,82,82],"floor_reached":51,"playtime":1868,"items_purged":["Strike_G","Strike_G","Strike_G","Defend_G"],"score":910,"play_id":"4c3914f9-920d-45d3-a8c6-537fc3115e1b","local_time":"20210110105452","is_ascension_mode":true,"campfire_choices":[{"data":"Leg Sweep","floor":7.0,"key":"SMITH"},{"floor":12.0,"key":"REST"},{"data":"Deadly Poison","floor":15.0,"key":"SMITH"},{"floor":27.0,"key":"REST"},{"data":"Well Laid Plans","floor":32.0,"key":"SMITH"},{"data":"Wraith Form v2","floor":40.0,"key":"SMITH"},{"floor":44.0,"key":"REST"},{"floor":49,"key":"REST"}],"circlet_count":0,"master_deck":["Defend_G","Defend_G","Defend_G","Defend_G","Survivor","Neutralize","Corpse Explosion","Backflip","Crippling Poison","Heel Hook","Leg Sweep+1","Heel Hook","Dagger Throw","Poisoned Stab","Escape Plan","Deadly Poison+1","Wraith Form v2+1","Well Laid Plans+1","Escape Plan+1","Dagger Spray","Malaise","Acrobatics","Venomology","Dodge and Roll+1","Crippling Poison+1","Tactician","Calculated Gamble+1","Adrenaline","PiercingWail+1","Reflex+1"],"relics":["Ring of the Snake","PreservedInsect","Bag of Marbles","Anchor","Shuriken","Centennial Puzzle","Cursed Key","Lizard Tail","Blue Candle","Red Mask","SlaversCollar","TwistedFunnel","Orrery"],"acts_visited":["Exordium","TheCity","TheBeyond"],"potions_floor_usage":[50],"damage_taken":[{"damage":0.0,"enemies":"Small Slimes","floor":1.0,"turns":4.0},{"damage":0.0,"enemies":"2 Louse","floor":2.0,"turns":2.0},{"damage":0.0,"enemies":"Cultist","floor":3.0,"turns":4.0},{"damage":4.0,"enemies":"Blue Slaver","floor":5.0,"turns":6.0},{"damage":15.0,"enemies":"Gremlin Nob","floor":6.0,"turns":4.0},{"damage":3.0,"enemies":"Gremlin Gang","floor":8.0,"turns":4.0},{"damage":11.0,"enemies":"Lagavulin","floor":10.0,"turns":7.0},{"damage":0.0,"enemies":"3 Louse","floor":11.0,"turns":2.0},{"damage":6.0,"enemies":"Gremlin Nob","floor":13.0,"turns":3.0},{"damage":0.0,"enemies":"Lots of Slimes","floor":14.0,"turns":2.0},{"damage":17.0,"enemies":"The Guardian","floor":16.0,"turns":8.0},{"damage":9.0,"enemies":"Shell Parasite","floor":18.0,"turns":5.0},{"damage":0.0,"enemies":"Spheric Guardian","floor":20.0,"turns":3.0},{"damage":8.0,"enemies":"Chosen and Byrds","floor":22.0,"turns":8.0},{"damage":6.0,"enemies":"Slavers","floor":23.0,"turns":2.0},{"damage":2.0,"enemies":"Masked Bandits","floor":28.0,"turns":2.0},{"damage":0.0,"enemies":"Snake Plant","floor":31.0,"turns":7.0},{"damage":13.0,"enemies":"Champ","floor":33.0,"turns":11.0},{"damage":0.0,"enemies":"3 Shapes","floor":35.0,"turns":4.0},{"damage":8.0,"enemies":"Orb Walker","floor":36.0,"turns":5.0},{"damage":16.0,"enemies":"Jaw Worm Horde","floor":37.0,"turns":3.0},{"damage":12.0,"enemies":"Maw","floor":41.0,"turns":9.0},{"damage":8.0,"enemies":"3 Darklings","floor":42.0,"turns":3.0},{"damage":11,"enemies":"Spire Growth","floor":46,"turns":6},{"damage":0,"enemies":"4 Shapes","floor":47,"turns":2},{"damage":0,"enemies":"Jaw Worm Horde","floor":48,"turns":3},{"damage":50,"enemies":"Donu and Deca","floor":50,"turns":7}],"seed_played":"-1314781579092754265","potions_obtained":[{"floor":2.0,"key":"Energy Potion"},{"floor":5.0,"key":"Strength Potion"},{"floor":10.0,"key":"AttackPotion"},{"floor":16.0,"key":"SpeedPotion"},{"floor":22.0,"key":"FearPotion"},{"floor":31.0,"key":"Swift Potion"},{"floor":41.0,"key":"LiquidMemories"},{"floor":48,"key":"Regen Potion"}],"is_trial":false,"path_per_floor":["M","M","M","?","M","E","R","M","T","E","M","R","E","M","R","B",null,"M","$","M","?","M","E","?","?","T","R","?","$","$","M","R","B",null,"M","M","M","$","?","R","M","M","T","R","$","M","M","M","R","B",null],"character_chosen":"THE_SILENT","items_purchased":["Lizard Tail","TwistedFunnel","Orrery"],"campfire_rested":4,"item_purchase_floors":[19,38,45],"current_hp_per_floor":[70,70,70,58,54,39,39,36,36,25,25,46,40,40,40,23,58,49,49,49,49,41,35,35,35,35,56,54,54,54,54,54,41,63,63,64,48,48,48,48,36,28,28,49,49,38,38,38,59,24],"gold":82,"neow_bonus":"ONE_RANDOM_RARE_CARD","is_daily":false,"chose_seed":false,"campfire_upgraded":4,"win_rate":0.0,"timestamp":1610243692,"path_taken":["M","M","M","?","M","E","R","M","T","E","M","R","E","M","R","BOSS","M","$","M","?","M","E","?","?","T","R","?","?","$","M","R","BOSS","M","M","?","$","?","R","M","M","T","R","$","M","M","M","R","BOSS"],"items_purchased_type":["Relic","Relic","Relic"],"build_version":"2020-12-22","purchased_purges":4,"victory":true,"max_hp_per_floor":[70,70,70,70,70,70,70,70,70,70,70,70,70,70,70,70,70,70,70,70,70,70,70,70,70,70,70,70,70,70,70,70,70,70,70,70,70,70,70,70,70,70,70,70,70,70,70,70,70,70],"card_choices":[{"not_picked":["Outmaneuver","Heel Hook"],"picked":"Backflip","floor":1.0},{"not_picked":["Outmaneuver","Quick Slash"],"picked":"Crippling Poison","floor":2.0},{"not_picked":["Dash","Quick Slash"],"picked":"Heel Hook","floor":3.0},{"not_picked":["Slice","Deflect"],"picked":"Leg Sweep","floor":5.0},{"not_picked":["A Thousand Cuts","Backflip"],"picked":"Heel Hook","floor":6.0},{"not_picked":["Skewer","Setup"],"picked":"Dagger Throw","floor":8.0},{"not_picked":["Dodge and Roll","Masterful Stab"],"picked":"Poisoned Stab","floor":10.0},{"not_picked":["Finisher","Tactician","Endless Agony"],"picked":"SKIP","floor":11.0},{"not_picked":["Dagger Throw","Quick Slash"],"picked":"Escape Plan","floor":13.0},{"not_picked":["Blade Dance","Poisoned Stab"],"picked":"Deadly Poison","floor":14.0},{"not_picked":["Glass Knife","Venomology"],"picked":"Wraith Form v2","floor":16.0},{"not_picked":["Riddle With Holes+1","Distraction"],"picked":"Well Laid Plans","floor":18.0},{"not_picked":["Outmaneuver","Flying Knee"],"picked":"Escape Plan+1","floor":20.0},{"not_picked":["Heel Hook","Dash+1","Cloak And Dagger"],"picked":"SKIP","floor":22.0},{"not_picked":["Sucker Punch+1","Heel Hook","Acrobatics"],"picked":"SKIP","floor":23.0},{"not_picked":["Sucker Punch+1","Heel Hook"],"picked":"Acrobatics","floor":23.0},{"not_picked":["Dagger Throw","Crippling Poison","Well Laid Plans"],"picked":"SKIP","floor":31.0},{"not_picked":["Glass Knife","Night Terror"],"picked":"Venomology","floor":33.0},{"not_picked":["Slice","Quick Slash","Dagger Throw+1"],"picked":"SKIP","floor":35.0},{"not_picked":["Concentrate","Dagger Throw+1","Heel Hook"],"picked":"SKIP","floor":36.0},{"not_picked":["Cloak And Dagger","Accuracy+1"],"picked":"Dodge and Roll+1","floor":37.0},{"not_picked":["Terror+1","Cloak And Dagger"],"picked":"Crippling Poison+1","floor":41.0},{"not_picked":["Sucker Punch","Dagger Throw+1","Deadly Poison"],"picked":"SKIP","floor":42.0},{"not_picked":["Flying Knee","Reflex+1"],"picked":"Tactician","floor":45},{"not_picked":["Deadly Poison+1","Outmaneuver"],"picked":"Calculated Gamble+1","floor":45},{"not_picked":["Poisoned Stab+1","Quick Slash+1"],"picked":"Adrenaline","floor":45},{"not_picked":["Blur","Backflip"],"picked":"PiercingWail+1","floor":45},{"not_picked":["Caltrops+1","Backflip+1","Well Laid Plans+1"],"picked":"SKIP","floor":46},{"not_picked":["Outmaneuver+1","Backflip"],"picked":"Reflex+1","floor":47},{"not_picked":["Caltrops+1","Finisher","Dash"],"picked":"SKIP","floor":48}],"player_experience":662402,"relics_obtained":[{"floor":6.0,"key":"Bag of Marbles"},{"floor":9.0,"key":"Anchor"},{"floor":10.0,"key":"Shuriken"},{"floor":13.0,"key":"Centennial Puzzle"},{"floor":23.0,"key":"Blue Candle"},{"floor":28.0,"key":"Red Mask"}],"event_choices":[{"damage_healed":0.0,"max_hp_gain":0.0,"max_hp_loss":0.0,"gold_gain":0.0,"event_name":"Scrap Ooze","player_choice":"Success","floor":4.0,"gold_loss":0.0,"damage_taken":12.0,"relics_obtained":["PreservedInsect"]},{"damage_healed":0.0,"max_hp_gain":0.0,"max_hp_loss":0.0,"gold_gain":0.0,"cards_transformed":["Strike_G","Strike_G"],"event_name":"Drug Dealer","player_choice":"Became Test Subject","floor":21.0,"gold_loss":0.0,"damage_taken":0.0,"cards_obtained":["Dagger Spray","Malaise"]},{"damage_healed":0.0,"max_hp_gain":0.0,"max_hp_loss":0.0,"gold_gain":0.0,"event_name":"Ghosts","player_choice":"Ignored","floor":24.0,"gold_loss":0.0,"damage_taken":0.0},{"damage_healed":0.0,"max_hp_gain":0.0,"max_hp_loss":0.0,"gold_gain":99.0,"event_name":"Nest","player_choice":"Stole From Cult","floor":25.0,"gold_loss":0.0,"damage_taken":0.0},{"damage_healed":0.0,"max_hp_gain":0.0,"max_hp_loss":0.0,"gold_gain":0.0,"event_name":"Masked Bandits","player_choice":"Fought Bandits","floor":28.0,"gold_loss":0.0,"damage_taken":0.0},{"damage_healed":0.0,"max_hp_gain":0.0,"max_hp_loss":0.0,"gold_gain":300.0,"event_name":"Wheel of Change","player_choice":"Gold","floor":39.0,"gold_loss":0.0,"damage_taken":0.0}],"is_beta":false,"boss_relics":[{"not_picked":["Coffee Dripper","Snecko Eye"],"picked":"Cursed Key"},{"not_picked":["Busted Crown","Pandora\u0027s Box"],"picked":"SlaversCollar"}],"items_purged_floors":[19,29,30,45],"is_endless":false,"potions_floor_spawned":[2,5,10,14,16,22,31,41,48],"ascension_level":5}}