{"host":"qgru5siit3fz0wh9","time":1610296992,"event":{"mods":["AchievementEnabler","BaseMod","Highlight Path","Minty Spire (QoL Compilation)"],"gold_per_floor":[112,41,316,334,190,190,216,216,243,243,243,270,280,19,19,114,114,129,129,129],"floor_reached":19,"playtime":877,"items_purged":["Regret"],"score":218,"play_id":"de176847-bfdd-4335-9511-38676412c245","local_time":"20210110174312","is_ascension_mode":true,"campfire_choices":[{"data":"Eruption","floor":6,"key":"SMITH"},{"data":"Study","floor":8,"key":"SMITH"},{"data":"Vigilance","floor":11,"key":"SMITH"},{"data":"TalkToTheHand","floor":15,"key":"SMITH"}],"circlet_count":0,"master_deck":["Eruption+1","Vigilance+1","Perseverance+1","Study+1","BowlingBash","ReachHeaven","Vengeance","TalkToTheHand+1","Blasphemy","Blasphemy","DeceiveReality","WaveOfTheHand","Collect","ReachHeaven","CutThroughFate","CutThroughFate","JustLucky","EmptyBody+1"],"relics":["PureWater","NeowsBlessing","Bottled Flame","PreservedInsect","Blood Vial","Shuriken","Pandora\u0027s Box"],"acts_visited":["Exordium","TheCity"],"potions_floor_usage":[18],"damage_taken":[{"damage":0,"enemies":"2 Louse","floor":1,"turns":1},{"damage":2,"enemies":"Cultist","floor":4,"turns":2},{"damage":0,"enemies":"Gremlin Nob","floor":7,"turns":1},{"damage":2,"enemies":"Lagavulin","floor":12,"turns":5},{"damage":0,"enemies":"Jaw Worm","floor":13,"turns":4},{"damage":19,"enemies":"The Guardian","floor":16,"turns":9},{"damage":10,"enemies":"3 Byrds","floor":18,"turns":4},{"damage":99999,"enemies":"Spheric Guardian","floor":19,"turns":3}],"seed_played":"-3808388341824790463","potions_obtained":[{"floor":1,"key":"EssenceOfSteel"},{"floor":12,"key":"GamblersBrew"},{"floor":16,"key":"SkillPotion"}],"is_trial":false,"path_per_floor":["M","$","?","M","$","R","E","R","T","?","R","E","M","$","R","B",null,"M","M"],"character_chosen":"WATCHER","items_purchased":["Study","ReachHeaven","Shuriken"],"campfire_rested":0,"item_purchase_floors":[2,5,14],"current_hp_per_floor":[72,72,72,70,70,70,70,70,70,70,70,68,70,70,70,53,72,62,0,0],"gold":129,"neow_bonus":"THREE_ENEMY_KILL","is_daily":false,"chose_seed":false,"campfire_upgraded":4,"win_rate":0.0,"timestamp":1610296992,"path_taken":["M","$","?","M","?","R","E","R","T","?","R","E","M","$","R","BOSS","M","M"],"items_purchased_type":["Card","Card","Relic"],"build_version":"2020-12-22","purchased_purges":1,"victory":false,"max_hp_per_floor":[72,72,72,72,72,72,72,72,72,72,72,72,72,72,72,72,72,72,72,72],"card_choices":[{"not_picked":["BowlingBash","EmptyBody"],"picked":"Perseverance","floor":1},{"not_picked":["SashWhip","Crescendo"],"picked":"BowlingBash","floor":4},{"not_picked":["JustLucky","BowlingBash","WaveOfTheHand"],"picked":"SKIP","floor":7},{"not_picked":["Crescendo","CrushJoints"],"picked":"Vengeance","floor":12},{"not_picked":["BattleHymn","EmptyFist"],"picked":"TalkToTheHand","floor":13},{"not_picked":["DevaForm","SpiritShield"],"picked":"Blasphemy","floor":16},{"not_picked":["ReachHeaven","ThirdEye"],"picked":"EmptyBody+1","floor":18}],"player_experience":383452,"relics_obtained":[{"floor":7,"key":"Bottled Flame"},{"floor":9,"key":"PreservedInsect"},{"floor":12,"key":"Blood Vial"}],"event_choices":[{"damage_healed":0,"gold_gain":275,"player_choice":"Desecrate","damage_taken":0,"max_hp_gain":0,"max_hp_loss":0,"event_name":"Golden Shrine","floor":3,"gold_loss":0,"cards_obtained":["Regret"]},{"damage_healed":0,"gold_gain":0,"player_choice":"Grow","damage_taken":0,"max_hp_gain":0,"max_hp_loss":0,"event_name":"Living Wall","floor":10,"gold_loss":0,"cards_upgraded":["Perseverance"]}],"is_beta":false,"boss_relics":[{"not_picked":["Ectoplasm","SacredBark"],"picked":"Pandora\u0027s Box"}],"items_purged_floors":[5],"is_endless":false,"potions_floor_spawned":[1,12,16],"killed_by":"Spheric Guardian","ascension_level":2}}