{"host":"7po9pgh86bqe2blc","time":1610285070,"event":{"mods":["BaseMod","ChefMod","Colored Map","Colored Powertips","Hermit","Koishi","Minty Spire (QoL Compilation)","StSLib","The Cursed","The Disciple","The Hierophant","The Runesmith"],"gold_per_floor":[111,130,55,55,55,55,55,84,84,116,126,126,143,156,156,253,303,313,127,127,2,2,2,2],"floor_reached":23,"playtime":2061,"items_purged":["Strike_Br","Strike_Br","Strike_Br"],"score":197,"play_id":"1628bd6c-4b73-45a9-9902-9a74d005e927","local_time":"20210110142430","is_ascension_mode":false,"campfire_choices":[{"data":"WindUp","floor":6,"key":"SMITH"},{"data":"WindUp","floor":12,"key":"SMITH"},{"floor":15,"key":"REST"}],"circlet_count":0,"master_deck":["Strike_Br","Defend_Br","Defend_Br","Defend_Br","SecondHand+1","PatternShift","LockedBlood","WindUp+1","Goo","WindUp+1","ExoVibe","LockedBlood+1","LockedTornado+1","Analog","AlternateTimeline","ExoVibe"],"relics":["Chronometer","Mercury?","Gremlin Horn","Cryopreserver","Frozen Egg 2","Kunai","Tiny House"],"acts_visited":["Exordium","TheCity"],"potions_floor_usage":[16,16,16],"damage_taken":[{"damage":5,"enemies":"Jaw Worm","floor":1,"turns":7},{"damage":0,"enemies":"Small Slimes","floor":2,"turns":5},{"damage":38,"enemies":"Lagavulin","floor":8,"turns":8},{"damage":8,"enemies":"Gremlin Nob","floor":10,"turns":3},{"damage":0,"enemies":"Cultist","floor":11,"turns":3},{"damage":13,"enemies":"Exordium Thugs","floor":13,"turns":5},{"damage":0,"enemies":"Large Slime","floor":14,"turns":6},{"damage":6,"enemies":"Slime Boss","floor":16,"turns":14},{"damage":10,"enemies":"Chosen","floor":18,"turns":6},{"damage":47,"enemies":"Slavers","floor":23,"turns":3}],"seed_played":"3881704382867438470","potions_obtained":[{"floor":8,"key":"SneckoOil"},{"floor":11,"key":"LiquidMemories"},{"floor":13,"key":"AttackPotion"},{"floor":14,"key":"Block Potion"},{"floor":17,"key":"Swift Potion"}],"is_trial":false,"path_per_floor":["M","M","$","?","?","R","T","E","T","E","M","R","M","M","R","B",null,"M","$","?","$","?","E"],"character_chosen":"CHRONO_CLASS","items_purchased":["Analog","AlternateTimeline"],"campfire_rested":1,"item_purchase_floors":[19,19],"current_hp_per_floor":[65,65,65,58,58,58,58,26,26,22,26,26,19,27,46,48,70,60,60,47,47,47,0,0],"gold":2,"neow_bonus":"THREE_CARDS","is_daily":false,"chose_seed":false,"campfire_upgraded":2,"win_rate":0.0,"timestamp":1610285070,"path_taken":["M","M","$","?","?","R","?","E","T","E","M","R","M","?","R","BOSS","M","$","?","$","?","E"],"items_purchased_type":["Card","Card"],"build_version":"2020-12-13","purchased_purges":3,"victory":false,"max_hp_per_floor":[65,65,65,65,65,65,65,65,65,65,65,65,65,65,65,65,70,70,70,75,75,75,75,75],"card_choices":[{"not_picked":["BiteCommand","LockedOrichalcum"],"picked":"LockedBlood","floor":0},{"not_picked":["BiteCommand","HandsUpC","Parity"],"picked":"SKIP","floor":1},{"not_picked":["LockedBlood","Engulf"],"picked":"WindUp","floor":2},{"not_picked":["ReapSow","LockedScales"],"picked":"Goo","floor":8},{"not_picked":["CrunchTime","LockedTurtyl+1"],"picked":"WindUp","floor":10},{"not_picked":["LockedMedicine+1","PrimeTime","Facsimile"],"picked":"SKIP","floor":11},{"not_picked":["LockedBell+1","ShortSighted","Echoward"],"picked":"SKIP","floor":13},{"not_picked":["LockedTurtyl+1","Echoward"],"picked":"ExoVibe","floor":14},{"not_picked":["HandsUpB","CrunchTime"],"picked":"LockedBlood+1","floor":17},{"not_picked":["Engulf+1","LockedBlood+1"],"picked":"LockedTornado+1","floor":18}],"player_experience":341068,"relics_obtained":[{"floor":7,"key":"Gremlin Horn"},{"floor":8,"key":"Cryopreserver"},{"floor":9,"key":"Frozen Egg 2"},{"floor":10,"key":"Kunai"}],"event_choices":[{"cards_removed":["Defend_Br"],"damage_healed":0,"gold_gain":0,"player_choice":"Card Removal","damage_taken":7,"max_hp_gain":0,"max_hp_loss":0,"event_name":"Golden Wing","floor":4,"gold_loss":0},{"damage_healed":0,"gold_gain":0,"player_choice":"Shed Blood","damage_taken":18,"max_hp_gain":5,"max_hp_loss":0,"event_name":"Forgotten Altar","floor":20,"gold_loss":0},{"damage_healed":0,"gold_gain":0,"player_choice":"Read","damage_taken":0,"max_hp_gain":0,"max_hp_loss":0,"event_name":"The Library","floor":22,"gold_loss":0,"cards_obtained":["ExoVibe"]}],"is_beta":false,"boss_relics":[{"not_picked":["HangingClock","Fusion Hammer"],"picked":"Tiny House"}],"items_purged_floors":[3,19,21],"is_endless":false,"potions_floor_spawned":[8,11,13,14],"killed_by":"Slavers","ascension_level":0}}