{"host":"avjwtc49fhlk6kym","time":1610244434,"event":{"mods":["AchievementEnabler","BaseMod","Better Match","Better Note","Better Third Choice","Colored Map","Colored Powertips","Displayed Cursed Tome","Highlight Path","Minty Spire (QoL Compilation)","Permanent Neow","Quick Restart","StSLib"],"gold_per_floor":[112,128,13,23,43,43,72,72,148,163,183,183,203,218,218,321,321,336,351,18,35,35,35,76,76,126,153,77,77,0,28,28,134,134,160,83,101,130,130,130,130],"floor_reached":40,"playtime":2073,"items_purged":["Strike_P"],"score":437,"play_id":"5635f9bd-84a8-4b3e-919a-4aca5c0b393b","local_time":"20210109210714","is_ascension_mode":false,"campfire_choices":[{"data":"WheelKick","floor":6.0,"key":"SMITH"},{"floor":12.0,"key":"REST"},{"data":"Establishment","floor":15.0,"key":"SMITH"},{"floor":25.0,"key":"REST"},{"floor":29.0,"key":"REST"},{"floor":32.0,"key":"REST"}],"circlet_count":0,"master_deck":["Strike_P","Defend_P","Defend_P","Defend_P","Eruption","Vigilance","Enlightenment","WheelKick+1","Protect","Wireheading","FollowUp","ReachHeaven","WheelKick","Establishment+1","Protect","PathToVictory","Judgement","WreathOfFlame+1","ForeignInfluence+1","CrushJoints+1","ThirdEye","Apotheosis","Enlightenment","Evaluate","Wallop","Sanctity","Wish","Discovery","Wallop","Devotion","LikeWater+1","Trip","LikeWater"],"relics":["PureWater","Pocketwatch","Toy Ornithopter","Mercury Hourglass","Astrolabe","CeramicFish","MealTicket"],"acts_visited":["Exordium","TheCity","TheBeyond"],"potions_floor_usage":[40],"damage_taken":[{"damage":0.0,"enemies":"2 Louse","floor":1.0,"turns":3.0},{"damage":1.0,"enemies":"Cultist","floor":2.0,"turns":4.0},{"damage":0.0,"enemies":"Jaw Worm","floor":4.0,"turns":1.0},{"damage":9.0,"enemies":"Lots of Slimes","floor":5.0,"turns":4.0},{"damage":23.0,"enemies":"3 Sentries","floor":7.0,"turns":7.0},{"damage":0.0,"enemies":"2 Fungi Beasts","floor":10.0,"turns":1.0},{"damage":0.0,"enemies":"Looter","floor":11.0,"turns":2.0},{"damage":0.0,"enemies":"3 Louse","floor":13.0,"turns":2.0},{"damage":0.0,"enemies":"2 Fungi Beasts","floor":14.0,"turns":2.0},{"damage":36.0,"enemies":"Hexaghost","floor":16.0,"turns":6.0},{"damage":0.0,"enemies":"Spheric Guardian","floor":18.0,"turns":1.0},{"damage":10.0,"enemies":"Chosen","floor":19.0,"turns":3.0},{"damage":32.0,"enemies":"Sentry and Sphere","floor":21.0,"turns":4.0},{"damage":20.0,"enemies":"Gremlin Leader","floor":24.0,"turns":6.0},{"damage":30.0,"enemies":"3 Cultists","floor":27.0,"turns":6.0},{"damage":11.0,"enemies":"Snecko","floor":31.0,"turns":4.0},{"damage":40.0,"enemies":"Champ","floor":33.0,"turns":11.0},{"damage":12.0,"enemies":"3 Shapes","floor":35.0,"turns":4.0},{"damage":33.0,"enemies":"3 Darklings","floor":37.0,"turns":6.0},{"damage":38,"enemies":"Maw","floor":38,"turns":10},{"damage":13,"enemies":"Giant Head","floor":40,"turns":5}],"seed_played":"-6576084155014246155","potions_obtained":[{"floor":2.0,"key":"Weak Potion"},{"floor":4.0,"key":"FairyPotion"},{"floor":5.0,"key":"FearPotion"},{"floor":11.0,"key":"DistilledChaos"},{"floor":19.0,"key":"Strength Potion"},{"floor":21.0,"key":"LiquidBronze"},{"floor":24.0,"key":"SpeedPotion"},{"floor":33.0,"key":"Explosive Potion"},{"floor":35.0,"key":"Strength Potion"},{"floor":38,"key":"Swift Potion"}],"is_trial":false,"path_per_floor":["M","M","$","M","M","R","E","?","T","M","M","R","M","M","R","B",null,"M","M","$","M","?","?","E","R","T","M","$","R","?","M","R","B",null,"M","$","M","M","?","E"],"character_chosen":"WATCHER","items_purchased":["Wireheading","Apotheosis","Enlightenment","Evaluate","Discovery","Trip"],"campfire_rested":4,"item_purchase_floors":[3,20,20,20,28,36],"current_hp_per_floor":[72,71,71,71,62,62,39,39,39,39,39,60,60,60,60,29,72,72,62,62,30,30,30,15,36,36,16,31,52,52,41,62,22,72,63,72,44,6,6,0,0],"gold":130,"neow_bonus":"RANDOM_COLORLESS","is_daily":false,"chose_seed":false,"campfire_upgraded":2,"win_rate":0.0,"timestamp":1610244434,"path_taken":["M","M","$","M","M","R","E","?","T","M","?","R","M","M","R","BOSS","M","M","$","M","?","?","E","R","T","M","$","R","?","M","R","BOSS","M","$","M","M","?","E"],"items_purchased_type":["Card","Card","Card","Card","Card","Card"],"build_version":"2020-12-22","purchased_purges":1,"victory":false,"max_hp_per_floor":[72,72,72,72,72,72,72,72,72,72,72,72,72,72,72,72,72,72,72,72,72,72,72,72,72,72,72,72,72,72,72,72,72,72,72,72,72,72,72,72,72],"card_choices":[{"not_picked":["Finesse","Deep Breath"],"picked":"Enlightenment","floor":0.0},{"not_picked":["Tantrum","Consecrate"],"picked":"WheelKick","floor":1.0},{"not_picked":["Consecrate","JustLucky"],"picked":"Protect","floor":2.0},{"not_picked":["TalkToTheHand","Evaluate"],"picked":"FollowUp","floor":4.0},{"not_picked":["FlyingSleeves","Crescendo"],"picked":"ReachHeaven","floor":5.0},{"not_picked":["EmptyFist","Halt","Crescendo"],"picked":"SKIP","floor":7.0},{"not_picked":["Pray","Halt"],"picked":"WheelKick","floor":10.0},{"not_picked":["FlurryOfBlows","ThirdEye"],"picked":"Establishment","floor":11.0},{"not_picked":["JustLucky","Meditate"],"picked":"Protect","floor":13.0},{"not_picked":["ForeignInfluence","EmptyFist"],"picked":"PathToVictory","floor":14.0},{"not_picked":["Brilliance","SpiritShield"],"picked":"Judgement","floor":16.0},{"not_picked":["FlurryOfBlows","EmptyFist"],"picked":"CrushJoints+1","floor":18.0},{"not_picked":["SignatureMove","Crescendo+1"],"picked":"ThirdEye","floor":19.0},{"not_picked":["FlurryOfBlows+1","Tantrum"],"picked":"Wallop","floor":21.0},{"not_picked":["Conclude+1","EmptyBody"],"picked":"Sanctity","floor":24.0},{"not_picked":["BowlingBash","Crescendo+1"],"picked":"Wish","floor":27.0},{"not_picked":["Consecrate","Protect"],"picked":"Wallop","floor":31.0},{"not_picked":["Brilliance","Judgement"],"picked":"Devotion","floor":33.0},{"not_picked":["BowlingBash+1","Prostrate"],"picked":"LikeWater+1","floor":35.0},{"not_picked":["JustLucky+1","Vengeance","Crescendo"],"picked":"SKIP","floor":37.0},{"not_picked":["InnerPeace","JustLucky"],"picked":"LikeWater","floor":38}],"player_experience":368733,"relics_obtained":[{"floor":7.0,"key":"Pocketwatch"},{"floor":9.0,"key":"Mercury Hourglass"},{"floor":24.0,"key":"CeramicFish"},{"floor":26.0,"key":"MealTicket"}],"event_choices":[{"damage_healed":0.0,"max_hp_gain":0.0,"max_hp_loss":0.0,"gold_gain":0.0,"event_name":"WeMeetAgain","player_choice":"Gave Potion","floor":8.0,"gold_loss":0.0,"damage_taken":0.0,"relics_obtained":["Toy Ornithopter"]},{"cards_removed":["Defend_P"],"damage_healed":0.0,"max_hp_gain":0.0,"max_hp_loss":0.0,"gold_gain":0.0,"event_name":"betterNote:BetterNote","player_choice":"Give","floor":22.0,"gold_loss":0.0,"damage_taken":0.0,"cards_obtained":["Strike_P"]},{"damage_healed":0.0,"max_hp_gain":0.0,"max_hp_loss":0.0,"gold_gain":0.0,"event_name":"Vampires","player_choice":"Ignored","floor":23.0,"gold_loss":0.0,"damage_taken":0.0},{"damage_healed":0.0,"max_hp_gain":0.0,"max_hp_loss":0.0,"gold_gain":0.0,"event_name":"Masked Bandits","player_choice":"Paid Fearfully","floor":30.0,"gold_loss":77.0,"damage_taken":0.0},{"cards_removed":["Adaptation"],"damage_healed":0,"gold_gain":0,"player_choice":"Removed Power","damage_taken":0,"max_hp_gain":0,"max_hp_loss":0,"event_name":"Falling","floor":39,"gold_loss":0}],"is_beta":false,"boss_relics":[{"not_picked":["Velvet Choker","HolyWater"],"picked":"Astrolabe"},{"not_picked":["Coffee Dripper","Runic Dome","Fusion Hammer"]}],"items_purged_floors":[3],"is_endless":false,"potions_floor_spawned":[2,4,5,11,19,21,24,33,35,38],"killed_by":"Giant Head","ascension_level":0}}