{"host":"c6u7e77myxvw4d0m","time":1610264311,"event":{"mods":["AchievementEnabler","BaseMod","Bestiary","Colored Map","Colored Powertips","Minty Spire (QoL Compilation)","Rare Cards Sparkle","Relic Stats","everything is the same but u backflip on backflip"],"gold_per_floor":[115,115,126,126,138,138,138],"floor_reached":6,"playtime":406,"items_purged":[],"score":56,"play_id":"aabd16db-d10f-46ec-a28f-452ca0893001","local_time":"20210110093831","is_ascension_mode":true,"campfire_choices":[],"circlet_count":0,"master_deck":["AscendersBane","Strike_G","Strike_G","Strike_G","Strike_G","Defend_G","Defend_G","Defend_G","Defend_G","Defend_G","Survivor","Neutralize","CurseOfTheBell","Quick Slash","Poisoned Stab","Underhanded Strike"],"relics":["Calling Bell","Snake Skull","Paper Crane","StoneCalendar","MealTicket"],"acts_visited":["Exordium"],"potions_floor_usage":[],"damage_taken":[{"damage":12,"enemies":"Small Slimes","floor":1,"turns":5},{"damage":12,"enemies":"Jaw Worm","floor":3,"turns":7},{"damage":0,"enemies":"Cultist","floor":5,"turns":3},{"damage":20,"enemies":"Lagavulin","floor":6,"turns":3}],"seed_played":"8781865338206003731","potions_obtained":[{"floor":3,"key":"SpeedPotion"}],"is_trial":false,"path_per_floor":["M","?","M","?","M","E"],"character_chosen":"THE_SILENT","items_purchased":[],"campfire_rested":0,"item_purchase_floors":[],"current_hp_per_floor":[51,26,14,14,14,0,0],"gold":138,"neow_bonus":"BOSS_RELIC","is_daily":false,"chose_seed":false,"campfire_upgraded":0,"win_rate":0.0,"timestamp":1610264311,"path_taken":["M","?","M","?","M","E"],"items_purchased_type":[],"build_version":"2020-12-22","purchased_purges":0,"victory":false,"max_hp_per_floor":[70,70,70,70,70,70,70],"relic_stats":{"counters":[4,18],"StoneCalendar":[14],"MealTicket":0,"Snake Skull":[2],"obtain_stats":[{"Calling Bell":0,"StoneCalendar":0,"MealTicket":2,"Snake Skull":0,"Paper Crane":0,"Ring of the Snake":0},{"Calling Bell":0,"StoneCalendar":0,"MealTicket":1,"Snake Skull":0,"Paper Crane":0,"Ring of the Snake":0},{"Calling Bell":0,"StoneCalendar":0,"MealTicket":5,"Snake Skull":0,"Paper Crane":0,"Ring of the Snake":0}]},"card_choices":[{"not_picked":["Distraction","Backflip"],"picked":"Quick Slash","floor":1},{"not_picked":["Cloak And Dagger","Outmaneuver"],"picked":"Poisoned Stab","floor":3},{"not_picked":["Poisoned Stab","Expertise","Blade Dance"],"picked":"SKIP","floor":5}],"player_experience":311753,"relics_obtained":[{"floor":0,"key":"Snake Skull"},{"floor":0,"key":"Paper Crane"},{"floor":0,"key":"StoneCalendar"}],"event_choices":[{"damage_healed":0,"gold_gain":0,"player_choice":"Success","damage_taken":25,"relics_obtained":["MealTicket"],"max_hp_gain":0,"max_hp_loss":0,"event_name":"Scrap Ooze","floor":2,"gold_loss":0},{"damage_healed":0,"gold_gain":0,"cards_transformed":["Strike_G"],"player_choice":"Transformed","damage_taken":0,"max_hp_gain":0,"max_hp_loss":0,"event_name":"Transmorgrifier","floor":4,"gold_loss":0,"cards_obtained":["Underhanded Strike"]}],"is_beta":false,"boss_relics":[],"items_purged_floors":[],"is_endless":false,"potions_floor_spawned":[3],"killed_by":"Lagavulin","ascension_level":11}}