{"host":"me6mz5vfpl3z3a3z","time":1610268070,"event":{"mods":["Act Like it!","Aspiration","BaseMod","CapriCore","Downfall","Friendly Minions","Gensokyo","Koishi","KomeijiMod","Marisa£®ÏF”Í°°ƒß¿Ì…≥£©","Minty Spire (QoL Compilation)","Pale of the Ancients","Reimu£®≤©¿ˆ¡È√Œ£©","Remilia£®¿Ÿ√◊¿Ú—«£©","RumiaBox-¬∂√◊Ê´µƒ…Ò√ÿ∫–◊”","Spicy Shops","StSLib","The Gatherer","The Hierophant","The Immortal","Yuyuko","°æπ¶ƒ‹Mod°øªÏ„Á÷Æª∑–ﬁ∏¥≤π∂°"],"gold_per_floor":[99,99,25,25,25,42,113,131,56,83,83,118,118,118,138,235,235,85,98,110,110,110,121,121,121,121],"floor_reached":25,"playtime":725,"items_purged":[],"score":283,"play_id":"fca27831-7567-4c84-8fce-a7cd87502634","local_time":"20210110164110","is_ascension_mode":true,"campfire_choices":[{"floor":1,"key":"RECALL"},{"data":"MokouMod:FujiyamaVolcano","floor":9,"key":"SMITH"},{"data":"Gathering:ReiMu","floor":11,"key":"SMITH"},{"data":"Apotheosis","floor":18,"key":"SMITH"}],"circlet_count":0,"master_deck":["Strike_Lin:ReiMu","Strike_Lin:ReiMu","Defend_Lin:ReiMu","Defend_Lin:ReiMu","NB:ReiMu","Stagnation:ReiMu","Gathering:ReiMu+1","Crusade:ReiMu","AirStrike:ReiMu","MokouMod:FujiyamaVolcano+1","White Noise","Escape Plan","Masterful Stab","Malaise","hierophant:ThreeLashes","Apotheosis+1","Writhe","TreasureHunter"],"relics":["FlyPower:ReiMu","downfall:HeartsMalice","PrismaticShard","aspiration:SeaSaltIceCream","NeowsBlessing","downfall:HeartBlessingRed","Kunai","HoshigumaDish","Black Star","downfall:HeartBlessingGreen","downfall:HeartBlessingBlue","Gremlin Horn","Frozen Egg 2"],"acts_visited":["Exordium","TheCity"],"potions_floor_usage":[16,23,25],"damage_taken":[{"damage":0,"enemies":"Cultist","floor":2,"turns":1},{"damage":0,"enemies":"downfall:FleeingMerchant","floor":3,"turns":1},{"damage":0,"enemies":"downfall:FleeingMerchant","floor":5,"turns":1},{"damage":0,"enemies":"2 Louse","floor":6,"turns":3},{"damage":0,"enemies":"Jaw Worm","floor":8,"turns":1},{"damage":0,"enemies":"Gremlin Nob","floor":10,"turns":1},{"damage":0,"enemies":"3 Sentries","floor":12,"turns":1},{"damage":13,"enemies":"3 Louse","floor":15,"turns":3},{"damage":24,"enemies":"downfall:Silent","floor":16,"turns":7},{"damage":18,"enemies":"Shell Parasite","floor":19,"turns":6},{"damage":10,"enemies":"Centurion and Healer","floor":20,"turns":7},{"damage":15,"enemies":"Sentry and Sphere","floor":23,"turns":4},{"damage":39,"enemies":"Slavers","floor":25,"turns":2}],"seed_played":"-8521928578423142258","potions_obtained":[{"floor":6,"key":"Energy Potion"},{"floor":8,"key":"ZuzhouPotion:ReiMu"},{"floor":10,"key":"Guardian:BlockOnCardUsePotion"},{"floor":12,"key":"Guardian:BlockOnCardUsePotion"},{"floor":20,"key":"BottledKami:ReiMu"},{"floor":22,"key":"CultistPotion"}],"is_trial":false,"path_per_floor":["R","M","$","?","$","M","T","M","R","E","R","E","T","?","M","B",null,"R","M","M","?","?","M","T","E"],"character_chosen":"REIMU","items_purchased":["PrismaticShard"],"campfire_rested":0,"item_purchase_floors":[3],"current_hp_per_floor":[65,65,65,65,65,65,65,65,65,65,65,65,65,65,52,28,65,75,57,47,47,47,32,32,0,0],"gold":121,"neow_bonus":"THREE_ENEMY_KILL","is_daily":false,"chose_seed":false,"campfire_upgraded":3,"win_rate":0.0,"timestamp":1610268070,"path_taken":["R","M","?","?","$","?","T","M","R","E","R","E","?","?","M","BOSS","R","M","M","?","?","M","T","E"],"items_purchased_type":["Relic"],"build_version":"2020-12-22","purchased_purges":0,"victory":false,"max_hp_per_floor":[65,65,65,65,65,65,65,65,65,65,65,65,65,65,65,65,65,75,75,75,75,75,75,75,75,75],"card_choices":[{"not_picked":["YinYangSange:ReiMu","ManaGlint:ReiMu"],"picked":"Gathering:ReiMu","floor":2},{"not_picked":["Meditation:ReiMu","TakeOff:ReiMu"],"picked":"Crusade:ReiMu","floor":3},{"not_picked":["sneckomod:UnknownCommonSkill","Koishi:Vanish","ThirstForBlood"],"picked":"SKIP","floor":5},{"not_picked":["Compile Driver","Prepared"],"picked":"AirStrike:ReiMu","floor":6},{"not_picked":["sneckomod:UnknownVulnerable","sneckomod:UnknownClassUrban Legend"],"picked":"MokouMod:FujiyamaVolcano","floor":8},{"not_picked":["WitchLeyline","Body Slam","champ:ShieldSlam"],"picked":"SKIP","floor":10},{"not_picked":["Spot Weakness","PulseMagic"],"picked":"White Noise","floor":12},{"not_picked":["Guardian:Planning","Slimebound:LeechEnergy"],"picked":"hierophant:ThreeLashes","floor":15},{"not_picked":["Corruption","champ:CrownThrow"],"picked":"Apotheosis","floor":16},{"not_picked":["BarrageOfMoneybags:ReiMu","CharismaGuard","UnstableMagic"],"picked":"SKIP","floor":19},{"not_picked":["Gensokyo:EverlastingLife+1","hierophant:HolyVerse","Gatherer:BambuSword"],"picked":"SKIP","floor":20},{"not_picked":["Koishi:MassHysteria","Dual Wield+1"],"picked":"TreasureHunter","floor":23}],"player_experience":423683,"relics_obtained":[{"floor":7,"key":"aspiration:SeaSaltIceCream"},{"floor":10,"key":"Kunai"},{"floor":12,"key":"HoshigumaDish"},{"floor":24,"key":"Frozen Egg 2"}],"event_choices":[{"cards_removed":["Strike_Lin:ReiMu"],"damage_healed":0,"gold_gain":0,"player_choice":"Offered Basic","damage_taken":0,"max_hp_gain":0,"max_hp_loss":0,"event_name":"Bonfire Elementals","floor":4,"gold_loss":0}],"is_beta":false,"boss_relics":[{"not_picked":["ShineYinYang:ReiMu","Astrolabe"],"picked":"Black Star"}],"items_purged_floors":[],"is_endless":false,"potions_floor_spawned":[6,8,10,12,20],"killed_by":"Slavers","ascension_level":2}}