{"host":"b995t17pt6d05w8c","time":1610276979,"event":{"mods":["AchievementEnabler","BaseMod","Colored Map","Minty Spire (QoL Compilation)","SuperFastMode"],"gold_per_floor":[112,112,112,137,161,195,189,189,212,237,237,89,89,104,104,228,228,253,277,277,293,316,316,339,339,389,10,33,33,33,58,58,178,178,194,218,218,234,234,234,567,477,477,477,487,503,74,74,74,74],"floor_reached":51,"playtime":1406,"items_purged":["Strike_B","Defend_B"],"score":1162,"play_id":"efaa8e4f-5902-4b02-9001-e23b386547c4","local_time":"20210110200939","is_ascension_mode":true,"campfire_choices":[{"floor":8.0,"key":"REST"},{"data":"Chaos","floor":11.0,"key":"SMITH"},{"data":"Defragment","floor":13.0,"key":"SMITH"},{"data":"Zap","floor":15.0,"key":"SMITH"},{"data":"Heatsinks","floor":23,"key":"SMITH"},{"floor":25,"key":"REST"},{"floor":32,"key":"REST"},{"data":"Chaos","floor":40,"key":"SMITH"},{"data":"Defragment","floor":44,"key":"SMITH"},{"data":"Seek","floor":49,"key":"SMITH"}],"circlet_count":0,"master_deck":["AscendersBane","Defend_B+1","Defend_B+1","Zap+1","Dualcast","Biased Cognition","Chill","Chaos+1","Beam Cell","Rip and Tear","Heatsinks+1","Defragment+1","Glacier","Electrodynamics+1","Defragment+1","Stack","Core Surge","Seek+1","Coolheaded+1","Hologram+1","Skim","Chaos+1","Panacea","Coolheaded+1"],"relics":["Cracked Core","Anchor","Bag of Preparation","Akabeko","Nuclear Battery","Dream Catcher","Runic Capacitor","Gambling Chip","Philosopher\u0027s Stone","The Courier","War Paint","Lizard Tail","Eternal Feather"],"acts_visited":["TheCity","TheBeyond"],"potions_floor_usage":[21,22,50,50],"damage_taken":[{"damage":0.0,"enemies":"2 Louse","floor":1.0,"turns":3.0},{"damage":0.0,"enemies":"Small Slimes","floor":4.0,"turns":4.0},{"damage":0.0,"enemies":"Jaw Worm","floor":5.0,"turns":4.0},{"damage":30.0,"enemies":"Lagavulin","floor":6.0,"turns":6.0},{"damage":1.0,"enemies":"Exordium Thugs","floor":7.0,"turns":4.0},{"damage":5.0,"enemies":"Exordium Wildlife","floor":10.0,"turns":4.0},{"damage":0.0,"enemies":"Looter","floor":14.0,"turns":2.0},{"damage":17.0,"enemies":"The Guardian","floor":16.0,"turns":10.0},{"damage":3.0,"enemies":"Shell Parasite","floor":18.0,"turns":5.0},{"damage":0,"enemies":"Spheric Guardian","floor":19,"turns":3},{"damage":19,"enemies":"Cultist and Chosen","floor":21,"turns":6},{"damage":0,"enemies":"Shelled Parasite and Fungi","floor":22,"turns":2},{"damage":4,"enemies":"Centurion and Healer","floor":24,"turns":7},{"damage":14,"enemies":"Snake Plant","floor":28,"turns":3},{"damage":4,"enemies":"Shelled Parasite and Fungi","floor":31,"turns":4},{"damage":0,"enemies":"Collector","floor":33,"turns":10},{"damage":0,"enemies":"3 Shapes","floor":35,"turns":5},{"damage":0,"enemies":"Orb Walker","floor":36,"turns":4},{"damage":0,"enemies":"Writhing Mass","floor":38,"turns":6},{"damage":0,"enemies":"4 Shapes","floor":45,"turns":4},{"damage":0,"enemies":"3 Darklings","floor":46,"turns":2},{"damage":0,"enemies":"Time Eater","floor":50,"turns":12}],"seed_played":"-1287001562062273191","potions_obtained":[{"floor":5.0,"key":"Swift Potion"},{"floor":6.0,"key":"FearPotion"},{"floor":10.0,"key":"Ancient Potion"},{"floor":16.0,"key":"SkillPotion"},{"floor":21,"key":"Fire Potion"},{"floor":22,"key":"DistilledChaos"}],"is_trial":false,"path_per_floor":["M","?","?","M","M","E","M","R","T","M","R","$","R","M","R","B",null,"M","M","?","M","M","R","M","R","T","$","M","T","?","M","R","B",null,"M","M","?","M","?","R","?","?","T","R","M","M","$","T","R","B",null],"character_chosen":"DEFECT","items_purchased":["Defragment","Runic Capacitor","Core Surge","Seek","War Paint","Lizard Tail"],"campfire_rested":3,"item_purchase_floors":[12,27,27,27,47,47],"current_hp_per_floor":[50,50,43,43,43,13,12,32,32,27,27,27,27,27,27,10,54,51,51,51,32,32,32,28,48,48,48,34,34,34,30,50,50,64,64,64,64,64,54,54,54,54,54,54,54,54,54,54,66,66],"gold":74,"neow_bonus":"THREE_RARE_CARDS","is_daily":false,"chose_seed":false,"campfire_upgraded":7,"win_rate":0.0,"timestamp":1610276979,"path_taken":["M","?","?","M","M","E","M","R","T","M","R","$","R","M","R","BOSS","BOSS","M","M","?","M","M","R","M","R","T","?","M","?","?","M","R","BOSS","M","M","?","?","?","R","?","?","T","R","M","?","$","?","R","BOSS"],"items_purchased_type":["Card","Relic","Card","Card","Relic","Relic"],"build_version":"2020-12-22","purchased_purges":2,"victory":true,"max_hp_per_floor":[75,69,69,69,69,69,69,69,69,69,69,69,69,69,69,69,69,69,69,69,69,69,69,69,69,69,69,69,69,69,69,69,69,69,69,69,69,69,69,69,69,69,69,69,69,69,69,69,69,69],"card_choices":[{"not_picked":["Reboot","Multi-Cast"],"picked":"Biased Cognition","floor":0.0},{"not_picked":["Rebound","Barrage"],"picked":"Chill","floor":1.0},{"not_picked":["Go for the Eyes","Hologram"],"picked":"Chaos","floor":4.0},{"not_picked":["Redo","Conserve Battery"],"picked":"Beam Cell","floor":5.0},{"not_picked":["Steam","Rebound","Reinforced Body"],"picked":"SKIP","floor":6.0},{"not_picked":["Compile Driver","Sweeping Beam"],"picked":"Rip and Tear","floor":7.0},{"not_picked":["Force Field","Barrage"],"picked":"Heatsinks","floor":10.0},{"not_picked":["Hello World","Scrape"],"picked":"Glacier","floor":14.0},{"not_picked":["Biased Cognition","Core Surge"],"picked":"Electrodynamics","floor":16.0},{"not_picked":["Stack","Go for the Eyes","Auto Shields"],"picked":"SKIP","floor":18.0},{"not_picked":["Streamline","Cold Snap","Conserve Battery"],"picked":"SKIP","floor":19},{"not_picked":["Melter","Sweeping Beam"],"picked":"Defragment","floor":21},{"not_picked":["Streamline+1","Blizzard","Cold Snap+1"],"picked":"SKIP","floor":22},{"not_picked":["Stack","Cold Snap","Leap"],"picked":"SKIP","floor":24},{"not_picked":["Cold Snap","Leap"],"picked":"Stack","floor":24},{"not_picked":["Stack","Streamline+1","Meteor Strike"],"picked":"SKIP","floor":28},{"not_picked":["Stack","Sweeping Beam"],"picked":"Coolheaded+1","floor":31},{"not_picked":["FTL","Lockon"],"picked":"Hologram+1","floor":35},{"not_picked":["Cold Snap+1","Leap+1","Consume"],"picked":"SKIP","floor":36},{"not_picked":["Blizzard","Sweeping Beam"],"picked":"Chaos","floor":38},{"not_picked":["Thinking Ahead","Good Instincts"],"picked":"Panacea","floor":39},{"not_picked":["Aggregate","Scrape"],"picked":"Coolheaded+1","floor":45},{"not_picked":["Barrage","Ball Lightning","Cold Snap+1"],"picked":"SKIP","floor":46}],"player_experience":88950,"relics_obtained":[{"floor":6.0,"key":"Bag of Preparation"},{"floor":9.0,"key":"Akabeko"},{"floor":26,"key":"Dream Catcher"},{"floor":29,"key":"Gambling Chip"},{"floor":43,"key":"The Courier"},{"floor":48,"key":"Eternal Feather"}],"event_choices":[{"damage_healed":0.0,"max_hp_gain":0.0,"max_hp_loss":6.0,"gold_gain":0.0,"event_name":"Golden Idol","player_choice":"Lose Max HP","floor":2.0,"gold_loss":0.0,"damage_taken":0.0,"relics_obtained":["Golden Idol"]},{"damage_healed":0.0,"max_hp_gain":0.0,"max_hp_loss":0.0,"gold_gain":0.0,"event_name":"Scrap Ooze","player_choice":"Success","floor":3.0,"gold_loss":0.0,"damage_taken":7.0,"relics_obtained":["Anchor"]},{"cards_removed":["Strike_B"],"damage_healed":0,"gold_gain":0,"player_choice":"Offered Basic","damage_taken":0,"max_hp_gain":0,"max_hp_loss":0,"event_name":"Bonfire Elementals","floor":20,"gold_loss":0},{"cards_removed":["Strike_B"],"damage_healed":0,"gold_gain":0,"player_choice":"Purged","damage_taken":0,"max_hp_gain":0,"max_hp_loss":0,"event_name":"Purifier","floor":30,"gold_loss":0},{"damage_healed":0,"gold_gain":0,"cards_transformed":["Strike_B"],"player_choice":"Transformed","damage_taken":0,"max_hp_gain":0,"max_hp_loss":0,"event_name":"Transmorgrifier","floor":37,"gold_loss":0,"cards_obtained":["Skim"]},{"damage_healed":0,"gold_gain":0,"player_choice":"Memory 3","damage_taken":10,"max_hp_gain":0,"max_hp_loss":0,"event_name":"SensoryStone","floor":39,"gold_loss":0},{"damage_healed":0,"gold_gain":333,"player_choice":"Gave Idol","damage_taken":0,"max_hp_gain":0,"max_hp_loss":0,"event_name":"The Moai Head","floor":41,"relics_lost":["Golden Idol"],"gold_loss":0},{"cards_removed":["Defend_B"],"damage_healed":0,"gold_gain":0,"player_choice":"Upgrade and Remove","damage_taken":0,"max_hp_gain":0,"max_hp_loss":0,"event_name":"Designer","floor":42,"gold_loss":90,"cards_upgraded":["Electrodynamics"]}],"is_beta":false,"boss_relics":[{"not_picked":["Busted Crown","Calling Bell"],"picked":"Nuclear Battery"},{"not_picked":["Coffee Dripper","Snecko Eye"],"picked":"Philosopher\u0027s Stone"}],"items_purged_floors":[12,47],"is_endless":false,"potions_floor_spawned":[5,6,10,16,19,21,22,28,31,36],"ascension_level":11}}