{"host":"28oonkt3kttkab1k","time":1610258181,"event":{"mods":["BaseMod","Marisa£®ÏF”Í°°ƒß¿Ì…≥£©","Minty Spire (QoL Compilation)","Rare Cards Sparkle","Remilia£®¿Ÿ√◊¿Ú—«£©","StSLib","The Administrix","The Servant 0.9.4","Youmu£®ªÍ∆«—˝√Œ£©"],"gold_per_floor":[114,114,132,82,97,130,130,141,187,199,236,267,354,382,394,505,517,549,573,510,522,550,593,621,633,645,684,714,746,784,796,796],"floor_reached":31,"playtime":2498,"items_purged":[],"score":359,"play_id":"eb1af57b-adf6-413f-b844-2486a5122962","local_time":"20210110135621","is_ascension_mode":false,"campfire_choices":[{"floor":7.0,"key":"REST"},{"data":"BestPractice","floor":10.0,"key":"SMITH"},{"floor":15.0,"key":"REST"},{"floor":25,"key":"REST"}],"circlet_count":0,"master_deck":["Strike_S","Strike_S","Strike_S","Defend_S","Defend_S","Defend_S","KidneyShot","Exchange","BestPractice+1","GearUp","TimeWarp","Ricochet","BottledTime","SurpressingFire","Misdirection","FlawlessForm","Read+1","Spin","Starlight","Foresight","Rearm+1","Ricochet+1","Comet+1","InstantArmor+1","DualDimension+1"],"relics":["SplendidAttire","ScarletDevilRocket","Gremlin Horn","MawBank","Tiny Chest","Happy Flower","Pear","Letter Opener","Mercury Hourglass","Girya"],"acts_visited":["Exordium","TheCity"],"potions_floor_usage":[27,27,30,30],"damage_taken":[{"damage":0.0,"enemies":"Cultist","floor":1.0,"turns":4.0},{"damage":0.0,"enemies":"Small Slimes","floor":3.0,"turns":4.0},{"damage":1.0,"enemies":"Jaw Worm","floor":5.0,"turns":5.0},{"damage":41.0,"enemies":"Gremlin Nob","floor":6.0,"turns":6.0},{"damage":6.0,"enemies":"Large Slime","floor":8.0,"turns":5.0},{"damage":9.0,"enemies":"Lagavulin","floor":11.0,"turns":5.0},{"damage":4.0,"enemies":"Red Slaver","floor":12.0,"turns":4.0},{"damage":7.0,"enemies":"Exordium Thugs","floor":14.0,"turns":3.0},{"damage":13.0,"enemies":"The Guardian","floor":16.0,"turns":12.0},{"damage":22.0,"enemies":"2 Thieves","floor":18.0,"turns":4.0},{"damage":11.0,"enemies":"3 Byrds","floor":19.0,"turns":6.0},{"damage":9.0,"enemies":"Centurion and Healer","floor":22.0,"turns":13.0},{"damage":0.0,"enemies":"Book of Stabbing","floor":23.0,"turns":6.0},{"damage":0,"enemies":"Chosen and Byrds","floor":24,"turns":5},{"damage":51,"enemies":"Slavers","floor":27,"turns":5},{"damage":0,"enemies":"Sentry and Sphere","floor":28,"turns":5},{"damage":0,"enemies":"Shelled Parasite and Fungi","floor":29,"turns":6},{"damage":0,"enemies":"Gremlin Leader","floor":30,"turns":5},{"damage":5,"enemies":"Snake Plant","floor":31,"turns":1}],"seed_played":"-380188268788619421","potions_obtained":[{"floor":1.0,"key":"ColorlessPotion"},{"floor":8.0,"key":"ColorlessPotion"},{"floor":12.0,"key":"Energy Potion"},{"floor":14.0,"key":"Ancient Potion"},{"floor":19.0,"key":"Strength Potion"},{"floor":22.0,"key":"Swift Potion"},{"floor":24,"key":"Dexterity Potion"},{"floor":27,"key":"EntropicBrew"}],"is_trial":false,"path_per_floor":["M","?","M","?","M","E","R","M","T","R","E","M","?","M","R","B",null,"M","M","?","T","M","E","M","R","T","E","M","M","E","M"],"character_chosen":"THE_SERVANT","items_purchased":[],"campfire_rested":3,"item_purchase_floors":[],"current_hp_per_floor":[65,58,58,58,57,16,35,29,29,29,20,16,10,3,22,9,65,43,32,32,32,23,33,33,55,55,4,4,4,4,0,0],"gold":796,"neow_bonus":"RANDOM_COMMON_RELIC","is_daily":false,"chose_seed":false,"campfire_upgraded":1,"win_rate":0.0,"timestamp":1610258181,"path_taken":["M","?","M","?","M","E","R","?","T","R","E","M","?","?","R","BOSS","M","M","?","?","M","E","M","R","T","E","?","M","E","M"],"items_purchased_type":[],"build_version":"2020-12-22","purchased_purges":0,"victory":false,"max_hp_per_floor":[65,65,65,65,65,65,65,65,65,65,65,65,65,65,65,65,65,65,65,65,65,65,75,75,75,75,75,75,75,75,75,75],"card_choices":[{"not_picked":["Replace","Unruled"],"picked":"BestPractice","floor":1.0},{"not_picked":["BottledTime","Barrier"],"picked":"GearUp","floor":3.0},{"not_picked":["Rearm","DualDimension"],"picked":"TimeWarp","floor":5.0},{"not_picked":["Sabotage","Desolation"],"picked":"Ricochet","floor":6.0},{"not_picked":["StarChef","Ricochet"],"picked":"BottledTime","floor":8.0},{"not_picked":["Ricochet","Rearm"],"picked":"WasteNot","floor":11.0},{"not_picked":["TimeWarp","Alleviate"],"picked":"SurpressingFire","floor":12.0},{"not_picked":["Potential","Starlight"],"picked":"Misdirection","floor":14.0},{"not_picked":["Dilation","MurderousAura"],"picked":"FlawlessForm","floor":16.0},{"not_picked":["Revamp","DualDimension"],"picked":"Read+1","floor":18.0},{"not_picked":["Unruled","Replace"],"picked":"Spin","floor":19.0},{"not_picked":["TimeWarp","Contraction"],"picked":"Starlight","floor":22.0},{"not_picked":["Replace","Alleviate+1"],"picked":"Foresight","floor":23.0},{"not_picked":["PendulumOfEternity","Replace"],"picked":"Rearm+1","floor":24},{"not_picked":["Unruled","Potential"],"picked":"Ricochet+1","floor":27},{"not_picked":["Defy","Shuttle"],"picked":"Comet+1","floor":28},{"not_picked":["Rearm","Rewind+1"],"picked":"InstantArmor+1","floor":29},{"not_picked":["Potential","Starlight"],"picked":"DualDimension+1","floor":30}],"player_experience":215986,"relics_obtained":[{"floor":6.0,"key":"Gremlin Horn"},{"floor":9.0,"key":"MawBank"},{"floor":11.0,"key":"Tiny Chest"},{"floor":21.0,"key":"Happy Flower"},{"floor":23.0,"key":"Pear"},{"floor":26,"key":"Letter Opener"},{"floor":27,"key":"Mercury Hourglass"},{"floor":30,"key":"Girya"}],"event_choices":[{"cards_removed":["Strike_S"],"damage_healed":0.0,"max_hp_gain":0.0,"max_hp_loss":0.0,"gold_gain":0.0,"event_name":"Golden Wing","player_choice":"Card Removal","floor":2.0,"gold_loss":0.0,"damage_taken":7.0},{"cards_removed":["Defend_S"],"damage_healed":0.0,"max_hp_gain":0.0,"max_hp_loss":0.0,"gold_gain":0.0,"event_name":"The Cleric","player_choice":"Card Removal","floor":4.0,"gold_loss":50.0,"damage_taken":0.0},{"damage_healed":0.0,"max_hp_gain":0.0,"max_hp_loss":0.0,"gold_gain":75.0,"event_name":"FaceTrader","player_choice":"Touch","floor":13.0,"gold_loss":0.0,"damage_taken":6.0},{"cards_removed":["WasteNot"],"damage_healed":0.0,"max_hp_gain":0.0,"max_hp_loss":0.0,"gold_gain":0.0,"event_name":"Beggar","player_choice":"Gave Gold","floor":20.0,"gold_loss":75.0,"damage_taken":0.0}],"is_beta":false,"boss_relics":[{"not_picked":["SacredBark","Coffee Dripper"],"picked":"SplendidAttire"}],"items_purged_floors":[],"is_endless":false,"potions_floor_spawned":[1,8,12,14,19,22,24,27],"killed_by":"Snake Plant","ascension_level":0}}