{"host":"og6lam4kt3nibbw0","time":1610295147,"event":{"mods":["AchievementEnabler","BaseMod","Colored Map","DeckTracker","Highlight Path","Keyboard Shortcuts","Minty Spire (QoL Compilation)","Permanent Neow","Quick Restart","StSLib","SuperFastMode"],"gold_per_floor":[111,128,203,203,220,220,220,49,73,91,91,110,135,158,158,158,158],"floor_reached":16,"playtime":432,"items_purged":[],"score":188,"play_id":"b1ebf758-9cef-4fc4-92e7-76ce41addfa9","local_time":"20210111011227","is_ascension_mode":true,"campfire_choices":[{"data":"Deadly Poison","floor":6,"key":"SMITH"},{"data":"Prepared","floor":11,"key":"SMITH"},{"floor":15,"key":"REST"}],"circlet_count":0,"master_deck":["AscendersBane","Strike_G","Strike_G","Strike_G","Strike_G","Strike_G","Defend_G","Defend_G","Defend_G","Defend_G","Defend_G","Survivor","Neutralize","Deadly Poison+1","Flying Knee","Catalyst","Grand Finale","Reflex","Prepared+1","Caltrops"],"relics":["Ring of the Snake","Lizard Tail","Golden Idol","Centennial Puzzle"],"acts_visited":["Exordium"],"potions_floor_usage":[16],"damage_taken":[{"damage":3,"enemies":"Cultist","floor":1,"turns":4},{"damage":2,"enemies":"Small Slimes","floor":2,"turns":4},{"damage":10,"enemies":"2 Louse","floor":5,"turns":4},{"damage":8,"enemies":"Blue Slaver","floor":10,"turns":4},{"damage":1,"enemies":"Exordium Thugs","floor":12,"turns":4},{"damage":11,"enemies":"2 Fungi Beasts","floor":13,"turns":4},{"damage":3,"enemies":"Blue Slaver","floor":14,"turns":4},{"damage":30,"enemies":"Hexaghost","floor":16,"turns":9}],"seed_played":"-4521614804873677219","potions_obtained":[{"floor":1,"key":"Fire Potion"},{"floor":12,"key":"Weak Potion"},{"floor":14,"key":"Block Potion"}],"is_trial":false,"path_per_floor":["M","M","?","?","M","R","?","$","T","M","R","M","M","M","R","B"],"character_chosen":"THE_SILENT","items_purchased":["Grand Finale","Reflex"],"campfire_rested":1,"item_purchase_floors":[8,8],"current_hp_per_floor":[41,39,28,50,40,40,40,40,40,32,32,31,20,17,35,5,5],"gold":158,"neow_bonus":"ONE_RARE_RELIC","is_daily":false,"chose_seed":false,"campfire_upgraded":2,"win_rate":0.0,"timestamp":1610295147,"path_taken":["M","M","?","?","M","R","?","?","T","M","R","M","M","?","R","BOSS"],"items_purchased_type":["Card","Card"],"build_version":"2020-12-22","purchased_purges":0,"victory":false,"max_hp_per_floor":[66,66,66,66,66,66,60,60,60,60,60,60,60,60,60,60,60],"card_choices":[{"not_picked":["Deflect","Prepared"],"picked":"Deadly Poison","floor":1},{"not_picked":["Sucker Punch","Concentrate"],"picked":"Flying Knee","floor":2},{"not_picked":["PiercingWail","Underhanded Strike"],"picked":"Catalyst","floor":5},{"not_picked":["PiercingWail","Skewer"],"picked":"Prepared","floor":10},{"not_picked":["Sucker Punch","Blur","Reflex"],"picked":"SKIP","floor":12},{"not_picked":["Slice","Underhanded Strike","Blur"],"picked":"SKIP","floor":13},{"not_picked":["Deadly Poison","Terror"],"picked":"Caltrops","floor":14}],"player_experience":843033,"relics_obtained":[{"floor":9,"key":"Centennial Puzzle"}],"event_choices":[{"damage_healed":0,"gold_gain":75,"player_choice":"Gather Gold","damage_taken":11,"max_hp_gain":0,"max_hp_loss":0,"event_name":"World of Goop","floor":3,"gold_loss":0},{"damage_healed":22,"gold_gain":0,"player_choice":"Banana","damage_taken":0,"max_hp_gain":0,"max_hp_loss":0,"event_name":"Big Fish","floor":4,"gold_loss":0},{"damage_healed":0,"gold_gain":0,"player_choice":"Lose Max HP","damage_taken":0,"relics_obtained":["Golden Idol"],"max_hp_gain":0,"max_hp_loss":6,"event_name":"Golden Idol","floor":7,"gold_loss":0}],"is_beta":false,"boss_relics":[],"items_purged_floors":[],"is_endless":false,"potions_floor_spawned":[1,12,13,14],"killed_by":"Hexaghost","ascension_level":20}}