{"host":"sxnl403xm2xmiyj1","time":1610279277,"event":{"mods":["AchievementEnabler","BaseMod","Colored Map","Keyboard Shortcuts","Minty Spire (QoL Compilation)","Quick Restart","StSLib","SuperFastMode"],"gold_per_floor":[111,127,127,52,52,78,88,101,126,126,138,151,151,151,151],"floor_reached":14,"playtime":254,"items_purged":[],"score":179,"play_id":"a176e010-2b89-4cc3-a61a-27bdced8bfc0","local_time":"20210110204757","is_ascension_mode":true,"campfire_choices":[{"data":"Zap","floor":10.0,"key":"SMITH"},{"data":"Go for the Eyes","floor":13,"key":"SMITH"}],"circlet_count":0,"master_deck":["AscendersBane","Strike_B+1","Strike_B","Strike_B","Defend_B","Defend_B","Defend_B","Defend_B+1","Zap+1","Dualcast","Loop","Gash","Seek","Conserve Battery","Rebound","Compile Driver","Go for the Eyes+1"],"relics":["Cracked Core","Strawberry","Blood Vial","Lantern"],"acts_visited":[],"potions_floor_usage":[12],"damage_taken":[{"damage":8.0,"enemies":"2 Louse","floor":1.0,"turns":3.0},{"damage":14.0,"enemies":"Jaw Worm","floor":2.0,"turns":4.0},{"damage":22.0,"enemies":"Lagavulin","floor":6.0,"turns":5.0},{"damage":0.0,"enemies":"Small Slimes","floor":7.0,"turns":3.0},{"damage":1.0,"enemies":"3 Louse","floor":8.0,"turns":4.0},{"damage":1.0,"enemies":"Blue Slaver","floor":11.0,"turns":3.0},{"damage":0,"enemies":"Exordium Wildlife","floor":12,"turns":3},{"damage":4,"enemies":"Gremlin Nob","floor":14,"turns":3}],"seed_played":"2098191828078696261","potions_obtained":[{"floor":1.0,"key":"AttackPotion"},{"floor":6.0,"key":"Block Potion"},{"floor":8.0,"key":"FearPotion"}],"is_trial":false,"path_per_floor":["M","M","?","?","?","E","M","M","T","R","M","M","R","E"],"character_chosen":"DEFECT","items_purchased":[],"campfire_rested":0,"item_purchase_floors":[],"current_hp_per_floor":[63,49,54,54,29,7,9,10,10,10,11,13,13,11,11],"gold":151,"neow_bonus":"RANDOM_COMMON_RELIC","is_daily":false,"chose_seed":false,"campfire_upgraded":2,"win_rate":0.0,"timestamp":1610279277,"path_taken":["M","M","?","?","?","E","M","M","T","R","?","M","R","E"],"items_purchased_type":[],"build_version":"2020-12-22","purchased_purges":0,"victory":false,"max_hp_per_floor":[78,78,83,83,83,83,83,83,83,83,83,83,83,83,83],"card_choices":[{"not_picked":["Conserve Battery","Static Discharge"],"picked":"Loop","floor":1.0},{"not_picked":["Coolheaded","Consume"],"picked":"Gash","floor":2.0},{"not_picked":["Conserve Battery","Skim"],"picked":"Seek","floor":6.0},{"not_picked":["Glacier","Turbo"],"picked":"Conserve Battery","floor":7.0},{"not_picked":["Heatsinks","Chaos"],"picked":"Rebound","floor":8.0},{"not_picked":["Barrage","Rebound"],"picked":"Compile Driver","floor":11.0},{"not_picked":["Blizzard","Lockon"],"picked":"Go for the Eyes","floor":12}],"player_experience":157341,"relics_obtained":[{"floor":6.0,"key":"Blood Vial"},{"floor":9.0,"key":"Lantern"}],"event_choices":[{"damage_healed":0.0,"max_hp_gain":5.0,"max_hp_loss":0.0,"gold_gain":0.0,"event_name":"Big Fish","player_choice":"Donut","floor":3.0,"gold_loss":0.0,"damage_taken":0.0},{"cards_removed":["Strike_B"],"damage_healed":0.0,"max_hp_gain":0.0,"max_hp_loss":0.0,"gold_gain":0.0,"event_name":"The Cleric","player_choice":"Card Removal","floor":4.0,"gold_loss":75.0,"damage_taken":0.0},{"damage_healed":0.0,"max_hp_gain":0.0,"max_hp_loss":0.0,"gold_gain":0.0,"event_name":"Shining Light","player_choice":"Entered Light","floor":5.0,"gold_loss":0.0,"damage_taken":25.0,"cards_upgraded":["Defend_B","Strike_B"]}],"is_beta":false,"boss_relics":[],"items_purged_floors":[],"is_endless":false,"potions_floor_spawned":[1,6,8],"killed_by":"Gremlin Nob","ascension_level":19}}