{"host":"a6pjfiz7lhls3cu7","time":1610260207,"event":{"mods":["AchievementEnabler","BaseMod","Colored Map","Colored Powertips","Highlight Path","Minty Spire (QoL Compilation)","Random Character Button","Relic Stats"],"gold_per_floor":[119,138,151,168,343,343,354,366,366,386,386,386],"floor_reached":11,"playtime":514,"items_purged":[],"score":80,"play_id":"e7264a09-6737-465a-b692-552734bef950","local_time":"20210109233007","is_ascension_mode":true,"campfire_choices":[{"floor":6,"key":"RECALL"}],"circlet_count":0,"master_deck":["Strike_G","Strike_G","Strike_G","Strike_G","Strike_G","Defend_G","Defend_G","Defend_G","Defend_G","Defend_G","Survivor","Neutralize","Infinite Blades","Concentrate","Infinite Blades","Doubt","Skewer","Cloak And Dagger","Noxious Fumes"],"relics":["Snecko Eye","Odd Mushroom"],"acts_visited":["Exordium"],"potions_floor_usage":[7,11],"damage_taken":[{"damage":10,"enemies":"Cultist","floor":1,"turns":4},{"damage":0,"enemies":"Jaw Worm","floor":2,"turns":3},{"damage":5,"enemies":"Small Slimes","floor":3,"turns":4},{"damage":5,"enemies":"Exordium Wildlife","floor":4,"turns":4},{"damage":13,"enemies":"Large Slime","floor":7,"turns":6},{"damage":10,"enemies":"Exordium Thugs","floor":8,"turns":4},{"damage":26,"enemies":"The Mushroom Lair","floor":10,"turns":5},{"damage":15,"enemies":"3 Sentries","floor":11,"turns":2}],"seed_played":"7067669928323075309","potions_obtained":[{"floor":4,"key":"SkillPotion"},{"floor":10,"key":"Regen Potion"}],"is_trial":false,"path_per_floor":["M","M","M","M","?","R","M","M","T","?","E"],"character_chosen":"THE_SILENT","items_purchased":[],"campfire_rested":0,"item_purchase_floors":[],"current_hp_per_floor":[60,60,55,50,50,50,37,27,27,1,0,0],"gold":386,"neow_bonus":"BOSS_RELIC","is_daily":false,"chose_seed":false,"campfire_upgraded":0,"win_rate":0.0,"timestamp":1610260207,"path_taken":["M","?","M","M","?","R","M","M","T","?","E"],"items_purchased_type":[],"build_version":"2020-12-22","purchased_purges":0,"victory":false,"max_hp_per_floor":[70,70,70,70,70,70,70,70,70,70,70,70],"relic_stats":{"counters":[8,32],"Snecko Eye":[57,63,43,54],"obtain_stats":[{"Snecko Eye":0,"Odd Mushroom":10,"Ring of the Snake":0},{"Snecko Eye":0,"Odd Mushroom":7,"Ring of the Snake":0},{"Snecko Eye":0,"Odd Mushroom":30,"Ring of the Snake":0}]},"card_choices":[{"not_picked":["Prepared","Outmaneuver","Escape Plan"],"picked":"SKIP","floor":1},{"not_picked":["Outmaneuver","Distraction"],"picked":"Infinite Blades","floor":2},{"not_picked":["Flechettes","Dagger Throw"],"picked":"Concentrate","floor":3},{"not_picked":["Heel Hook","Flechettes"],"picked":"Infinite Blades","floor":4},{"not_picked":["Escape Plan","Prepared"],"picked":"Skewer","floor":7},{"not_picked":["Tactician","Slice"],"picked":"Cloak And Dagger","floor":8},{"not_picked":["Poisoned Stab","Dodge and Roll"],"picked":"Noxious Fumes","floor":10}],"player_experience":296749,"relics_obtained":[{"floor":10,"key":"Odd Mushroom"}],"event_choices":[{"damage_healed":0,"gold_gain":175,"player_choice":"AGREE","damage_taken":0,"max_hp_gain":0,"max_hp_loss":0,"event_name":"Liars Game","floor":5,"gold_loss":0,"cards_obtained":["Doubt"]},{"damage_healed":0,"gold_gain":0,"player_choice":"Fought Mushrooms","damage_taken":0,"max_hp_gain":0,"max_hp_loss":0,"event_name":"Mushrooms","floor":10,"gold_loss":0}],"is_beta":false,"boss_relics":[],"items_purged_floors":[],"is_endless":false,"potions_floor_spawned":[4,10],"killed_by":"3 Sentries","ascension_level":4}}