{"host":"d739yreqm0rh30t5","time":1610244064,"event":{"mods":["BaseMod","BetterRewards","Colored Powertips","Downfall","Googly Eyes","Hermit","Minty Spire (QoL Compilation)","Replay The Spire","Shop Mod","StSLib","The Cursed"],"gold_per_floor":[99,118,136,121,136,41,41,60,74,74,102,116,116,47,58,158,258,258,275,295,306,331,61,61,89,111,139,136,248,245,107,138,252,264,276,303,333,548,560,587,680,711,534,534,552,552,571,571,586,586],"floor_reached":51,"playtime":8243,"items_purged":[],"score":707,"play_id":"75de1985-50ef-4deb-a63a-982f04e34a67","local_time":"20210110030104","is_ascension_mode":false,"campfire_choices":[{"data":"Guardian:SpikerProtocol","floor":13,"key":"SMITH"},{"floor":18,"key":"DIG"},{"data":"Guardian:EvasiveProtocol","floor":35,"key":"SMITH"},{"floor":46,"key":"REST"},{"data":"Guardian:SpikerProtocol","floor":48,"key":"SMITH"}],"circlet_count":0,"master_deck":["Guardian:Strike_Guardian","Guardian:Strike_Guardian","Guardian:Strike_Guardian","Guardian:Strike_Guardian","Guardian:Defend_Guardian","Guardian:Defend_Guardian","Guardian:Defend_Guardian","Guardian:Defend_Guardian","Guardian:CurlUp+1","Guardian:TwinSlam","Guardian:RollAttack","Guardian:Suspension","Guardian:ConstructionForm","Guardian:SpikerProtocol+1","Guardian:Gem_Blue","Guardian:EvasiveProtocol+1","Guardian:SpikerProtocol+1","Guardian:BaubleBeam","Guardian:PiercingHide","Guardian:PiercingHide+1","Ghostly","Guardian:AncientConstruct","Guardian:SphericShield","Guardian:ArmoredProtocol+1","Guardian:PiercingHide+1","Guardian:ShieldSpikes","Guardian:Clone+1","Guardian:PiercingHide+1","Guardian:Gem_White","Guardian:SpikerProtocol+1","Guardian:Gem_Red","Guardian:Gem_Orange","Guardian:EvasiveProtocol+1","Guardian:CrystalBeam"],"relics":["Guardian:ModeShifter","Guardian:PickAxe","Pocketwatch","Omamori","Replay:Grab Bag","Replay:Wanted Poster","Philosopher\u0027s Stone","Runic Pyramid","Peace Pipe","Pet Ghost","Replay:Ringing Soul","MawBank","Calipers","Singing Bowl","Honey Jar","Bottled Tornado","Membership Card","HornCleat","Golden Egg"],"acts_visited":["Exordium","TheCity","TheBeyond"],"potions_floor_usage":[5,19,33,33],"damage_taken":[{"damage":5,"enemies":"downfall:Watcher","floor":1,"turns":7},{"damage":0,"enemies":"2 Louse","floor":2,"turns":2},{"damage":1,"enemies":"Cultist","floor":3,"turns":4},{"damage":0,"enemies":"downfall:FleeingMerchant","floor":4,"turns":4},{"damage":1,"enemies":"Jaw Worm","floor":5,"turns":4},{"damage":0,"enemies":"downfall:FleeingMerchant","floor":6,"turns":4},{"damage":14,"enemies":"Exordium Wildlife","floor":8,"turns":6},{"damage":4,"enemies":"Blue Slaver","floor":9,"turns":4},{"damage":20,"enemies":"3 Sentries","floor":11,"turns":9},{"damage":0,"enemies":"Lots of Slimes","floor":12,"turns":2},{"damage":0,"enemies":"downfall:FleeingMerchant","floor":14,"turns":4},{"damage":1,"enemies":"2 Fungi Beasts","floor":15,"turns":3},{"damage":12,"enemies":"downfall:Silent","floor":16,"turns":10},{"damage":0,"enemies":"Chosen","floor":19,"turns":5},{"damage":1,"enemies":"Shell Parasite","floor":20,"turns":4},{"damage":7,"enemies":"Sentry and Sphere","floor":21,"turns":5},{"damage":0,"enemies":"downfall:FleeingMerchant","floor":23,"turns":4},{"damage":11,"enemies":"Centurion and Healer","floor":25,"turns":6},{"damage":0,"enemies":"Cultist and Chosen","floor":26,"turns":7},{"damage":12,"enemies":"3 Cultists","floor":27,"turns":5},{"damage":8,"enemies":"downfall:FleeingMerchant","floor":28,"turns":4},{"damage":18,"enemies":"Colosseum Nobs","floor":29,"turns":7},{"damage":11,"enemies":"downfall:FleeingMerchant","floor":30,"turns":4},{"damage":6,"enemies":"Shelled Parasite and Fungi","floor":32,"turns":4},{"damage":36,"enemies":"downfall:Ironclad","floor":33,"turns":14},{"damage":0,"enemies":"Orb Walker","floor":36,"turns":5},{"damage":2,"enemies":"3 Darklings","floor":37,"turns":7},{"damage":0,"enemies":"Jaw Worm Horde","floor":40,"turns":7},{"damage":0,"enemies":"Maw","floor":42,"turns":11},{"damage":7,"enemies":"downfall:FleeingMerchant","floor":43,"turns":2},{"damage":28,"enemies":"Transient","floor":45,"turns":5},{"damage":0,"enemies":"3 Darklings","floor":47,"turns":5},{"damage":0,"enemies":"4 Shapes","floor":49,"turns":6},{"damage":89,"enemies":"downfall:Defect","floor":50,"turns":13}],"seed_played":"6947970528572430313","potions_obtained":[{"floor":5,"key":"Fruit Juice"},{"floor":8,"key":"Weak Potion"},{"floor":9,"key":"champ:CounterPotion"},{"floor":11,"key":"GamblersBrew"},{"floor":20,"key":"Explosive Potion"},{"floor":25,"key":"Block Potion"},{"floor":33,"key":"Explosive Potion"},{"floor":37,"key":"Block Potion"},{"floor":45,"key":"Guardian:AcceleratePotion"},{"floor":47,"key":"Weak Potion"}],"is_trial":false,"path_per_floor":["R","M","M","$","M","$","T","M","M","R","E","M","R","$","M","B",null,"R","M","M","M","T","$","T","M","M","M","$","?","$","?","M","B",null,"R","M","M","?","?","M","T","M","$","?","M","R","M","R","M","B",null],"character_chosen":"GUARDIAN","items_purchased":["Guardian:ConstructionForm","Guardian:SpikerProtocol+1","Replay:Ringing Soul","Guardian:SpikerProtocol","Membership Card","HornCleat","Golden Egg","EntropicBrew","Flashbang"],"campfire_rested":1,"item_purchase_floors":[6,14,23,43,43,43,43,43,43],"current_hp_per_floor":[83,83,82,82,86,86,86,72,68,68,48,48,48,48,47,35,93,93,93,92,85,85,85,85,77,77,68,60,45,37,40,37,4,114,114,117,118,121,113,116,116,119,117,120,95,137,140,140,143,54],"gold":586,"neow_bonus":"TEN_PERCENT_HP_BONUS","is_daily":false,"chose_seed":false,"campfire_upgraded":3,"win_rate":0.0,"timestamp":1610244064,"path_taken":["R","M","M","$","M","$","T","M","M","R","E","M","R","$","M","BOSS","R","M","M","M","?","$","T","M","M","M","$","?","$","?","M","BOSS","R","M","M","?","?","?","T","M","$","?","M","R","?","R","M","BOSS"],"items_purchased_type":["Card","Card","Relic","Card","Relic","Relic","Relic","Potion","Potion"],"build_version":"2020-12-22","purchased_purges":0,"victory":true,"max_hp_per_floor":[88,88,88,88,93,93,93,93,93,93,93,93,93,93,93,93,93,93,93,93,93,93,93,93,96,96,99,99,102,105,108,111,114,114,114,117,120,123,123,126,126,129,134,137,140,140,143,143,146,146],"card_choices":[{"not_picked":["Guardian:CrystalBeam","Guardian:Gem_Cyan"],"picked":"Guardian:Planning","floor":2},{"not_picked":["Guardian:Gem_Fragmented","Guardian:Incinerate"],"picked":"Guardian:RollAttack","floor":3},{"not_picked":["Guardian:TimeBomb","Guardian:Harden"],"picked":"Guardian:Suspension","floor":4},{"not_picked":["Guardian:MultiBeam","Guardian:PolyBeam","Guardian:TemporalShield"],"picked":"SKIP","floor":5},{"not_picked":["Guardian:Planning","Guardian:Gem_Purple"],"picked":"Guardian:Gem_Cyan","floor":6},{"not_picked":["Guardian:Planning","Guardian:Gem_Lightblue"],"picked":"Guardian:SpikerProtocol","floor":8},{"not_picked":["Guardian:Reroute","Guardian:PolyBeam","Guardian:Suspension"],"picked":"SKIP","floor":9},{"not_picked":["Guardian:ConstructionForm","Guardian:MultiBeam"],"picked":"Guardian:EvasiveProtocol","floor":11},{"not_picked":["Guardian:Reroute","Guardian:Gem_Lightblue","Guardian:TemporalStrike"],"picked":"SKIP","floor":12},{"not_picked":["Guardian:GuardianWhirl","Guardian:Gem_Green"],"picked":"Guardian:Gem_Orange","floor":14},{"not_picked":["Guardian:TemporalShield","Guardian:Gem_Red","Guardian:MultiBeam"],"picked":"SKIP","floor":15},{"not_picked":["Guardian:StasisField","Guardian:StasisStrike"],"picked":"Guardian:BaubleBeam","floor":16},{"not_picked":["Guardian:SentryBeam","Guardian:Emergency","Guardian:RefractedBeam"],"picked":"SKIP","floor":19},{"not_picked":["Guardian:VentSteam+1","Guardian:GuardianWhirl+1"],"picked":"Guardian:Gem_Cyan","floor":20},{"not_picked":["Guardian:Gem_Purple","Guardian:VentSteam"],"picked":"Guardian:PiercingHide","floor":21},{"not_picked":["Guardian:DonusPower","Guardian:Gem_White","Guardian:PrismaticBeam+1"],"picked":"SKIP","floor":23},{"not_picked":["Guardian:TemporalShield","Guardian:ChargeCore"],"picked":"Guardian:Gem_Green","floor":25},{"not_picked":["Guardian:Gem_Green","Guardian:PrismaticBarrier","Guardian:Preprogram"],"picked":"SKIP","floor":26},{"not_picked":["Guardian:ChargeUp","Guardian:Gem_Green"],"picked":"Guardian:Gem_Cyan","floor":27},{"not_picked":["Guardian:Preprogram","Guardian:Planning","Guardian:Emergency+1"],"picked":"SKIP","floor":28},{"not_picked":["Guardian:StasisStrike","Guardian:Gem_Cyan"],"picked":"Guardian:PiercingHide+1","floor":29},{"not_picked":["Guardian:Gem_Green","Guardian:TimeCapacitor"],"picked":"Guardian:Gem_Lightblue","floor":30},{"not_picked":["Guardian:Gem_Green","Guardian:Recover"],"picked":"Guardian:AncientConstruct","floor":32},{"not_picked":["Guardian:StasisStrike","Guardian:ConstructionForm"],"picked":"Guardian:SphericShield","floor":33},{"not_picked":["Guardian:PrismaticBarrier+1","Guardian:Recover+1","Guardian:RollAttack+1"],"picked":"Guardian:ArmoredProtocol+1","floor":36},{"not_picked":["Guardian:Suspension","Guardian:Gem_Fragmented","Guardian:Gem_Crimson"],"picked":"Guardian:PiercingHide+1","floor":37},{"not_picked":["Guardian:Gem_Fragmented","Guardian:TemporalShield","Guardian:RollAttack+1"],"picked":"Guardian:ShieldSpikes","floor":38},{"not_picked":["Guardian:Gem_Red","Guardian:RevengeProtocol","Guardian:Gem_Cyan"],"picked":"Guardian:Clone+1","floor":40},{"not_picked":["Guardian:VentSteam","Guardian:Gem_Fragmented","Guardian:Suspension"],"picked":"Guardian:PiercingHide+1","floor":42},{"not_picked":["Guardian:TemporalStrike+1","Guardian:RollAttack+1","Guardian:PolyBeam","Guardian:Gem_White"],"picked":"Singing Bowl","floor":43},{"not_picked":["Guardian:RollAttack+1","Guardian:Suspension","Guardian:AncientConstruct"],"picked":"Guardian:Gem_Green","floor":45},{"not_picked":["Guardian:PrimingBeam","Guardian:Incinerate+1","Guardian:ShieldCharger+1"],"picked":"Guardian:EvasiveProtocol+1","floor":47},{"not_picked":["Guardian:Gem_Green","Guardian:PolyBeam","Guardian:PrimingBeam+1"],"picked":"Guardian:CrystalBeam","floor":49}],"player_experience":118755,"relics_obtained":[{"floor":7,"key":"Pocketwatch"},{"floor":11,"key":"Omamori"},{"floor":18,"key":"Peace Pipe"},{"floor":22,"key":"Pet Ghost"},{"floor":24,"key":"MawBank"},{"floor":29,"key":"Calipers"},{"floor":29,"key":"Singing Bowl"},{"floor":41,"key":"Bottled Tornado"}],"event_choices":[],"is_beta":false,"boss_relics":[{"not_picked":["Velvet Choker","Ring of Chaos"],"picked":"Replay:Grab Bag"},{"not_picked":["Guardian:StasisSlotReductionRelic","ReplayTheSpireMod:Onyx Gauntlets"],"picked":"Replay:Wanted Poster"},{"not_picked":["ChewingGum","ReplayTheSpireMod:DimensionalGlitch"],"picked":"Philosopher\u0027s Stone"},{"not_picked":["Replay:Drink Me","Astrolabe"],"picked":"Runic Pyramid"},{"not_picked":["Tiny House","Coffee Dripper"],"picked":"Honey Jar"}],"items_purged_floors":[],"is_endless":false,"potions_floor_spawned":[5,8,9,11,20,25,29,33,37,45,47],"ascension_level":0}}