{"host":"v9ordiuf4xzdpttp","time":1610240593,"event":{"mods":["AchievementEnabler","Act Like it!","AlwaysNeverKeys","Aspiration","Bard","Bartender","BaseMod","Better Third Choice","Better Vampires","BetterRewards","Colored Map","Conspire","Dio Mod","Downfall","Energized Spire","Gold Saver","GungeonMod","Halation","Hubris","Infinite Spire","Ironclad Rager","Jedi Mod","Marked Mod","Melee Mod","Minty Spire (QoL Compilation)","Pale of the Ancients","Remove Card Discount Mod","Replay The Spire","Robot Space Explorer","SOS???????","Shop Mod","Small Relic Pack","Somnambulant","Spicy Shops","StSLib","The Bladedancer","The Bug Knight","The Construct","The Death Knight","The Exalted","The Hayseed","The Hierophant","The Jungle","The Mystic","The Runesmith","The Saiyan","The Senshi","The Servant 0.9.4","The Wild Card","TheBandit","vexMod","??????REMEMod"],"gold_per_floor":[412,424,438,453,453,482,51,79,106,118,118,138,150,164,164,268,268,280,95,95,95],"floor_reached":20,"playtime":1587,"items_purged":["Strike_G","Strike_G","Strike_G","hubris:Despair","jedi:BattleThirst","Defend_G","Defend_G","Defend_G"],"score":188,"play_id":"595700d4-c4ec-4ce6-9e3f-e7174ede4374","local_time":"20210109200313","is_ascension_mode":false,"campfire_choices":[{"floor":15,"key":"REST"}],"circlet_count":0,"master_deck":["Strike_G","Defend_G","Defend_G","Survivor","Neutralize","construct:ClockworkEgg","Slice+1","Poisoned Stab+1","conspire:PoisonWeapons","Slice","Well Laid Plans","Dagger Spray","Quick Slash","conspire:PoisonWeapons","jedi:studypoison","infinitespire:Execution","Catalyst","Endless Agony","Envenom","Draining Mist","ReplayTheSpireMod:IOU"],"relics":["Ring of the Snake","REME_ComplimentaryCards","aspiration:Nostalgia","m_SnakeCloak","DemoMod:Metronome","halation:LostSnail","MerchantsRug","Whetstone","Mummified Hand","Bromod:ArcaneConsequence","Replay:Wax Seal","ReplayTheSpireMod:Ninjato","REME_CardOfGreed"],"acts_visited":["Exordium","TheCity"],"potions_floor_usage":[12,13,16,16,16],"damage_taken":[{"damage":6,"enemies":"Jaw Worm","floor":1,"turns":6},{"damage":6,"enemies":"Cultist","floor":2,"turns":3},{"damage":0,"enemies":"Small Slimes","floor":3,"turns":2},{"damage":3,"enemies":"Looter","floor":4,"turns":3},{"damage":11,"enemies":"Gremlin Nob","floor":6,"turns":3},{"damage":4,"enemies":"HollowMod:MossKnight","floor":8,"turns":4},{"damage":9,"enemies":"2 Fungi Beasts","floor":10,"turns":2},{"damage":1,"enemies":"Exordium Thugs","floor":12,"turns":3},{"damage":10,"enemies":"Looter","floor":13,"turns":2},{"damage":12,"enemies":"Red Slaver","floor":14,"turns":3},{"damage":24,"enemies":"The Guardian","floor":16,"turns":6},{"damage":25,"enemies":"Spheric Guardian","floor":18,"turns":5},{"damage":0,"enemies":"3 Byrds","floor":20,"turns":1}],"seed_played":"148037449771130265","potions_obtained":[{"floor":6,"key":"SteroidPotion"},{"floor":8,"key":"BlessingOfTheForge"},{"floor":10,"key":"SpeedPotion"},{"floor":13,"key":"REME_GoldPotion"},{"floor":14,"key":"Weak Potion"}],"is_trial":false,"path_per_floor":["M","M","M","M","?","E","$","E","T","M","?","M","M","M","R","B",null,"M","$","M"],"character_chosen":"THE_SILENT","items_purchased":["halation:LostSnail","MerchantsRug","Whetstone","Quick Slash","Replay:Wax Seal","ReplayTheSpireMod:Ninjato","REME_CardOfGreed"],"campfire_rested":1,"item_purchase_floors":[7,7,7,7,19,19,19],"current_hp_per_floor":[64,58,58,55,55,44,44,40,40,31,31,30,20,8,29,5,70,45,45,45,45],"gold":95,"neow_bonus":"NOSTALGIA","is_daily":false,"chose_seed":false,"campfire_upgraded":0,"win_rate":0.0,"timestamp":1610240593,"path_taken":["M","M","M","M","?","E","$","E","T","?","?","M","M","M","R","BOSS","M","$","M"],"items_purchased_type":["Relic","Relic","Relic","Card","Relic","Relic","Relic"],"build_version":"2020-12-22","purchased_purges":8,"victory":false,"max_hp_per_floor":[70,70,70,70,70,70,70,70,70,70,70,70,70,70,70,70,70,70,70,70,70],"card_choices":[{"not_picked":["Dash","Backflip"],"picked":"Slice","floor":1},{"not_picked":["Acrobatics","Phantasmal Killer"],"picked":"Poisoned Stab","floor":2},{"not_picked":["PiercingWail","Bane"],"picked":"conspire:PoisonWeapons","floor":3},{"not_picked":["Masterful Stab","Quick Slash"],"picked":"Slice","floor":4},{"not_picked":["jedi:acidrain","Dagger Throw"],"picked":"Dagger Spray","floor":6},{"not_picked":["Deflect","Blade Dance"],"picked":"conspire:PoisonWeapons","floor":8},{"not_picked":["Outmaneuver","Flying Knee"],"picked":"jedi:studypoison","floor":10},{"not_picked":["hubris:Rewind","ReplayTheSpireMod:Chaos Vortex"],"picked":"infinitespire:Execution","floor":11},{"not_picked":["Outmaneuver","Prepared"],"picked":"Catalyst","floor":12},{"not_picked":["Backflip","Dodge and Roll","All Out Attack"],"picked":"SKIP","floor":13},{"not_picked":["hubris:SlightOfHand","Underhanded Strike"],"picked":"Endless Agony","floor":14},{"not_picked":["Tools of the Trade","ReplayTheSpireMod:Necrosis"],"picked":"Envenom","floor":16},{"not_picked":["Eviscerate","Dodge and Roll"],"picked":"Draining Mist","floor":18}],"player_experience":266993,"relics_obtained":[{"floor":6,"key":"DemoMod:Metronome"},{"floor":8,"key":"Mummified Hand"},{"floor":9,"key":"Bromod:ArcaneConsequence"}],"event_choices":[{"damage_healed":0,"gold_gain":0,"cards_transformed":["Strike_G"],"player_choice":"Transformed","damage_taken":0,"max_hp_gain":0,"max_hp_loss":0,"event_name":"Transmorgrifier","floor":5,"gold_loss":0,"cards_obtained":["Well Laid Plans"]}],"is_beta":false,"boss_relics":[{"not_picked":["ReplayTheSpireMod:SealedPack","energizedSpire:CursedPentagram"],"picked":"vexMod:NewClearReactor"}],"items_purged_floors":[7,7,7,19,19,19,19,19],"is_endless":false,"potions_floor_spawned":[6,8,10,13,14],"killed_by":"3 Byrds","ascension_level":0}}