{"host":"8ew8rkkqvnu5a0j4","time":1610259312,"event":{"mods":["AchievementEnabler","Arknights The Spire","BaseMod","Colored Powertips","Decade(王小明)","Downfall","Friendly Minions","GungeonMod","Hermit","HololiveMod","Hubris","KinomotoSakuraMod(木之本樱)","Koishi","LagranYue(拉格朗・月)","Luminous","Marisa（F雨　魔理沙）","Minty Spire (QoL Compilation)","Nova Terra(诺娃・泰拉)","Quick Restart","READ ME - Guardian Mod","Rare Cards Sparkle","Reimu（博丽灵梦）","Remilia（蕾米莉亚）","Replay The Spire","Shop Mod","StSLib","Td1madao Mod","The Alterego","The Animator","The Bug Knight","The Cursed","The Hierophant","The Marked","The Mystic","The Poker Player","The Servant 0.9.4","WarShipGirlsR/战舰少女R mod","Youmu（魂魄妖梦）","Yuri Mod","【遗物卡牌】REMEMod"],"gold_per_floor":[111,111,129,140,157,157,157],"floor_reached":6,"playtime":806,"items_purged":[],"score":38,"play_id":"6942d837-864f-4653-8bd5-7937cd972bf4","local_time":"20210110141512","is_ascension_mode":false,"campfire_choices":[],"circlet_count":0,"master_deck":["HollowMod:NailStrikeStart","HollowMod:NailStrikeStart","HollowMod:NailStrikeStart","HollowMod:NailStrikeStart","HollowMod:QuickDashStart","HollowMod:QuickDashStart","HollowMod:QuickDashStart","HollowMod:FocusHealStart","HollowMod:PogoStrike","rmod:saltedfish","HollowMod:SoulStrike","HollowMod:CornifersMapStart","HollowMod:HowlingWraiths","HollowMod:CycloneSlash"],"relics":["HollowMod:VesselMask","REME_ComplimentaryCards","LagranYue:RandomDrawCardRelic"],"acts_visited":["Exordium"],"potions_floor_usage":[],"damage_taken":[{"damage":1,"enemies":"Jaw Worm","floor":1,"turns":4},{"damage":1,"enemies":"2 Louse","floor":3,"turns":3},{"damage":5,"enemies":"Cultist","floor":4,"turns":5},{"damage":18,"enemies":"Blue Slaver","floor":5,"turns":6},{"damage":18,"enemies":"Lagavulin","floor":6,"turns":3}],"seed_played":"-3461065588850815802","potions_obtained":[{"floor":3,"key":"PowerPotion"},{"floor":4,"key":"Swift Potion"}],"is_trial":false,"path_per_floor":["M","?","M","M","M","E"],"character_chosen":"THE_BUGKNIGHT","items_purchased":[],"campfire_rested":0,"item_purchase_floors":[],"current_hp_per_floor":[74,74,73,70,61,43,43],"gold":157,"neow_bonus":"THREE_CARDS","is_daily":false,"chose_seed":false,"campfire_upgraded":0,"win_rate":0.0,"timestamp":1610259312,"path_taken":["M","?","M","M","M","E"],"items_purchased_type":[],"build_version":"2020-12-22","purchased_purges":0,"victory":false,"max_hp_per_floor":[75,75,75,75,75,75,75],"card_choices":[{"not_picked":["HollowMod:SharpenedNail","HollowMod:VengefulVoid"],"picked":"HollowMod:SoulStrike","floor":0},{"not_picked":["HollowMod:ChannelNail","HollowMod:HeavyBlow"],"picked":"HollowMod:CornifersMapStart","floor":1},{"not_picked":["HollowMod:CloakDash","HollowMod:ChannelNail"],"picked":"HollowMod:HowlingWraiths","floor":3},{"not_picked":["HollowMod:SoulVessel","HollowMod:GreatSlash","HollowMod:InfectedCysts"],"picked":"SKIP","floor":4},{"not_picked":["HollowMod:HowlingWraiths","HollowMod:MawleksShell"],"picked":"HollowMod:CycloneSlash","floor":5}],"player_experience":672808,"relics_obtained":[],"event_choices":[],"is_beta":false,"boss_relics":[],"items_purged_floors":[],"is_endless":false,"potions_floor_spawned":[3,4],"killed_by":"Lagavulin","ascension_level":0}}