{"host":"tcdxiwht2vajk3tk","time":1610260722,"event":{"mods":["AchievementEnabler","BaseMod","Beaked The Cultist","Conspire","Defuse TimeMaze Blight","Downfall","Halation","Hermit","Hubris","Infinite Spire","Lobotomy","Minty Spire (QoL Compilation)","Replay The Spire","Shop Mod","StSLib","The Cursed","The Disciple","vexMod"],"gold_per_floor":[116,131,131,131,131,163,282,282,282,232,232,245,294,73,73,207,207,243,264,282,302,302],"floor_reached":21,"playtime":2583,"items_purged":[],"score":243,"play_id":"7d87c5b7-e96e-4037-9785-029ff83c2524","local_time":"20210110013842","is_ascension_mode":true,"campfire_choices":[{"data":"beaked:Ceremony","floor":8.0,"key":"SMITH"},{"data":"beaked:Ceremony","floor":11.0,"key":"SMITH"},{"data":"beaked:Ceremony","floor":15.0,"key":"SMITH"}],"circlet_count":0,"master_deck":["beaked:Strike_Y","beaked:Strike_Y","beaked:Strike_Y","beaked:Strike_Y","beaked:Strike_Y","beaked:Strike_Y","beaked:Defend_Y","beaked:Defend_Y","beaked:Defend_Y","beaked:Defend_Y","beaked:Ceremony+1","beaked:Ceremony+1","beaked:Ceremony+1","beaked:Resilience","beaked:MachineSpirit","beaked:MachineSpirit","beaked:Cower","beaked:BarbedWire","conspire:SpireCoStock","beaked:SacrificialDive","beaked:MachineSpirit","Replay:SS_hec_4","beaked:AwakenedForm","beaked:HuntressSpirit+1","beaked:HuntressSpirit","infinitespire:UltimateForm","infinitespire:FutureSight"],"relics":["beaked:MendingPlumage","hubris:Icosahedron","ReplayTheSpireMod:Shallot","Ornamental Fan","CeramicFish","vexMod:Spyglass","hubris:RunicObelisk","ClockworkSouvenir"],"acts_visited":["Exordium","TheCity"],"potions_floor_usage":[21,21],"damage_taken":[{"damage":6.0,"enemies":"Cultist","floor":1.0,"turns":4.0},{"damage":4.0,"enemies":"conspire:RoseBush","floor":2.0,"turns":7.0},{"damage":30.0,"enemies":"Lagavulin","floor":6.0,"turns":6.0},{"damage":12.0,"enemies":"Jaw Worm","floor":7.0,"turns":5.0},{"damage":15.0,"enemies":"2 Fungi Beasts","floor":12.0,"turns":5.0},{"damage":29.0,"enemies":"Replay:BlueRogue","floor":13.0,"turns":6.0},{"damage":27.0,"enemies":"Slime Boss","floor":16.0,"turns":8.0},{"damage":35.0,"enemies":"Spheric Guardian","floor":18.0,"turns":6.0},{"damage":56.0,"enemies":"Shell Parasite","floor":19.0,"turns":8.0},{"damage":53,"enemies":"Sentry and Sphere","floor":21,"turns":5}],"seed_played":"4021918948774231896","potions_obtained":[{"floor":1.0,"key":"Adrenaline Potion"},{"floor":6.0,"key":"Toxic Potion"},{"floor":12.0,"key":"Cursed Concoction"}],"is_trial":false,"path_per_floor":["M","M","?","?","?","E","M","R","T","?","R","M","E","$","R","B",null,"M","M","AVR","M"],"character_chosen":"BEAKED_THE_CULTIST","items_purchased":["vexMod:Spyglass","Replay:SS_hec_4"],"campfire_rested":0,"item_purchase_floors":[14,14],"current_hp_per_floor":[48,50,50,50,50,27,35,35,35,35,35,42,33,33,33,38,49,33,8,8,0,0],"gold":302,"neow_bonus":"","is_daily":false,"chose_seed":false,"campfire_upgraded":3,"win_rate":0.0,"timestamp":1610260722,"path_taken":["M","?","?","?","?","E","M","R","T","?","R","M","E","?","R","BOSS","M","?","AVR","M"],"items_purchased_type":["Relic","Card"],"build_version":"2020-12-22","purchased_purges":0,"victory":false,"max_hp_per_floor":[50,50,50,50,50,53,53,53,53,53,53,53,53,53,53,53,53,53,53,53,53,53],"card_choices":[{"not_picked":["beaked:CursingBlood","ReplayTheSpireMod:Prepare the Ceremony"],"picked":"beaked:Resilience","floor":1.0},{"not_picked":["beaked:MimicHuntress","beaked:Replenish"],"picked":"beaked:MachineSpirit","floor":2.0},{"not_picked":["beaked:TuckingFeathers","beaked:Pecker"],"picked":"beaked:Cower","floor":6.0},{"not_picked":["beaked:TuckingFeathers","beaked:Cower"],"picked":"beaked:BarbedWire","floor":7.0},{"not_picked":["beaked:Poke","beaked:Resilience"],"picked":"beaked:SacrificialDive","floor":12.0},{"not_picked":["beaked:DigDeeper","beaked:Redirect"],"picked":"beaked:MachineSpirit","floor":13.0},{"not_picked":["beaked:Brainwash","beaked:FakeOut"],"picked":"beaked:AwakenedForm","floor":16.0},{"not_picked":["beaked:Resilience","beaked:Tradeoff"],"picked":"beaked:HuntressSpirit+1","floor":18.0},{"not_picked":["beaked:Resilience","beaked:CursingBlood"],"picked":"beaked:HuntressSpirit","floor":19.0}],"player_experience":1541587,"relics_obtained":[{"floor":6.0,"key":"ReplayTheSpireMod:Shallot"},{"floor":9.0,"key":"Ornamental Fan"},{"floor":13.0,"key":"CeramicFish"}],"event_choices":[{"damage_healed":0.0,"max_hp_gain":0.0,"max_hp_loss":0.0,"gold_gain":0.0,"event_name":"Golden Wing","player_choice":"Ignored","floor":4.0,"gold_loss":0.0,"damage_taken":0.0},{"damage_healed":0.0,"max_hp_gain":0.0,"max_hp_loss":0.0,"gold_gain":0.0,"event_name":"conspire:Investor","player_choice":"Invest 1","floor":10.0,"gold_loss":0.0,"damage_taken":0.0}],"is_beta":false,"boss_relics":[{"not_picked":["halation:CatFaceCupcake","hubris:VirtuousBlindfold","Painkiller Herb"]}],"items_purged_floors":[],"is_endless":false,"potions_floor_spawned":[1,6,12,13],"killed_by":"Sentry and Sphere","ascension_level":6}}