{"host":"a70birb7gb03c330","time":1610306135,"event":{"mods":["Act Like it!","Aspiration","BaseMod","Beaked The Cultist","Better Vampires","Clawfect","Conspire","Disable Question Mark Monsters","Displayed Cursed Tome","Downfall","Energized Spire","GungeonMod","Hallownest","Hubris","Infinite Spire","Marked Mod","Minty Spire (QoL Compilation)","Permanent Neow","Replay The Spire","Robot Space Explorer","Spicy Shops","Spikes Relics","StSLib","The Blue Laboratory","The Bug Knight","The Construct","The Jungle","UnlockEverythingMod","Wandering Minibosses"],"gold_per_floor":[15,28,41,41,60,60,95,95,95,63,63,74,3,19,19,114,114,114,114],"floor_reached":18,"playtime":977,"items_purged":[],"score":164,"play_id":"592cfb4f-9dc1-420c-b36a-cc3e31eb0b28","local_time":"20210110111535","is_ascension_mode":false,"campfire_choices":[{"data":"beaked:Ceremony","floor":6,"key":"SMITH"},{"floor":8,"key":"REST"},{"data":"beaked:Evade","floor":15,"key":"SMITH"}],"circlet_count":0,"master_deck":["beaked:Strike_Y","beaked:Strike_Y","beaked:Defend_Y","beaked:Defend_Y","beaked:Defend_Y","beaked:Ceremony+1","beaked:Ceremony+1","beaked:Ceremony","beaked:AwakenedForm","beaked:BraceForImpact","beaked:BraceForImpact","beaked:BraceForImpact","beaked:Evade+1","beaked:Poke","beaked:SacrificialDive+1","beaked:Resilience+1","beaked:Devastation+1"],"relics":["beaked:MendingPlumage","Question Card","Oddly Smooth Stone","HollowMod:PaleOreRelic","Astrolabe"],"acts_visited":["Exordium","TheCity"],"potions_floor_usage":[7,12,16],"damage_taken":[{"damage":1,"enemies":"Cultist","floor":1,"turns":4},{"damage":4,"enemies":"2 Louse","floor":2,"turns":5},{"damage":0,"enemies":"Small Slimes","floor":3,"turns":4},{"damage":10,"enemies":"Blue Slaver","floor":5,"turns":6},{"damage":54,"enemies":"Gremlin Nob","floor":7,"turns":6},{"damage":21,"enemies":"Exordium Thugs","floor":10,"turns":12},{"damage":6,"enemies":"Large Slime","floor":12,"turns":7},{"damage":17,"enemies":"Red Slaver","floor":14,"turns":7},{"damage":60,"enemies":"Hexaghost","floor":16,"turns":11},{"damage":54,"enemies":"3 Byrds","floor":18,"turns":4}],"seed_played":"8941026625863313879","potions_obtained":[{"floor":1,"key":"blueLaboratory:BottledHope"},{"floor":10,"key":"Dexterity Potion"},{"floor":12,"key":"Strength Potion"}],"is_trial":false,"path_per_floor":["M","M","M","?","M","R","E","R","T","M","?","M","$","M","R","B",null,"M"],"character_chosen":"BEAKED_THE_CULTIST","items_purchased":["beaked:Poke"],"campfire_rested":1,"item_purchase_floors":[13],"current_hp_per_floor":[50,50,50,47,50,50,6,21,21,38,38,50,50,43,43,20,50,0,0],"gold":114,"neow_bonus":"REMOVE_TWO","is_daily":false,"chose_seed":false,"campfire_upgraded":2,"win_rate":0.0,"timestamp":1610306135,"path_taken":["M","M","?","?","M","R","E","R","T","M","?","?","?","?","R","BOSS","M"],"items_purchased_type":["Card"],"build_version":"2020-12-22","purchased_purges":0,"victory":false,"max_hp_per_floor":[50,50,50,50,50,50,50,50,50,50,50,50,50,50,50,50,50,50,50],"card_choices":[{"not_picked":["beaked:Tweet","beaked:Evade"],"picked":"beaked:AwakenedForm","floor":1},{"not_picked":["beaked:Tradeoff","beaked:MimicHuntress"],"picked":"beaked:BraceForImpact","floor":2},{"not_picked":["beaked:Insight","beaked:Windmill"],"picked":"beaked:BraceForImpact","floor":3},{"not_picked":["beaked:WarriorEssence","beaked:Redirect","beaked:Flinch"],"picked":"beaked:BraceForImpact","floor":5},{"not_picked":["beaked:Insight","beaked:Pecker","beaked:FakeOut","ReplayTheSpireMod:Prepare the Ceremony"],"picked":"SKIP","floor":7},{"not_picked":["beaked:Tradeoff","beaked:SurvivalInstinct","beaked:WildInstinct"],"picked":"beaked:Evade","floor":10},{"not_picked":["beaked:Evade","beaked:MimicHuntress","beaked:Redirect","beaked:MachineEssence"],"picked":"SKIP","floor":12},{"not_picked":["beaked:CursingBlood","beaked:Tradeoff","beaked:Resilience","beaked:Windmill"],"picked":"SKIP","floor":14}],"player_experience":43527,"relics_obtained":[{"floor":7,"key":"Oddly Smooth Stone"},{"floor":9,"key":"HollowMod:PaleOreRelic"}],"event_choices":[{"damage_healed":0,"gold_gain":0,"player_choice":"Success","damage_taken":3,"relics_obtained":["Question Card"],"max_hp_gain":0,"max_hp_loss":0,"event_name":"Scrap Ooze","floor":4,"gold_loss":0},{"damage_healed":0,"gold_gain":0,"player_choice":"Forge","damage_taken":0,"max_hp_gain":0,"max_hp_loss":0,"event_name":"Accursed Blacksmith","floor":11,"gold_loss":0,"cards_upgraded":["beaked:Ceremony"]}],"is_beta":false,"boss_relics":[{"not_picked":["conspire:SeveredTorchhead","SlaversCollar"],"picked":"Astrolabe"}],"items_purged_floors":[],"is_endless":false,"potions_floor_spawned":[1,10,12],"killed_by":"3 Byrds","ascension_level":0}}