{"host":"Ian","time":1610289207,"event":{"mods":["BaseMod","Bestiary","Block Reminder","Colored Map","Highlight Path","Key Reminder","Minty Spire (QoL Compilation)","Relic Stats"],"gold_per_floor":[115,190,190,202,220,220,245,245,245,262,291,310,310,323,323,397,397,353,373,373,14,31,31,81,97,121,153,153,180,180,192,192,264,264,276,276,292,39,56,81,92,92,167,167,167,78,78,103,103,103,103,103],"floor_reached":51,"playtime":2776,"items_purged":["Writhe"],"score":1350,"play_id":"81dbcc8c-3bac-4cc0-8f19-acd73b165b12","local_time":"20210110143327","is_ascension_mode":true,"campfire_choices":[{"data":"Bash","floor":6.0,"key":"SMITH"},{"floor":8.0,"key":"REST"},{"floor":15.0,"key":"REST"},{"floor":23.0,"key":"REST"},{"floor":28.0,"key":"REST"},{"floor":30.0,"key":"REST"},{"floor":32.0,"key":"DIG"},{"floor":42.0,"key":"REST"},{"floor":45.0,"key":"RECALL"},{"floor":47.0,"key":"DIG"},{"floor":49.0,"key":"DIG"}],"circlet_count":0,"master_deck":["AscendersBane","Strike_R","Strike_R","Strike_R","Strike_R+1","Defend_R","Defend_R","Defend_R","Defend_R","Bash+1","Heavy Blade","Shrug It Off","Power Through","Impervious","Power Through","Exhume","Burning Pact+1","Fire Breathing","Apotheosis+1","Body Slam","Dark Embrace","Fiend Fire","PanicButton","Offering","Bandage Up","Disarm","Havoc","Fire Breathing"],"relics":["Busted Crown","Magic Flower","InkBottle","Pantograph","Boot","Runic Cube","Shovel","Regal Pillow","Bag of Preparation","Self Forming Clay","War Paint","Fusion Hammer","Whetstone","Ornamental Fan","Unceasing Top","Nunchaku"],"acts_visited":["Exordium","TheCity","TheBeyond"],"potions_floor_usage":[51],"damage_taken":[{"damage":0.0,"enemies":"Small Slimes","floor":1.0,"turns":3.0},{"damage":1.0,"enemies":"2 Louse","floor":4.0,"turns":2.0},{"damage":0.0,"enemies":"Jaw Worm","floor":5.0,"turns":3.0},{"damage":31.0,"enemies":"Gremlin Nob","floor":7.0,"turns":4.0},{"damage":1.0,"enemies":"Looter","floor":10.0,"turns":3.0},{"damage":21.0,"enemies":"Lagavulin","floor":11.0,"turns":5.0},{"damage":1.0,"enemies":"Large Slime","floor":12.0,"turns":7.0},{"damage":0.0,"enemies":"2 Fungi Beasts","floor":14.0,"turns":3.0},{"damage":28.0,"enemies":"Hexaghost","floor":16.0,"turns":11.0},{"damage":12.0,"enemies":"2 Thieves","floor":18.0,"turns":5.0},{"damage":34.0,"enemies":"3 Byrds","floor":19.0,"turns":13.0},{"damage":9.0,"enemies":"Snake Plant","floor":22.0,"turns":7.0},{"damage":3.0,"enemies":"Centurion and Healer","floor":25.0,"turns":7.0},{"damage":22.0,"enemies":"Slavers","floor":27.0,"turns":4.0},{"damage":37.0,"enemies":"Gremlin Leader","floor":29.0,"turns":8.0},{"damage":10.0,"enemies":"Cultist and Chosen","floor":31.0,"turns":5.0},{"damage":58.0,"enemies":"Collector","floor":33.0,"turns":11.0},{"damage":13.0,"enemies":"3 Darklings","floor":35.0,"turns":4.0},{"damage":0.0,"enemies":"3 Shapes","floor":37.0,"turns":6.0},{"damage":29.0,"enemies":"Transient","floor":39.0,"turns":6.0},{"damage":45.0,"enemies":"Reptomancer","floor":40.0,"turns":10.0},{"damage":6.0,"enemies":"4 Shapes","floor":41.0,"turns":5.0},{"damage":10.0,"enemies":"Mind Bloom Boss Battle","floor":48.0,"turns":8.0},{"damage":71.0,"enemies":"Time Eater","floor":50.0,"turns":11.0},{"damage":72,"enemies":"Awakened One","floor":51,"turns":11}],"seed_played":"4111424434660368855","potions_obtained":[{"floor":7.0,"key":"SkillPotion"},{"floor":11.0,"key":"EntropicBrew"},{"floor":12.0,"key":"LiquidBronze"},{"floor":16.0,"key":"SneckoOil"},{"floor":19.0,"key":"AttackPotion"},{"floor":22.0,"key":"GamblersBrew"},{"floor":29.0,"key":"DuplicationPotion"},{"floor":31.0,"key":"FearPotion"},{"floor":35.0,"key":"BloodPotion"},{"floor":48.0,"key":"Fruit Juice"}],"is_trial":false,"path_per_floor":["M","?","?","M","M","R","E","R","T","M","E","M","?","M","R","B",null,"M","M","?","$","M","R","?","M","T","E","R","E","R","M","R","B",null,"M","?","M","$","M","E","M","R","T","?","R","$","R","?","R","B","B"],"character_chosen":"IRONCLAD","items_purchased":["Fire Breathing","Apotheosis","Offering","Bandage Up","Fire Breathing"],"campfire_rested":6,"item_purchase_floors":[21,21,38,38,46],"current_hp_per_floor":[68,57,52,51,51,51,20,42,42,41,20,19,19,19,41,47,68,56,22,22,22,13,35,35,32,32,10,47,10,47,37,37,17,61,48,48,48,48,28,15,18,55,55,55,55,55,55,74,74,13,0,0],"gold":103,"neow_bonus":"BOSS_RELIC","is_daily":false,"chose_seed":false,"campfire_upgraded":1,"win_rate":0.0,"timestamp":1610289207,"path_taken":["M","?","?","M","M","R","E","R","T","M","E","M","?","M","R","BOSS","M","M","?","$","M","R","?","M","T","E","R","E","R","M","R","BOSS","M","?","M","$","M","E","M","R","T","?","R","$","R","?","R","BOSS","BOSS"],"items_purchased_type":["Card","Card","Card","Card","Card"],"build_version":"2020-12-18","purchased_purges":1,"victory":false,"max_hp_per_floor":[75,75,75,75,75,75,75,75,75,75,75,75,75,75,75,75,75,75,75,75,75,75,75,75,75,75,75,75,75,75,75,75,75,75,75,75,75,75,75,75,75,75,75,75,75,75,75,75,75,75,80,80],"relic_stats":{"Regal Pillow":45,"counters":[25,162],"Self Forming Clay":[96],"Magic Flower":[63],"Bag of Preparation":[22],"Whetstone":["Strike_R","Strike_R"],"War Paint":["Burning Pact","Apotheosis"],"Boot":[24],"Nunchaku":[1],"Busted Crown":48,"Shovel":3,"Ornamental Fan":[8],"Pantograph":131,"obtain_stats":[{"Regal Pillow":26,"Self Forming Clay":29,"Magic Flower":3,"Bag of Preparation":27,"Whetstone":40,"War Paint":32,"Boot":11,"Burning Blood":0,"keyreminder:keyreminder":40,"Nunchaku":49,"Busted Crown":0,"Shovel":20,"Ornamental Fan":47,"Pantograph":9,"Fusion Hammer":34,"InkBottle":7,"Unceasing Top":48,"Runic Cube":17},{"Regal Pillow":13,"Self Forming Clay":15,"Magic Flower":1,"Bag of Preparation":14,"Whetstone":21,"War Paint":16,"Boot":6,"Burning Blood":0,"keyreminder:keyreminder":21,"Nunchaku":23,"Busted Crown":0,"Shovel":11,"Ornamental Fan":22,"Pantograph":4,"Fusion Hammer":17,"InkBottle":4,"Unceasing Top":23,"Runic Cube":9},{"Regal Pillow":73,"Self Forming Clay":85,"Magic Flower":3,"Bag of Preparation":77,"Whetstone":127,"War Paint":90,"Boot":20,"Burning Blood":0,"keyreminder:keyreminder":127,"Nunchaku":140,"Busted Crown":0,"Shovel":59,"Ornamental Fan":132,"Pantograph":12,"Fusion Hammer":101,"InkBottle":12,"Unceasing Top":140,"Runic Cube":41}],"InkBottle":[48],"Unceasing Top":[0],"Runic Cube":[54]},"card_choices":[{"not_picked":[],"picked":"Heavy Blade","floor":1.0},{"not_picked":[],"picked":"Shrug It Off","floor":4.0},{"not_picked":["Body Slam"],"picked":"SKIP","floor":5.0},{"not_picked":[],"picked":"Power Through","floor":7.0},{"not_picked":["Heavy Blade"],"picked":"SKIP","floor":10.0},{"not_picked":[],"picked":"Impervious","floor":11.0},{"not_picked":["Flex"],"picked":"SKIP","floor":12.0},{"not_picked":[],"picked":"Power Through","floor":14.0},{"not_picked":[],"picked":"Exhume","floor":16.0},{"not_picked":[],"picked":"Burning Pact","floor":18.0},{"not_picked":["Bloodletting"],"picked":"SKIP","floor":19.0},{"not_picked":[],"picked":"Body Slam","floor":22.0},{"not_picked":["Cleave"],"picked":"SKIP","floor":25.0},{"not_picked":[],"picked":"Dark Embrace","floor":27.0},{"not_picked":["Perfected Strike"],"picked":"SKIP","floor":29.0},{"not_picked":["Body Slam"],"picked":"SKIP","floor":31.0},{"not_picked":[],"picked":"Fiend Fire","floor":33.0},{"not_picked":["Warcry"],"picked":"SKIP","floor":35.0},{"not_picked":[],"picked":"PanicButton","floor":36.0},{"not_picked":["Clash"],"picked":"SKIP","floor":37.0},{"not_picked":[],"picked":"Disarm","floor":39.0},{"not_picked":["Heavy Blade"],"picked":"SKIP","floor":40.0},{"not_picked":["Havoc"],"picked":"SKIP","floor":41.0},{"not_picked":[],"picked":"Havoc","floor":41.0}],"player_experience":2664866,"relics_obtained":[{"floor":7.0,"key":"InkBottle"},{"floor":9.0,"key":"Pantograph"},{"floor":11.0,"key":"Boot"},{"floor":26.0,"key":"Regal Pillow"},{"floor":27.0,"key":"Bag of Preparation"},{"floor":29.0,"key":"Self Forming Clay"},{"floor":32.0,"key":"War Paint"},{"floor":40.0,"key":"Whetstone"},{"floor":47.0,"key":"Ornamental Fan"},{"floor":48.0,"key":"Unceasing Top"},{"floor":49.0,"key":"Nunchaku"}],"event_choices":[{"damage_healed":0.0,"max_hp_gain":0.0,"max_hp_loss":0.0,"gold_gain":75.0,"event_name":"World of Goop","player_choice":"Gather Gold","floor":2.0,"gold_loss":0.0,"damage_taken":11.0},{"damage_healed":0.0,"max_hp_gain":0.0,"max_hp_loss":0.0,"gold_gain":0.0,"event_name":"Scrap Ooze","player_choice":"Success","floor":3.0,"gold_loss":0.0,"damage_taken":5.0,"relics_obtained":["Magic Flower"]},{"damage_healed":0.0,"max_hp_gain":0.0,"max_hp_loss":0.0,"gold_gain":0.0,"event_name":"Liars Game","player_choice":"Ignored","floor":13.0,"gold_loss":0.0,"damage_taken":0.0},{"damage_healed":0.0,"max_hp_gain":0.0,"max_hp_loss":0.0,"gold_gain":0.0,"event_name":"The Mausoleum","player_choice":"Opened","floor":20.0,"gold_loss":0.0,"damage_taken":0.0,"relics_obtained":["Shovel"],"cards_obtained":["Writhe"]},{"damage_healed":0.0,"max_hp_gain":0.0,"max_hp_loss":0.0,"gold_gain":50.0,"event_name":"Nest","player_choice":"Stole From Cult","floor":24.0,"gold_loss":0.0,"damage_taken":0.0},{"damage_healed":0.0,"max_hp_gain":0.0,"max_hp_loss":0.0,"gold_gain":0.0,"event_name":"SensoryStone","player_choice":"Memory 1","floor":36.0,"gold_loss":0.0,"damage_taken":0.0},{"cards_removed":["Strike_R"],"damage_healed":0.0,"max_hp_gain":0.0,"max_hp_loss":0.0,"gold_gain":0.0,"event_name":"Falling","player_choice":"Removed Attack","floor":44.0,"gold_loss":0.0,"damage_taken":0.0},{"damage_healed":0.0,"max_hp_gain":0.0,"max_hp_loss":0.0,"gold_gain":0.0,"event_name":"MindBloom","player_choice":"Fight","floor":48.0,"gold_loss":0.0,"damage_taken":0.0}],"is_beta":true,"boss_relics":[{"not_picked":["Mark of Pain","SacredBark"],"picked":"Runic Cube"},{"not_picked":["Tiny House","SlaversCollar"],"picked":"Fusion Hammer"}],"items_purged_floors":[21],"is_endless":false,"potions_floor_spawned":[7,11,12,14,16,19,22,29,31,35,48],"killed_by":"Awakened One","ascension_level":20}}