{"host":"l60rmjjsfi0fipmi","time":1610248898,"event":{"mods":["BaseMod","Colored Map","DeckTracker","Highlight Path","Minty Spire (QoL Compilation)"],"gold_per_floor":[112,42,60,71,83,83,116,116,116,116,1,20,20,40,40,140,140,160,160,178,41,41,70,70,103,130,158,158,158,85,98,98,199,199,219,233,283,283,158,158,168,187,187,187,187,202,52,66,66,66],"floor_reached":51,"playtime":3309,"items_purged":["Strike_G","Strike_G","Defend_G","Defend_G"],"score":798,"play_id":"cdd14052-8e54-4814-a55e-257e9c6efb3b","local_time":"20210109222138","is_ascension_mode":true,"campfire_choices":[{"data":"Dodge and Roll","floor":6,"key":"SMITH"},{"floor":13,"key":"REST"},{"data":"Noxious Fumes","floor":15,"key":"SMITH"},{"floor":24,"key":"REST"},{"floor":32,"key":"REST"},{"data":"After Image","floor":40,"key":"SMITH"},{"floor":44,"key":"REST"},{"floor":49,"key":"REST"}],"circlet_count":0,"master_deck":["Defend_G","Defend_G","Survivor","Neutralize","Dagger Spray","Noxious Fumes+1","Corpse Explosion","Cloak And Dagger","Dodge and Roll+1","Catalyst","Endless Agony","Blade Dance","Dash","After Image+1","Wraith Form v2+1","Dodge and Roll+1","Skewer+1","Setup","Noxious Fumes+1","Well Laid Plans","Caltrops","Noxious Fumes","PiercingWail","Backstab","Catalyst+1","Noxious Fumes+1"],"relics":["Ring of the Serpent","Happy Flower","FossilizedHelix","Kunai","Du-Vu Doll","Astrolabe","Ornamental Fan","TungstenRod","The Specimen","Omamori","Ancient Tea Set","Torii","Sundial"],"acts_visited":["Exordium","TheCity","TheBeyond"],"potions_floor_usage":[7,16,23,23,27,33,50,50],"damage_taken":[{"damage":0,"enemies":"Cultist","floor":1,"turns":5},{"damage":8,"enemies":"Jaw Worm","floor":3,"turns":5},{"damage":0,"enemies":"2 Louse","floor":4,"turns":2},{"damage":0,"enemies":"2 Fungi Beasts","floor":5,"turns":2},{"damage":34,"enemies":"Gremlin Nob","floor":7,"turns":5},{"damage":6,"enemies":"3 Louse","floor":12,"turns":3},{"damage":0,"enemies":"Looter","floor":14,"turns":4},{"damage":17,"enemies":"Hexaghost","floor":16,"turns":9},{"damage":3,"enemies":"Chosen","floor":18,"turns":5},{"damage":0,"enemies":"Shell Parasite","floor":20,"turns":7},{"damage":25,"enemies":"Book of Stabbing","floor":23,"turns":9},{"damage":44,"enemies":"Slavers","floor":25,"turns":6},{"damage":0,"enemies":"Book of Stabbing","floor":27,"turns":7},{"damage":6,"enemies":"Colosseum Slavers","floor":28,"turns":5},{"damage":0,"enemies":"Snake Plant","floor":31,"turns":7},{"damage":22,"enemies":"Collector","floor":33,"turns":9},{"damage":0,"enemies":"3 Darklings","floor":35,"turns":4},{"damage":11,"enemies":"3 Shapes","floor":36,"turns":8},{"damage":0,"enemies":"Mind Bloom Boss Battle","floor":37,"turns":9},{"damage":10,"enemies":"3 Darklings","floor":41,"turns":3},{"damage":39,"enemies":"4 Shapes","floor":42,"turns":4},{"damage":0,"enemies":"Jaw Worm Horde","floor":46,"turns":3},{"damage":16,"enemies":"Spire Growth","floor":48,"turns":7},{"damage":44,"enemies":"Time Eater","floor":50,"turns":11}],"seed_played":"-7826433043657963209","potions_obtained":[{"floor":0,"key":"PowerPotion"},{"floor":0,"key":"Regen Potion"},{"floor":0,"key":"AttackPotion"},{"floor":12,"key":"Dexterity Potion"},{"floor":16,"key":"AttackPotion"},{"floor":25,"key":"Explosive Potion"},{"floor":27,"key":"SkillPotion"},{"floor":31,"key":"SkillPotion"},{"floor":33,"key":"Fire Potion"},{"floor":35,"key":"CunningPotion"}],"is_trial":false,"path_per_floor":["M","$","M","M","M","R","E","?","T","T","$","M","R","M","R","B",null,"M","?","M","$","?","E","R","E","T","E","?","?","$","M","R","B",null,"M","M","?","?","$","R","M","M","T","R","?","M","$","M","R","B",null],"character_chosen":"THE_SILENT","items_purchased":["Noxious Fumes","Endless Agony","Well Laid Plans","Noxious Fumes"],"campfire_rested":5,"item_purchase_floors":[2,11,21,30],"current_hp_per_floor":[70,70,62,62,62,62,28,28,28,28,28,22,43,43,43,41,70,67,67,67,67,67,42,63,19,19,19,13,36,36,36,57,35,70,70,59,59,59,59,59,49,10,10,31,61,61,61,45,61,17],"gold":66,"neow_bonus":"THREE_SMALL_POTIONS","is_daily":false,"chose_seed":false,"campfire_upgraded":3,"win_rate":0.0,"timestamp":1610248898,"path_taken":["M","$","M","?","M","R","E","?","T","?","$","M","R","M","R","BOSS","M","?","M","?","?","E","R","E","T","E","?","?","?","M","R","BOSS","M","M","?","?","$","R","M","M","T","R","?","M","$","M","R","BOSS"],"items_purchased_type":["Card","Card","Card","Card"],"build_version":"2020-12-22","purchased_purges":4,"victory":true,"max_hp_per_floor":[70,70,70,70,70,70,70,70,70,70,70,70,70,70,70,70,70,70,70,70,70,70,70,70,70,70,70,70,70,70,70,70,70,70,70,70,70,70,70,70,70,70,70,70,61,61,61,61,61,61],"card_choices":[{"not_picked":["Deadly Poison","Distraction"],"picked":"Dagger Spray","floor":1},{"not_picked":["Deflect","Heel Hook"],"picked":"Corpse Explosion","floor":3},{"not_picked":["Setup","Slice"],"picked":"Cloak And Dagger","floor":4},{"not_picked":["Heel Hook","Backflip"],"picked":"Dodge and Roll","floor":5},{"not_picked":["Backstab","Night Terror"],"picked":"Catalyst","floor":7},{"not_picked":["Flying Knee","Underhanded Strike"],"picked":"Blade Dance","floor":12},{"not_picked":["Expertise","Dagger Spray"],"picked":"Dash","floor":14},{"not_picked":["Corpse Explosion","Tools of the Trade"],"picked":"After Image","floor":16},{"not_picked":["Predator","PiercingWail"],"picked":"Setup","floor":18},{"not_picked":["Expertise","Masterful Stab","Quick Slash+1"],"picked":"SKIP","floor":20},{"not_picked":["Flechettes","Dagger Throw"],"picked":"Caltrops","floor":23},{"not_picked":["Dagger Spray","Masterful Stab","Finisher"],"picked":"SKIP","floor":25},{"not_picked":["Distraction","Eviscerate+1","Choke"],"picked":"SKIP","floor":27},{"not_picked":["Quick Slash","Dagger Throw"],"picked":"PiercingWail","floor":31},{"not_picked":["Outmaneuver+1","Quick Slash","Endless Agony"],"picked":"SKIP","floor":35},{"not_picked":["Masterful Stab","Finisher+1"],"picked":"Backstab","floor":36},{"not_picked":["Endless Agony","Blur+1"],"picked":"Catalyst+1","floor":41},{"not_picked":["Backstab+1","Sucker Punch","Blade Dance+1"],"picked":"SKIP","floor":42},{"not_picked":["Flying Knee","Cloak And Dagger"],"picked":"Noxious Fumes+1","floor":46},{"not_picked":["Deadly Poison+1","Flechettes","Outmaneuver"],"picked":"SKIP","floor":48}],"player_experience":317507,"relics_obtained":[{"floor":7,"key":"Happy Flower"},{"floor":9,"key":"Kunai"},{"floor":10,"key":"Du-Vu Doll"},{"floor":23,"key":"TungstenRod"},{"floor":25,"key":"The Specimen"},{"floor":26,"key":"Omamori"},{"floor":27,"key":"Ancient Tea Set"},{"floor":37,"key":"Torii"},{"floor":43,"key":"Sundial"}],"event_choices":[{"damage_healed":0,"gold_gain":0,"player_choice":"Searched \u00271\u0027 times","damage_taken":0,"relics_obtained":["FossilizedHelix"],"max_hp_gain":0,"max_hp_loss":0,"event_name":"Dead Adventurer","floor":8,"gold_loss":0},{"damage_healed":0,"gold_gain":0,"player_choice":"Copied","damage_taken":0,"max_hp_gain":0,"max_hp_loss":0,"event_name":"Duplicator","floor":19,"gold_loss":0,"cards_obtained":["Noxious Fumes"]},{"damage_healed":0,"gold_gain":0,"player_choice":"Opened","damage_taken":0,"relics_obtained":["Ornamental Fan"],"max_hp_gain":0,"max_hp_loss":0,"event_name":"The Mausoleum","floor":22,"gold_loss":0},{"damage_healed":0,"gold_gain":0,"player_choice":"Fight","damage_taken":0,"max_hp_gain":0,"max_hp_loss":0,"event_name":"Colosseum","floor":28,"gold_loss":0},{"damage_healed":0,"gold_gain":0,"player_choice":"Fled From Nobs","damage_taken":0,"max_hp_gain":0,"max_hp_loss":0,"event_name":"Colosseum","floor":28,"gold_loss":0},{"damage_healed":23,"gold_gain":0,"player_choice":"Heal","damage_taken":0,"max_hp_gain":0,"max_hp_loss":0,"event_name":"The Library","floor":29,"gold_loss":0},{"damage_healed":0,"gold_gain":0,"player_choice":"Fight","damage_taken":0,"max_hp_gain":0,"max_hp_loss":0,"event_name":"MindBloom","floor":37,"gold_loss":0},{"cards_removed":["Defend_G"],"damage_healed":0,"gold_gain":0,"player_choice":"Removed Skill","damage_taken":0,"max_hp_gain":0,"max_hp_loss":0,"event_name":"Falling","floor":38,"gold_loss":0},{"damage_healed":61,"gold_gain":0,"player_choice":"Heal","damage_taken":0,"max_hp_gain":0,"max_hp_loss":9,"event_name":"The Moai Head","floor":45,"gold_loss":0}],"is_beta":false,"boss_relics":[{"not_picked":["Runic Pyramid","Calling Bell"],"picked":"Astrolabe"},{"not_picked":["Busted Crown","HoveringKite"],"picked":"Ring of the Serpent"}],"items_purged_floors":[11,21,39,47],"is_endless":false,"potions_floor_spawned":[1,4,12,16,25,27,31,33,35,42],"ascension_level":2}}