{"host":"Connor","time":1610252981,"event":{"mods":["Aspiration","BaseMod","Downfall","Hubris","Marisa????????","Minty Spire (QoL Compilation)","Replay The Spire","StSLib","The Cursed","The Jungle","The Servant 0.9.4"],"gold_per_floor":[114,37,14,24,24,24,53,71,71,85,85,85,85,99,99,177,277,337,382,382],"floor_reached":19,"playtime":602,"items_purged":[],"score":284,"play_id":"058b1817-06b8-4e0c-a205-73dbb1a63cc5","local_time":"20210109202941","is_ascension_mode":true,"campfire_choices":[{"floor":6,"key":"RECALL"},{"floor":12,"key":"REST"},{"data":"Backflip","floor":15,"key":"SMITH"}],"circlet_count":0,"master_deck":["AscendersBane","Strike_G","Strike_G","Strike_G","Strike_G","Strike_G","Defend_G","Defend_G","Defend_G","Defend_G","Defend_G","Survivor","Neutralize","Grand Finale","Flying Knee","Deadly Poison","Replay:Poison Smokescreen","Backflip+1","Deflect","Escape Plan","Hidden Blade","After Image","hubris:SlightOfHand+1"],"relics":["Ring of the Snake","Regal Pillow","ReplayTheSpireMod:Ring of Challenge","Ring of Fury","Blue Doll","hubris:Towel","Replay:Wanted Poster"],"acts_visited":["Exordium","TheCity"],"potions_floor_usage":[16,19],"damage_taken":[{"damage":7,"enemies":"Jaw Worm","floor":1,"turns":6},{"damage":2,"enemies":"Cultist","floor":4,"turns":4},{"damage":24,"enemies":"Gremlin Nob","floor":7,"turns":4},{"damage":0,"enemies":"Small Slimes","floor":8,"turns":3},{"damage":11,"enemies":"3 Louse","floor":10,"turns":4},{"damage":2,"enemies":"2 Fungi Beasts","floor":14,"turns":3},{"damage":10,"enemies":"Slime Boss","floor":16,"turns":9},{"damage":5,"enemies":"Shell Parasite","floor":18,"turns":5},{"damage":61,"enemies":"Spheric Guardian","floor":19,"turns":9}],"seed_played":"7633536776256326719","potions_obtained":[{"floor":7,"key":"PowerPotion"},{"floor":8,"key":"Cursed Concoction"},{"floor":10,"key":"ColorlessPotion"}],"is_trial":false,"path_per_floor":["M","?","$","M","?","R","E","M","T","M","?","R","?","M","R","B",null,"M","M"],"character_chosen":"THE_SILENT","items_purchased":["Deadly Poison"],"campfire_rested":1,"item_purchase_floors":[3],"current_hp_per_floor":[52,52,52,50,50,50,26,26,26,15,15,49,49,47,47,37,59,54,0,0],"gold":382,"neow_bonus":"ONE_RANDOM_RARE_CARD","is_daily":false,"chose_seed":false,"campfire_upgraded":1,"win_rate":0.0,"timestamp":1610252981,"path_taken":["M","?","?","?","?","R","E","M","T","M","?","R","?","M","R","BOSS","M","M"],"items_purchased_type":["Card"],"build_version":"2020-12-18","purchased_purges":0,"victory":false,"max_hp_per_floor":[66,66,66,66,66,66,66,66,66,66,66,66,66,66,66,66,66,66,66,66],"card_choices":[{"not_picked":["Quick Slash","Toxin Wave"],"picked":"Flying Knee","floor":1},{"not_picked":["Dagger Throw","Backflip"],"picked":"Replay:Poison Smokescreen","floor":4},{"not_picked":["Underhanded Strike","Concentrate"],"picked":"Backflip","floor":7},{"not_picked":["Prepared","Eviscerate"],"picked":"Deflect","floor":8},{"not_picked":["Finisher","ReplayTheSpireMod:Scrap Shanks"],"picked":"Escape Plan","floor":10},{"not_picked":["Night Terror","Prepared"],"picked":"Hidden Blade","floor":14},{"not_picked":["Glass Knife","Malaise"],"picked":"After Image","floor":16},{"not_picked":["hubris:TrickCloak+1","Underhanded Strike"],"picked":"hubris:SlightOfHand+1","floor":18}],"player_experience":581435,"relics_obtained":[{"floor":5,"key":"ReplayTheSpireMod:Ring of Challenge"},{"floor":5,"key":"Ring of Fury"},{"floor":7,"key":"Blue Doll"}],"event_choices":[{"damage_healed":0,"gold_gain":0,"player_choice":"Paid Gold","damage_taken":0,"relics_obtained":["Regal Pillow"],"max_hp_gain":0,"max_hp_loss":0,"event_name":"WeMeetAgain","floor":2,"gold_loss":77},{"cards_removed":["Amnesia"],"damage_healed":0,"gold_gain":0,"player_choice":"Forget","damage_taken":0,"max_hp_gain":0,"max_hp_loss":0,"event_name":"Living Wall","floor":13,"gold_loss":0}],"is_beta":true,"boss_relics":[{"not_picked":["Coffee Dripper","Empty Cage"],"picked":"Replay:Wanted Poster"}],"items_purged_floors":[],"is_endless":false,"potions_floor_spawned":[7,8,10,14],"killed_by":"Spheric Guardian","ascension_level":14}}