{"host":"ci7cmvrwpmzqnw7e","time":1610246879,"event":{"mods":["BaseMod","BetterRewards","Colored Map","Downfall","GungeonMod","Highlight Path","Hubris","Infinite Spire","Minty Spire (QoL Compilation)","Random Character Button","Rare Cards Sparkle","Replay The Spire","Shop Mod","StSLib","The Disciple","The Forsaken","The Necromancer"],"gold_per_floor":[99,113,113,125,138,158,212,212,243,243,259,278,278,8,19,124,124,124,144,162,182,182,182,182,217,154,229,253,299,311,340,372,480,492,504,527,539,539,539],"floor_reached":37,"playtime":1714,"items_purged":["Pain"],"score":438,"play_id":"e46d4f0f-adbe-4c6b-b135-3946be34c590","local_time":"20210109194759","is_ascension_mode":false,"campfire_choices":[{"data":"Guardian:CurlUp","floor":1,"key":"SMITH"},{"data":"Guardian:Strike_Guardian","floor":8,"key":"SMITH"},{"floor":13,"key":"REST"},{"data":"Guardian:Harden","floor":18,"key":"SMITH"},{"data":"Guardian:Strike_Guardian","floor":23,"key":"SMITH"},{"data":"Guardian:Strike_Guardian","floor":26,"key":"SMITH"},{"data":"Guardian:Defend_Guardian","floor":30,"key":"SMITH"},{"data":"Guardian:Strike_Guardian","floor":35,"key":"SMITH"}],"circlet_count":0,"master_deck":["Guardian:Strike_Guardian","Guardian:Strike_Guardian+3","Guardian:Defend_Guardian","Guardian:Defend_Guardian","Guardian:CurlUp+1","Guardian:TwinSlam","Guardian:ArmoredProtocol","Guardian:RollAttack","Guardian:PiercingHide","Regret","Guardian:DecasProtection","Guardian:Harden+1","Guardian:SentryBeam","Guardian:RefractedBeam+1","Guardian:Emergency+1","Guardian:FloatingOrbs","Guardian:Clone","Guardian:Gem_Red","Guardian:EvasiveProtocol","Guardian:Gem_Red","Guardian:Gem_Synthetic","Replay:UnknownCurse","infinitespire:Pacifist","Guardian:FloatingOrbs+1"],"relics":["Guardian:ModeShifter","downfall:ShatteredFragment","Simple Rune","Pen Nib","Membership Card","Philosopher\u0027s Stone","Oddly Smooth Stone","MawBank","downfall:HeartBlessingGreen","DemoMod:JetPack","Bag of Preparation","Kintsugi","DemoMod:GlassGuonStoneRelic"],"acts_visited":["Exordium","TheCity","TheBeyond"],"potions_floor_usage":[16,16,29,29,33,33],"damage_taken":[{"damage":5,"enemies":"2 Louse","floor":2,"turns":3},{"damage":4,"enemies":"Small Slimes","floor":4,"turns":3},{"damage":4,"enemies":"Cultist","floor":5,"turns":3},{"damage":5,"enemies":"Lots of Slimes","floor":6,"turns":2},{"damage":35,"enemies":"Lagavulin","floor":9,"turns":7},{"damage":6,"enemies":"Large Slime","floor":11,"turns":6},{"damage":6,"enemies":"2 Fungi Beasts","floor":12,"turns":3},{"damage":16,"enemies":"downfall:FleeingMerchant","floor":14,"turns":4},{"damage":1,"enemies":"Blue Slaver","floor":15,"turns":3},{"damage":17,"enemies":"downfall:Defect","floor":16,"turns":10},{"damage":3,"enemies":"Chosen","floor":19,"turns":4},{"damage":2,"enemies":"Snecko","floor":20,"turns":4},{"damage":18,"enemies":"Centurion and Healer","floor":21,"turns":4},{"damage":15,"enemies":"Nightmare","floor":25,"turns":10},{"damage":1,"enemies":"Snake Plant","floor":28,"turns":4},{"damage":10,"enemies":"Book of Stabbing","floor":29,"turns":5},{"damage":4,"enemies":"Snecko","floor":31,"turns":4},{"damage":3,"enemies":"Shelled Parasite and Fungi","floor":32,"turns":3},{"damage":14,"enemies":"downfall:Ironclad","floor":33,"turns":9},{"damage":12,"enemies":"3 Shapes","floor":36,"turns":4},{"damage":0,"enemies":"3 Darklings","floor":37,"turns":1}],"seed_played":"4734856347782145172","potions_obtained":[{"floor":2,"key":"Guardian:DefensiveModePotion"},{"floor":4,"key":"Dexterity Potion"},{"floor":9,"key":"Swift Potion"},{"floor":11,"key":"Elixir"},{"floor":19,"key":"Languid Potion"},{"floor":20,"key":"Swift Potion"},{"floor":29,"key":"Explosive Potion"},{"floor":31,"key":"AttackPotion"},{"floor":33,"key":"BlessingOfTheForge"}],"is_trial":false,"path_per_floor":["R","M","?","M","M","M","T","R","E","?","M","M","R","$","M","B",null,"R","M","M","M","?","R","T","NM","R","?","M","E","R","M","M","B",null,"R","M","M"],"character_chosen":"GUARDIAN","items_purchased":["Membership Card","Guardian:Gem_Red"],"campfire_rested":1,"item_purchase_floors":[14,14],"current_hp_per_floor":[96,91,67,63,59,54,54,54,19,19,13,7,35,19,18,1,96,96,93,91,73,73,73,73,58,58,58,57,47,47,43,40,26,96,96,84,84,84,84],"gold":539,"neow_bonus":"TWENTY_PERCENT_HP_BONUS","is_daily":false,"chose_seed":false,"campfire_upgraded":7,"win_rate":0.0,"timestamp":1610246879,"path_taken":["R","M","?","M","M","M","T","R","E","?","M","M","R","$","M","BOSS","R","M","M","M","?","R","T","NM","R","?","M","E","R","?","M","BOSS","R","M","?"],"items_purchased_type":["Relic","Card"],"build_version":"2020-12-22","purchased_purges":1,"victory":false,"max_hp_per_floor":[96,96,96,96,96,96,96,96,96,96,96,96,96,96,96,96,96,96,96,96,96,96,96,96,96,96,96,96,96,96,96,96,96,96,96,96,96,96,96],"card_choices":[{"not_picked":["Guardian:PiercingHide","Guardian:Reroute"],"picked":"Guardian:ArmoredProtocol","floor":2},{"not_picked":["Guardian:Gem_Green","Guardian:CrystalBeam"],"picked":"Guardian:RollAttack","floor":4},{"not_picked":["Guardian:ShieldCharger","Guardian:FloatingOrbs"],"picked":"Guardian:PiercingHide","floor":5},{"not_picked":["Guardian:PrimingBeam","Guardian:Recover"],"picked":"Guardian:Gem_Cyan","floor":6},{"not_picked":["Guardian:ExploitGems","Guardian:ShieldCharger"],"picked":"Guardian:Gem_Cyan","floor":9},{"not_picked":["Guardian:Repulse","Guardian:PrimingBeam"],"picked":"Guardian:DecasProtection","floor":11},{"not_picked":["Guardian:Planning","Guardian:TemporalStrike"],"picked":"Guardian:Harden","floor":12},{"not_picked":["Guardian:RollAttack","Guardian:Incinerate"],"picked":"Guardian:Gem_Cyan","floor":14},{"not_picked":["Guardian:Gem_Blue","Guardian:ChargeCore"],"picked":"Guardian:SentryBeam","floor":15},{"not_picked":["Guardian:TemporalStrike+1","Guardian:PrismaticBarrier","Guardian:Gem_Green"],"picked":"SKIP","floor":19},{"not_picked":["Guardian:GuardianWhirl","Guardian:PrismaticBarrier+1"],"picked":"Guardian:Gem_Fragmented","floor":20},{"not_picked":["Guardian:Repulse+1","Guardian:CrystalBeam"],"picked":"Guardian:RefractedBeam+1","floor":21},{"not_picked":["Guardian:TemporalShield+1","Guardian:PrimingBeam+1"],"picked":"Guardian:Emergency+1","floor":25},{"not_picked":["Guardian:Planning+1","Guardian:TemporalShield"],"picked":"Guardian:FloatingOrbs","floor":27},{"not_picked":["Guardian:SentryBeam","Guardian:BronzeArmor"],"picked":"Guardian:Clone","floor":27},{"not_picked":["Guardian:ChargeCore","Guardian:DecasProtection"],"picked":"Guardian:Gem_Red","floor":28},{"not_picked":["Guardian:ShieldCharger+1","Guardian:Repulse"],"picked":"Guardian:EvasiveProtocol","floor":29},{"not_picked":["Guardian:PrimingBeam","Guardian:TimeCapacitor+1","Guardian:ShieldCharger"],"picked":"SKIP","floor":31},{"not_picked":["Guardian:SentryBeam","Guardian:ChargeUp"],"picked":"Guardian:Gem_Red","floor":32},{"not_picked":["Guardian:StasisStrike","Guardian:BaubleBeam"],"picked":"Guardian:Gem_Synthetic","floor":33},{"not_picked":["Guardian:Gem_Cyan","Guardian:ChargeUp"],"picked":"Guardian:FloatingOrbs+1","floor":36}],"player_experience":41164,"relics_obtained":[{"floor":7,"key":"Simple Rune"},{"floor":9,"key":"Pen Nib"},{"floor":24,"key":"Oddly Smooth Stone"},{"floor":25,"key":"MawBank"},{"floor":27,"key":"DemoMod:JetPack"},{"floor":29,"key":"Bag of Preparation"}],"event_choices":[{"damage_healed":0,"gold_gain":0,"player_choice":"Ignored","damage_taken":0,"max_hp_gain":0,"max_hp_loss":0,"event_name":"Vampires","floor":22,"gold_loss":0}],"is_beta":false,"boss_relics":[{"not_picked":["Replay:Grab Bag","Abe\u0027s Treasure"],"picked":"Philosopher\u0027s Stone"},{"not_picked":["infinitespire:Cupcake","SacredBark"],"picked":"Kintsugi"}],"items_purged_floors":[14],"is_endless":true,"potions_floor_spawned":[2,4,9,11,19,20,29,31,33],"killed_by":"3 Darklings","ascension_level":0}}