{"host":"79xc9gyszz0y96gi","time":1610278019,"event":{"mods":["BaseMod","Better Altar","Better Match","Better Sensory Stone","Better Skull","Better Third Choice","Better Vampires","BetterRewards","Block Reminder","Colored Powertips","Displayed Cursed Tome","Dota2Spire","Downfall","Energized Spire","GifTheSpireLib","Googly Eyes","Infinite Spire","Minty Spire (QoL Compilation)","Quick Restart","Rare Cards Sparkle","Replay The Spire","Retaliation","Shop Mod","StSLib","Stuff the Spire"],"gold_per_floor":[116,129,149,149,169,169,183,183,183,196,43,54,54,129,129,226,226,241,241,261,278,292,292,323,338,392,492,509,528,528,172,172,288,288,320,14,14,25,46,80,134,134,134,171,171,194,194,225,225,225],"floor_reached":51,"playtime":1389,"items_purged":[],"score":1223,"play_id":"ceca2af4-04e2-4298-8b91-47e0b818064b","local_time":"20210110062659","is_ascension_mode":false,"campfire_choices":[{"data":"Bash","floor":6.0,"key":"SMITH"},{"data":"Inflame","floor":8.0,"key":"SMITH"},{"data":"Twin Strike","floor":13.0,"key":"SMITH"},{"floor":15.0,"key":"REST"},{"data":"Defend_R","floor":23.0,"key":"SMITH"},{"floor":32,"key":"REST"},{"floor":47,"key":"REST"},{"data":"Demon Form","floor":47,"key":"SMITH"},{"data":"Exhume","floor":49,"key":"SMITH"}],"circlet_count":0,"master_deck":["Strike_R+1","Strike_R+1","Strike_R","Strike_R","Strike_R","Defend_R+1","Defend_R","Defend_R+1","Defend_R","Bash+1","Inflame+1","Wild Strike","Flex","Spot Weakness+1","Bludgeon+1","Iron Wave+1","Replay:SS_forest_2+1","Impervious","Twin Strike+1","Dropkick","Exhume+1","Infernal Blade+1","Sword Boomerang","Sword Boomerang+1","Iron Wave+1","Necronomicurse","expansioncontent:BronzeBeam","Demon Form+1","Bludgeon+1","ReplayTheSpireMod:Limb From Limb","Madness","Madness","DDmod:PokeAttack+1","StuffTheSpire:Brawn","Parasite"],"relics":["Burning Blood","Guide Book","Gremlin Food","Thread and Needle","Pocketwatch","Chameleon Ring","Sling","Mark of Pain","Orichalcum","StuffTheSpire:Wildfire","Bottled Flame","Necronomicon","Kunai","infinitespire:EvilPickle","infinitespire:Magic Flask","Eternal Feather","Incense Burner","Iron Hammer","Durian"],"acts_visited":["Exordium","TheCity","TheBeyond"],"potions_floor_usage":[33,41,50,50,50,50,50],"damage_taken":[{"damage":4.0,"enemies":"2 Louse","floor":1.0,"turns":3.0},{"damage":0.0,"enemies":"infinitespire:Voidling","floor":2.0,"turns":2.0},{"damage":2.0,"enemies":"Cultist","floor":3.0,"turns":3.0},{"damage":3.0,"enemies":"Blue Slaver","floor":5.0,"turns":2.0},{"damage":2.0,"enemies":"2 Fungi Beasts","floor":7.0,"turns":3.0},{"damage":0.0,"enemies":"Large Slime","floor":10.0,"turns":5.0},{"damage":0.0,"enemies":"Red Slaver","floor":12.0,"turns":3.0},{"damage":47.0,"enemies":"Hexaghost","floor":16.0,"turns":5.0},{"damage":8.0,"enemies":"Shell Parasite","floor":18.0,"turns":4.0},{"damage":0.0,"enemies":"Chosen","floor":20.0,"turns":3.0},{"damage":10.0,"enemies":"Snake Plant","floor":21.0,"turns":2.0},{"damage":6.0,"enemies":"Cultist and Chosen","floor":22.0,"turns":3.0},{"damage":3.0,"enemies":"Replay:Snechameleon","floor":24.0,"turns":3.0},{"damage":2.0,"enemies":"Centurion and Healer","floor":25.0,"turns":3.0},{"damage":16.0,"enemies":"Colosseum Slavers","floor":27.0,"turns":3.0},{"damage":6.0,"enemies":"Colosseum Nobs","floor":27.0,"turns":3.0},{"damage":4.0,"enemies":"Shelled Parasite and Fungi","floor":28.0,"turns":4.0},{"damage":4.0,"enemies":"Snecko","floor":29.0,"turns":3.0},{"damage":12,"enemies":"Pondfish","floor":33,"turns":7},{"damage":0,"enemies":"Orb Walker","floor":35,"turns":1},{"damage":6,"enemies":"3 Shapes","floor":38,"turns":3},{"damage":8,"enemies":"Jaw Worm Horde","floor":39,"turns":3},{"damage":0,"enemies":"R_Hoarder","floor":40,"turns":5},{"damage":3,"enemies":"2 Orb Walkers","floor":41,"turns":4},{"damage":8,"enemies":"Giant Head","floor":44,"turns":6},{"damage":20,"enemies":"Writhing Mass","floor":46,"turns":3},{"damage":0,"enemies":"Spire Growth","floor":48,"turns":2},{"damage":60,"enemies":"Time Eater","floor":50,"turns":7}],"seed_played":"-6824373096010899054","potions_obtained":[{"floor":3.0,"key":"Dexterity Potion"},{"floor":10.0,"key":"Elixir"},{"floor":12.0,"key":"DuplicationPotion"},{"floor":16.0,"key":"Languid Potion"},{"floor":27.0,"key":"SkillPotion"},{"floor":33,"key":"Swift Potion"},{"floor":38,"key":"Adrenaline Potion"},{"floor":40,"key":"Dota2Spire:Clarity"},{"floor":41,"key":"EntropicBrew"}],"is_trial":false,"path_per_floor":["M","M","M","?","M","R","M","R","T","M","$","M","R","?","R","B",null,"M","$","M","M","M","R","E","M","T","?","M","M","?","$","R","B",null,"M","$","?","M","M","E","?","?","T","E","?","M","R","M","R","B",null],"character_chosen":"IRONCLAD","items_purchased":["Guide Book","Gremlin Food","Inflame","Thread and Needle","PowerPotion","Sling","Kunai","expansioncontent:BronzeBeam","infinitespire:Magic Flask"],"campfire_rested":3,"item_purchase_floors":[0,0,0,0,0,11,31,31,36],"current_hp_per_floor":[46,52,56,56,59,59,63,63,63,69,69,75,75,64,80,39,80,78,78,80,76,76,76,79,80,80,70,72,74,58,58,80,74,80,80,80,80,80,78,80,80,70,70,73,73,59,85,85,85,31],"gold":225,"neow_bonus":"","is_daily":false,"chose_seed":false,"campfire_upgraded":6,"win_rate":0.0,"timestamp":1610278019,"path_taken":["M","M","M","?","M","R","M","R","T","M","?","M","R","?","R","BOSS","M","$","M","M","M","R","E","M","T","?","M","M","?","$","R","BOSS","M","$","?","M","?","E","?","?","T","E","?","M","R","M","R","BOSS"],"items_purchased_type":["Relic","Relic","Card","Relic","Potion","Relic","Relic","Card","Relic"],"build_version":"2020-12-22","purchased_purges":0,"victory":true,"max_hp_per_floor":[80,80,80,80,80,80,80,80,80,80,80,80,80,80,80,80,80,80,80,80,80,80,80,80,80,80,80,80,80,80,80,80,80,80,80,80,80,80,80,80,80,80,80,85,85,85,85,85,85,85],"card_choices":[{"not_picked":["Massacre","Anger"],"picked":"Wild Strike","floor":1.0},{"not_picked":["Combust","Feel No Pain"],"picked":"Flex","floor":2.0},{"not_picked":["Headbutt","Replay:Undeath\u0027s Touch"],"picked":"Spot Weakness","floor":3.0},{"not_picked":["Limit Break+1","Brutality+1"],"picked":"Bludgeon+1","floor":4.0},{"not_picked":["Body Slam+1","DDmod:PokeAttack+1"],"picked":"Iron Wave+1","floor":4.0},{"not_picked":["expansioncontent:DarkVoid+1","Impatience+1"],"picked":"Replay:SS_forest_2+1","floor":4.0},{"not_picked":["Body Slam","StuffTheSpire:Resist","ReplayTheSpireMod:Strike From Hell"],"picked":"SKIP","floor":5.0},{"not_picked":["Run Through","Pommel Strike"],"picked":"Impervious","floor":7.0},{"not_picked":["Warcry","Massacre"],"picked":"Twin Strike","floor":10.0},{"not_picked":["Replay:Undeath\u0027s Touch","DDmod:SpikedSkill"],"picked":"Dropkick","floor":12.0},{"not_picked":["StuffTheSpire:TitanForm","DDmod:SpikeShotSkill"],"picked":"Exhume","floor":16.0},{"not_picked":["DDmod:EasePowerCard","DDmod:CallousedSkill+1"],"picked":"Infernal Blade+1","floor":18.0},{"not_picked":["Wild Strike","DDmod:ScaleUpSkill+1"],"picked":"Sword Boomerang","floor":20.0},{"not_picked":["StuffTheSpire:Pyroclast","Rage"],"picked":"Sword Boomerang+1","floor":21.0},{"not_picked":["Clash","Whirlwind","True Grit+1"],"picked":"SKIP","floor":22.0},{"not_picked":["Perfected Strike","StuffTheSpire:TitanForm","Shrug It Off"],"picked":"SKIP","floor":24.0},{"not_picked":["Perfected Strike","StuffTheSpire:TitanForm","Shrug It Off"],"picked":"SKIP","floor":24.0},{"not_picked":["StuffTheSpire:RagingBull","Iron Wave","DDmod:SpikedSkill+1"],"picked":"SKIP","floor":25.0},{"not_picked":["Blood for Blood","Shrug It Off"],"picked":"Iron Wave+1","floor":27.0},{"not_picked":["Twin Strike","DDmod:CallousedSkill+1","ReplayTheSpireMod:Strike From Hell"],"picked":"SKIP","floor":28.0},{"not_picked":["DDmod:EasePowerCard","Clash","Cleave"],"picked":"SKIP","floor":29.0},{"not_picked":["Impervious","Limit Break"],"picked":"Demon Form","floor":33},{"not_picked":["Heavy Blade+1","Flame Barrier","StuffTheSpire:Slingshot"],"picked":"SKIP","floor":35},{"not_picked":["Sword Boomerang+1","Body Slam+1","DDmod:AllInSkill"],"picked":"SKIP","floor":38},{"not_picked":["StuffTheSpire:RockThrow","Rage+1","ReplayTheSpireMod:Strike From Hell+1"],"picked":"SKIP","floor":39},{"not_picked":["ReplayTheSpireMod:Corrosion Curse","Perfected Strike+1","StuffTheSpire:RagingBull"],"picked":"SKIP","floor":40},{"not_picked":["Battle Trance+1","Ghostly Armor"],"picked":"ReplayTheSpireMod:Limb From Limb","floor":41},{"not_picked":["Evolve","Reckless Charge"],"picked":"DDmod:PokeAttack+1","floor":44},{"not_picked":["StuffTheSpire:Ambrosia","StuffTheSpire:Harmony"],"picked":"StuffTheSpire:Brawn","floor":45},{"not_picked":["Havoc","Pommel Strike","DDmod:EasePowerCard"],"picked":"SKIP","floor":46},{"not_picked":["ReplayTheSpireMod:Strike From Hell+1","StuffTheSpire:Slingshot","Body Slam+1"],"picked":"SKIP","floor":48}],"player_experience":528217,"relics_obtained":[{"floor":9.0,"key":"Chameleon Ring"},{"floor":24.0,"key":"Orichalcum"},{"floor":26.0,"key":"Centennial Puzzle"},{"floor":27.0,"key":"StuffTheSpire:Wildfire"},{"floor":27.0,"key":"Bottled Flame"},{"floor":40,"key":"Eternal Feather"},{"floor":41,"key":"Incense Burner"},{"floor":43,"key":"Iron Hammer"},{"floor":44,"key":"Durian"}],"event_choices":[{"damage_healed":0.0,"max_hp_gain":0.0,"max_hp_loss":0.0,"gold_gain":0.0,"event_name":"betterMatch:BetterMatch","player_choice":"2","floor":4.0,"gold_loss":0.0,"damage_taken":0.0,"cards_obtained":["betterMatch:RareCard","betterMatch:CommonCard","betterMatch:ColorlessUncommonCard"]},{"damage_healed":0.0,"max_hp_gain":0.0,"max_hp_loss":0.0,"gold_gain":75.0,"event_name":"betterThird:BetterGoop","player_choice":"Gold","floor":14.0,"gold_loss":0.0,"damage_taken":11.0},{"damage_healed":0.0,"max_hp_gain":0.0,"max_hp_loss":0.0,"gold_gain":0.0,"event_name":"Colosseum","player_choice":"Fight","floor":27.0,"gold_loss":0.0,"damage_taken":0.0},{"damage_healed":0.0,"max_hp_gain":0.0,"max_hp_loss":0.0,"gold_gain":0.0,"event_name":"Colosseum","player_choice":"Fought Nobs","floor":27.0,"gold_loss":0.0,"damage_taken":0.0},{"damage_healed":0.0,"max_hp_gain":0.0,"max_hp_loss":0.0,"gold_gain":0.0,"event_name":"Cursed Tome","player_choice":"Obtained Book","floor":30.0,"gold_loss":0.0,"damage_taken":16.0},{"damage_healed":0,"gold_gain":0,"player_choice":"Copied","damage_taken":0,"max_hp_gain":0,"max_hp_loss":0,"event_name":"Duplicator","floor":37,"gold_loss":0,"cards_obtained":["Bludgeon"]},{"damage_healed":0,"gold_gain":0,"player_choice":"Fight","damage_taken":0,"max_hp_gain":0,"max_hp_loss":0,"event_name":"Mysterious Sphere","floor":41,"gold_loss":0},{"damage_healed":0,"gold_gain":0,"player_choice":"Embrace Madness","damage_taken":10,"max_hp_gain":0,"max_hp_loss":0,"event_name":"Winding Halls","floor":42,"gold_loss":0,"cards_obtained":["Madness","Madness"]}],"is_beta":false,"boss_relics":[{"not_picked":["Painkiller Herb","Busted Crown"],"picked":"Mark of Pain"},{"not_picked":["StuffTheSpire:RunicHypercube","Electric Blood","Runic Pyramid"]}],"items_purged_floors":[],"is_endless":false,"potions_floor_spawned":[3,10,12,16,18,22,27,27,28,33,38,40,41],"ascension_level":0}}