{"host":"nptej036rrbiurf5","time":1610251264,"event":{"mods":["BaseMod","Colored Map","Colored Powertips","DeckTracker","Minty Spire (QoL Compilation)","StSLib","SuperFastMode"],"gold_per_floor":[115,128,128,139,154,184,184,214,238,255,275,306,317,12,12,12,12],"floor_reached":16,"playtime":409,"items_purged":[],"score":156,"play_id":"9dfc6e5b-5f16-4c11-9161-260eae1a6899","local_time":"20210110130104","is_ascension_mode":true,"campfire_choices":[{"data":"Bash","floor":7.0,"key":"SMITH"},{"data":"Body Slam","floor":15,"key":"SMITH"}],"circlet_count":0,"master_deck":["Strike_R","Strike_R","Strike_R","Strike_R","Strike_R","Defend_R","Defend_R","Defend_R","Defend_R","Bash+1","Carnage","Bloodletting","Flame Barrier","Battle Trance","Offering","Body Slam+1","Ghostly Armor","Armaments","Shockwave"],"relics":["Burning Blood","Omamori","Turnip","Anchor","Blood Vial","Regal Pillow","Girya","Membership Card","Champion Belt"],"acts_visited":["Exordium"],"potions_floor_usage":[12,16],"damage_taken":[{"damage":6.0,"enemies":"Jaw Worm","floor":1.0,"turns":4.0},{"damage":6.0,"enemies":"Cultist","floor":2.0,"turns":3.0},{"damage":1.0,"enemies":"2 Louse","floor":4.0,"turns":3.0},{"damage":20.0,"enemies":"Large Slime","floor":5.0,"turns":6.0},{"damage":21.0,"enemies":"3 Sentries","floor":6.0,"turns":9.0},{"damage":35.0,"enemies":"Lagavulin","floor":8.0,"turns":5.0},{"damage":3.0,"enemies":"3 Louse","floor":10.0,"turns":3.0},{"damage":14,"enemies":"Exordium Thugs","floor":11,"turns":5},{"damage":3,"enemies":"Gremlin Nob","floor":12,"turns":2},{"damage":6,"enemies":"Red Slaver","floor":13,"turns":2},{"damage":31,"enemies":"Hexaghost","floor":16,"turns":9}],"seed_played":"7928029227142541224","potions_obtained":[{"floor":1.0,"key":"ElixirPotion"},{"floor":4.0,"key":"SneckoOil"},{"floor":10.0,"key":"LiquidMemories"}],"is_trial":false,"path_per_floor":["M","M","?","M","M","E","R","E","T","M","M","E","M","$","R","B"],"character_chosen":"IRONCLAD","items_purchased":["Membership Card","Champion Belt"],"campfire_rested":0,"item_purchase_floors":[14,14],"current_hp_per_floor":[80,80,80,80,66,51,51,22,22,27,21,26,28,28,28,0,0],"gold":12,"neow_bonus":"RANDOM_COMMON_RELIC","is_daily":false,"chose_seed":false,"campfire_upgraded":2,"win_rate":0.0,"timestamp":1610251264,"path_taken":["M","M","?","M","M","E","R","E","T","M","M","E","M","$","R","BOSS"],"items_purchased_type":["Relic","Relic"],"build_version":"2020-12-22","purchased_purges":0,"victory":false,"max_hp_per_floor":[80,80,80,80,80,80,80,80,80,80,80,80,80,80,80,80,80],"card_choices":[{"not_picked":["Havoc","Infernal Blade"],"picked":"Carnage","floor":1.0},{"not_picked":["Disarm","Cleave"],"picked":"Bloodletting","floor":2.0},{"not_picked":["Havoc","Headbutt"],"picked":"Flame Barrier","floor":4.0},{"not_picked":["Perfected Strike","Double Tap"],"picked":"Battle Trance","floor":5.0},{"not_picked":["Clothesline","Iron Wave"],"picked":"Offering","floor":6.0},{"not_picked":["Flame Barrier","Berserk","Thunderclap"],"picked":"SKIP","floor":8.0},{"not_picked":["Battle Trance","Armaments"],"picked":"Body Slam","floor":10.0},{"not_picked":["Pommel Strike","Whirlwind"],"picked":"Ghostly Armor","floor":11},{"not_picked":["Searing Blow","Infernal Blade"],"picked":"Armaments","floor":12},{"not_picked":["Combust","Bloodletting"],"picked":"Shockwave","floor":13}],"player_experience":886109,"relics_obtained":[{"floor":3.0,"key":"Turnip"},{"floor":6.0,"key":"Anchor"},{"floor":8.0,"key":"Blood Vial"},{"floor":9.0,"key":"Regal Pillow"},{"floor":12,"key":"Girya"}],"event_choices":[{"damage_healed":0.0,"max_hp_gain":0.0,"max_hp_loss":0.0,"gold_gain":0.0,"event_name":"Wheel of Change","player_choice":"Relic","floor":3.0,"gold_loss":0.0,"damage_taken":0.0}],"is_beta":false,"boss_relics":[],"items_purged_floors":[],"is_endless":false,"potions_floor_spawned":[1,4,10],"killed_by":"Hexaghost","ascension_level":1}}