{"host":"dowi7cgbhepuzvpj","time":1610240456,"event":{"mods":["AchievementEnabler","BaseMod","Colored Map","Highlight Path","Keyboard Shortcuts","Minty Spire (QoL Compilation)","Permanent Neow","Quick Restart","StSLib","SuperFastMode"],"gold_per_floor":[118,137,137,187,201,201,220,220,243,260,260,290,302,314,314,314,314],"floor_reached":16,"playtime":311,"items_purged":[],"score":252,"play_id":"25b4fd9b-308d-4c39-b5b1-5deff03c10b4","local_time":"20210110100056","is_ascension_mode":true,"campfire_choices":[{"data":"Zap","floor":6.0,"key":"SMITH"},{"data":"Chaos","floor":8.0,"key":"SMITH"},{"data":"1","floor":15,"key":"LIFT"}],"circlet_count":0,"master_deck":["AscendersBane","Strike_B","Strike_B","Strike_B","Defend_B","Defend_B","Defend_B","Defend_B","Zap+1","Dualcast","Chaos+1","Coolheaded","Hologram","Cold Snap","Buffer","BootSequence","Blizzard"],"relics":["Cracked Core","DataDisk","Bronze Scales","Nunchaku","Girya"],"acts_visited":["Exordium"],"potions_floor_usage":[12],"damage_taken":[{"damage":0.0,"enemies":"2 Louse","floor":1.0,"turns":2.0},{"damage":2.0,"enemies":"Jaw Worm","floor":2.0,"turns":3.0},{"damage":0.0,"enemies":"Cultist","floor":5.0,"turns":2.0},{"damage":18.0,"enemies":"Large Slime","floor":7.0,"turns":3.0},{"damage":2.0,"enemies":"Blue Slaver","floor":10.0,"turns":3.0},{"damage":0,"enemies":"Gremlin Nob","floor":12,"turns":3},{"damage":8,"enemies":"Red Slaver","floor":13,"turns":2},{"damage":0,"enemies":"3 Louse","floor":14,"turns":3},{"damage":0,"enemies":"Slime Boss","floor":16,"turns":5}],"seed_played":"-2729593593413278610","potions_obtained":[{"floor":1.0,"key":"ColorlessPotion"},{"floor":5.0,"key":"BlessingOfTheForge"},{"floor":13,"key":"PotionOfCapacity"}],"is_trial":false,"path_per_floor":["M","M","?","?","M","R","M","R","T","M","?","E","M","M","R","B"],"character_chosen":"DEFECT","items_purchased":[],"campfire_rested":0,"item_purchase_floors":[],"current_hp_per_floor":[64,62,62,62,62,62,44,44,44,42,24,24,16,16,16,16,16],"gold":314,"neow_bonus":"RANDOM_COMMON_RELIC","is_daily":false,"chose_seed":false,"campfire_upgraded":2,"win_rate":0.0,"timestamp":1610240456,"path_taken":["M","M","?","?","?","R","M","R","T","M","?","E","M","M","R","BOSS"],"items_purchased_type":[],"build_version":"2020-12-22","purchased_purges":0,"victory":false,"max_hp_per_floor":[71,71,71,71,71,71,71,71,71,71,71,71,71,71,71,71,71],"card_choices":[{"not_picked":["Doom and Gloom","Rebound"],"picked":"Chaos","floor":1.0},{"not_picked":["Go for the Eyes","Chaos"],"picked":"Coolheaded","floor":2.0},{"not_picked":["Fusion","Chaos"],"picked":"Cold Snap","floor":5.0},{"not_picked":["Hello World","Recycle","Sweeping Beam"],"picked":"SKIP","floor":7.0},{"not_picked":["Go for the Eyes","Sweeping Beam"],"picked":"Buffer","floor":10.0},{"not_picked":["Genetic Algorithm","Recycle","Turbo"],"picked":"SKIP","floor":12},{"not_picked":["Melter","Sunder"],"picked":"BootSequence","floor":13},{"not_picked":["Sweeping Beam","Force Field"],"picked":"Blizzard","floor":14}],"player_experience":791187,"relics_obtained":[{"floor":9.0,"key":"Bronze Scales"},{"floor":12,"key":"Girya"}],"event_choices":[{"damage_healed":0.0,"max_hp_gain":0.0,"max_hp_loss":0.0,"gold_gain":0.0,"cards_transformed":["Strike_B"],"event_name":"Living Wall","player_choice":"Change","floor":3.0,"gold_loss":0.0,"damage_taken":0.0,"cards_obtained":["Hologram"]},{"damage_healed":0.0,"max_hp_gain":0.0,"max_hp_loss":0.0,"gold_gain":50.0,"event_name":"Golden Shrine","player_choice":"Pray","floor":4.0,"gold_loss":0.0,"damage_taken":0.0},{"damage_healed":0.0,"max_hp_gain":0.0,"max_hp_loss":0.0,"gold_gain":0.0,"event_name":"Scrap Ooze","player_choice":"Success","floor":11.0,"gold_loss":0.0,"damage_taken":18.0,"relics_obtained":["Nunchaku"]}],"is_beta":false,"boss_relics":[],"items_purged_floors":[],"is_endless":false,"potions_floor_spawned":[1,5,13],"killed_by":"Slime Boss","ascension_level":19}}