{"host":"Connor","time":1610302820,"event":{"mods":["Aspiration","BaseMod","Downfall","Hubris","Marisa????????","Minty Spire (QoL Compilation)","Replay The Spire","StSLib","The Cursed","The Jungle","The Servant 0.9.4"],"gold_per_floor":[112,112,112,112,128,163,163,191,241,271,196,196,196],"floor_reached":12,"playtime":310,"items_purged":["Strike_R"],"score":179,"play_id":"fbc6f4f1-0e62-4c07-a95e-97310c73ac57","local_time":"20210110102020","is_ascension_mode":true,"campfire_choices":[{"floor":7,"key":"RECALL"}],"circlet_count":0,"master_deck":["AscendersBane","Strike_R","Strike_R","Defend_R","Defend_R","Defend_R","Defend_R","Survivor","Dagger Throw","aspiration:Lunge","Survivor","Neutralize","Inflame","ReplayTheSpireMod:Muscle Training","Shrug It Off","Barricade"],"relics":["Burning Blood","hubris:SlimyHat","hubris:TinFlute","Self Forming Clay","Anchor","Potion Belt"],"acts_visited":["Exordium"],"potions_floor_usage":[6,10],"damage_taken":[{"damage":14,"enemies":"Jaw Worm","floor":1,"turns":6},{"damage":0,"enemies":"2 Louse","floor":5,"turns":2},{"damage":9,"enemies":"Lagavulin","floor":6,"turns":7},{"damage":32,"enemies":"Gremlin Nob","floor":8,"turns":4},{"damage":8,"enemies":"Lagavulin","floor":10,"turns":6},{"damage":52,"enemies":"Gremlin Nob","floor":12,"turns":4}],"seed_played":"6738309184045939573","potions_obtained":[{"floor":1,"key":"FearPotion"},{"floor":8,"key":"BlessingOfTheForge"}],"is_trial":false,"path_per_floor":["M","?","?","?","M","E","R","E","T","E","$","E"],"character_chosen":"IRONCLAD","items_purchased":[],"campfire_rested":0,"item_purchase_floors":[],"current_hp_per_floor":[60,60,60,60,66,63,63,37,37,35,35,0,0],"gold":196,"neow_bonus":"RANDOM_COMMON_RELIC","is_daily":false,"chose_seed":false,"campfire_upgraded":0,"win_rate":0.0,"timestamp":1610302820,"path_taken":["M","?","?","?","?","E","R","E","T","E","?","E"],"items_purchased_type":[],"build_version":"2020-12-18","purchased_purges":1,"victory":false,"max_hp_per_floor":[75,75,75,75,75,75,75,75,75,75,75,75,75],"card_choices":[{"not_picked":["Clash","Warcry"],"picked":"Bloodletting","floor":1},{"not_picked":["Headbutt","Perfected Strike"],"picked":"Inflame","floor":5},{"not_picked":["Rupture","Warcry"],"picked":"ReplayTheSpireMod:Muscle Training","floor":6},{"not_picked":["True Grit","Clash"],"picked":"Shrug It Off","floor":8},{"not_picked":["hubris:SharpeningStone","Iron Wave"],"picked":"Barricade","floor":10}],"player_experience":593518,"relics_obtained":[{"floor":4,"key":"hubris:TinFlute"},{"floor":6,"key":"Self Forming Clay"},{"floor":8,"key":"Anchor"},{"floor":10,"key":"Potion Belt"}],"event_choices":[{"damage_healed":0,"gold_gain":0,"player_choice":"Relic","damage_taken":0,"max_hp_gain":0,"max_hp_loss":0,"event_name":"Wheel of Change","floor":4,"gold_loss":0}],"is_beta":true,"boss_relics":[],"items_purged_floors":[11],"is_endless":false,"potions_floor_spawned":[1,8],"killed_by":"Gremlin Nob","ascension_level":18}}