{"host":"byizzf0lry06owoh","time":1610268781,"event":{"mods":["Act Like it!","Aspiration","BaseMod","BetterRewards","Card Forge","Conspire","Downfall","Friendly Minions","GifTheSpireLib","Hallownest","Hubris","Infinite Spire","Minty Spire (QoL Compilation)","Relic Sorter","Replay The Spire","SIMod","StSLib","Wandering Minibosses"],"gold_per_floor":[110,110,128,139,139,139,63,63,63,63,78,89,106,122,122,219,219,232,252,269,269,269,269,282,282,308,328,343,357,376,388,388,490,490,500,543,588,204,232,276,276,321,346,179,213,213,66,102,102,114],"floor_reached":51,"playtime":22869,"items_purged":["hubris:Disease"],"score":934,"play_id":"4193d3b1-8365-400c-b5fb-86a0772f5292","local_time":"20210110005301","is_ascension_mode":false,"campfire_choices":[{"data":"Zap","floor":6,"key":"SMITH"},{"data":"Chill","floor":10,"key":"SMITH"},{"data":"Hologram","floor":15,"key":"SMITH"},{"floor":23,"key":"REST"},{"floor":25,"key":"REST"},{"data":"hubris:DoWhile","floor":32,"key":"SMITH"},{"data":"Redo","floor":41,"key":"SMITH"},{"data":"Machine Learning","floor":46,"key":"SMITH"},{"data":"conspire:Rain","floor":49,"key":"SMITH"}],"circlet_count":0,"master_deck":["Defend_B+2","Zap+1","Hologram+1","BootSequence","Chill+1","Gash","Gash","Redo+1","Conserve Battery","hubris:DoWhile+1","Genetic Algorithm","Melter+1","Cold Snap","Capacitor+1","conspire:Rain+1","Beam Cell","Chill","Ball Lightning","Machine Learning+1","ReplayTheSpireMod:Reroute Power+1","White Noise+1","Crystallizer+1","Defragment","FIFO Queue+1","Auto Shields","Redo+1"],"relics":["Cracked Core","Seething Fire","Hammer of Thor","Anvil of the Gods","Unceasing Top","Pen Nib","hubris:RunicObelisk","ReplayTheSpireMod:TigerMarble","conspire:Flyswatter","ReplayFunnel","aspiration:Stellarator","infinitespire:EvilPickle","infinitespire:Satchel","hubris:EmptyBottle","CaptainsWheel","Replay:Bandana","Simple Rune","ReplayTheSpireMod:CursedCoin","infinitespire:ShieldingShard","infinitespire:PuzzleCube"],"acts_visited":["Exordium","TheCity","TheBeyond"],"potions_floor_usage":[13,16,33,37,40,42,50,50,50,50],"damage_taken":[{"damage":1,"enemies":"conspire:RoseBush","floor":1,"turns":3},{"damage":5,"enemies":"Cultist","floor":3,"turns":4},{"damage":3,"enemies":"Jaw Worm","floor":4,"turns":4},{"damage":0,"enemies":"Exordium Wildlife","floor":11,"turns":5},{"damage":0,"enemies":"3 Louse","floor":12,"turns":4},{"damage":0,"enemies":"Lots of Slimes","floor":13,"turns":4},{"damage":0,"enemies":"Exordium Thugs","floor":14,"turns":4},{"damage":9,"enemies":"Slime Boss","floor":16,"turns":9},{"damage":18,"enemies":"3 Byrds","floor":18,"turns":6},{"damage":23,"enemies":"conspire:FuzzyDice","floor":19,"turns":7},{"damage":0,"enemies":"Centurion and Healer","floor":20,"turns":5},{"damage":11,"enemies":"Cultist and Chosen","floor":24,"turns":7},{"damage":13,"enemies":"Snake Plant","floor":27,"turns":5},{"damage":5,"enemies":"conspire:HollyBat","floor":28,"turns":7},{"damage":3,"enemies":"3 Cultists","floor":29,"turns":5},{"damage":0,"enemies":"Snecko","floor":30,"turns":6},{"damage":0,"enemies":"Centurion and Healer","floor":31,"turns":5},{"damage":30,"enemies":"Pondfish","floor":33,"turns":11},{"damage":29,"enemies":"3 Darklings","floor":35,"turns":7},{"damage":2,"enemies":"3 Shapes","floor":36,"turns":5},{"damage":0,"enemies":"3 Darklings","floor":37,"turns":6},{"damage":0,"enemies":"Transient","floor":39,"turns":5},{"damage":0,"enemies":"R_Hoarder","floor":40,"turns":7},{"damage":0,"enemies":"Giant Head","floor":42,"turns":7},{"damage":0,"enemies":"Maw","floor":45,"turns":8},{"damage":0,"enemies":"3 Darklings","floor":48,"turns":5},{"damage":8,"enemies":"infinitespire:MassOfShapes","floor":50,"turns":10}],"seed_played":"-2144594945828482825","potions_obtained":[{"floor":4,"key":"DistilledChaos"},{"floor":11,"key":"Venom Potion"},{"floor":12,"key":"PowerPotion"},{"floor":14,"key":"Elixir"},{"floor":16,"key":"BlessingOfTheForge"},{"floor":20,"key":"BlessingOfTheForge"},{"floor":24,"key":"Swift Potion"},{"floor":30,"key":"Adrenaline Potion"},{"floor":36,"key":"GamblersBrew"},{"floor":42,"key":"FocusPotion"},{"floor":45,"key":"Block Potion"}],"is_trial":false,"path_per_floor":["M","?","M","M","?","R","$","T","T","R","M","M","M","M","R","B",null,"M","M","M","$","T","R","M","R","T","M","M","M","M","M","R","B",null,"M","M","M","$","M","E","R","E","T","$","M","R","$","M","R","B",null],"character_chosen":"DEFECT","items_purchased":["Chill","ReplayTheSpireMod:TigerMarble","infinitespire:Satchel","Defragment","hubris:EmptyBottle","Energy Potion","ReplayTheSpireMod:CursedCoin","infinitespire:ShieldingShard","infinitespire:PuzzleCube"],"campfire_rested":2,"item_purchase_floors":[7,21,38,38,38,38,44,44,47],"current_hp_per_floor":[74,74,69,66,66,66,66,66,66,66,66,66,66,66,66,57,75,57,34,34,24,24,46,35,57,57,44,47,44,44,44,44,14,75,46,44,44,44,44,44,44,44,44,44,44,44,44,44,44,36],"gold":114,"neow_bonus":"ONE_RANDOM_RARE_CARD","is_daily":false,"chose_seed":false,"campfire_upgraded":7,"win_rate":0.0,"timestamp":1610268781,"path_taken":["M","?","M","?","?","R","?","?","T","R","M","M","M","M","R","BOSS","M","M","M","?","?","R","M","R","T","M","M","M","?","M","R","BOSS","M","M","M","$","M","E","R","E","T","?","?","R","$","M","R","BOSS"],"items_purchased_type":["Card","Relic","Relic","Card","Relic","Potion","Relic","Relic","Relic"],"build_version":"2020-12-22","purchased_purges":1,"victory":true,"max_hp_per_floor":[75,75,75,75,75,75,75,75,75,75,75,75,75,75,75,75,75,75,75,75,75,75,75,75,75,75,75,75,75,75,75,75,75,75,75,75,75,75,75,75,75,75,75,75,75,75,75,75,75,75],"card_choices":[{"not_picked":["Double Energy","Stack"],"picked":"Hologram","floor":1},{"not_picked":["Panic Button","Rip and Tear"],"picked":"Coolheaded","floor":3},{"not_picked":["Stack","Go for the Eyes"],"picked":"BootSequence","floor":4},{"not_picked":["Chill","Stack"],"picked":"Gash","floor":11},{"not_picked":["Fusion","Stack"],"picked":"Gash","floor":12},{"not_picked":["Self Repair","Chaos"],"picked":"Redo","floor":13},{"not_picked":["Barrage","Capacitor"],"picked":"Conserve Battery","floor":14},{"not_picked":["Multi-Cast","Biased Cognition"],"picked":"hubris:DoWhile","floor":16},{"not_picked":["Compile Driver","Sweeping Beam"],"picked":"Genetic Algorithm","floor":18},{"not_picked":["BasicCrystalCard","ReplaySort"],"picked":"Melter+1","floor":19},{"not_picked":["Capacitor","Hologram"],"picked":"Cold Snap","floor":20},{"not_picked":["Cold Snap+1","Coolheaded"],"picked":"Capacitor+1","floor":24},{"not_picked":["Sweeping Beam","Hello World","Stack"],"picked":"SKIP","floor":27},{"not_picked":["Seek","Stack"],"picked":"conspire:Rain","floor":28},{"not_picked":["Steam","Barrage+1"],"picked":"Beam Cell","floor":29},{"not_picked":["Genetic Algorithm","BasicCrystalCard"],"picked":"Chill","floor":30},{"not_picked":["FTL","Redo+1"],"picked":"Ball Lightning","floor":31},{"not_picked":["Fission","Biased Cognition"],"picked":"Machine Learning","floor":33},{"not_picked":["Panic Button","Streamline+1"],"picked":"ReplayTheSpireMod:Reroute Power+1","floor":35},{"not_picked":["Steam+1","Redo"],"picked":"White Noise+1","floor":36},{"not_picked":["Gash+1","Barrage+1"],"picked":"Crystallizer+1","floor":37},{"not_picked":["Creative AI","Redo"],"picked":"FIFO Queue+1","floor":39},{"not_picked":["hubris:SpecializedCircuitry","FIFO Queue","conspire:SharedLibrary+1"],"picked":"SKIP","floor":40},{"not_picked":["Coolheaded+1","hubris:Prefetch"],"picked":"Auto Shields","floor":42},{"not_picked":["Capacitor","Sweeping Beam","Steam"],"picked":"SKIP","floor":45},{"not_picked":["Cold Snap+1","Time Bomb+1"],"picked":"Redo+1","floor":48}],"player_experience":23889,"relics_obtained":[{"floor":8,"key":"Unceasing Top"},{"floor":9,"key":"Pen Nib"},{"floor":22,"key":"conspire:Flyswatter"},{"floor":26,"key":"ReplayFunnel"},{"floor":40,"key":"CaptainsWheel"},{"floor":42,"key":"Replay:Bandana"},{"floor":43,"key":"Simple Rune"}],"event_choices":[{"cards_removed":["hubris:Prefetch"],"damage_healed":0,"gold_gain":0,"player_choice":"Took Card","damage_taken":0,"max_hp_gain":0,"max_hp_loss":0,"event_name":"NoteForYourself","floor":2,"gold_loss":0,"cards_obtained":["Iron Wave"]}],"is_beta":false,"boss_relics":[{"not_picked":["Runic Dome","aspiration:SecretTechniqueScroll"],"picked":"hubris:RunicObelisk"},{"not_picked":["ReplayTheSpireMod:DimensionalGlitch","hubris:BlackHole"],"picked":"aspiration:Stellarator"}],"items_purged_floors":[44],"is_endless":false,"potions_floor_spawned":[4,11,12,14,16,20,24,29,30,36,42,45],"ascension_level":0}}