{"host":"c97twqu0op5dg8i4","time":1610256227,"event":{"mods":["BaseMod","Minty Spire (QoL Compilation)","Permanent Neow"],"gold_per_floor":[116,116,128,128,53,53,82,82,109,125,159,179,179,204,204,302,302,318,233,233,52,93,93,120,120,120,145,145,180,36,52,52,151,151,197,107,28,73,73,73,102,118,141,160,160,193,193,224,224,224],"floor_reached":51,"playtime":1601,"items_purged":[],"score":1054,"play_id":"1a074ba0-4f5f-4ce8-821e-9acc7d0df427","local_time":"20210110002347","is_ascension_mode":true,"campfire_choices":[{"data":"Eruption","floor":6,"key":"SMITH"},{"data":"TalkToTheHand","floor":8,"key":"SMITH"},{"data":"Vigilance","floor":13,"key":"SMITH"},{"data":"FlurryOfBlows","floor":15,"key":"SMITH"},{"data":"Wallop","floor":23,"key":"SMITH"},{"data":"Wish","floor":25,"key":"SMITH"},{"data":"TalkToTheHand","floor":32,"key":"SMITH"},{"data":"Madness","floor":40,"key":"SMITH"},{"floor":45,"key":"REST"},{"floor":47,"key":"REST"},{"data":"Madness","floor":49,"key":"SMITH"}],"circlet_count":0,"master_deck":["Defend_P","Defend_P","Defend_P","Eruption+1","Vigilance+1","CutThroughFate+1","TalkToTheHand+1","FlurryOfBlows+1","EmptyFist","FollowUp","FlurryOfBlows+1","CutThroughFate","Wish+1","BowlingBash+1","EmptyFist","Wallop+1","SashWhip","Consecrate","TalkToTheHand+1","Protect+1","Judgement+1","Sanctity+1","MasterReality+1","Consecrate+1","Protect+1","Madness+1","Madness+1","ClearTheMind+1","TalkToTheHand"],"relics":["PureWater","Orichalcum","Unceasing Top","Tiny Chest","Whetstone","Bag of Marbles","Philosopher\u0027s Stone","Pen Nib","Vajra","Red Mask","Happy Flower","Oddly Smooth Stone","Ancient Tea Set","MealTicket","Membership Card","Astrolabe","PreservedInsect","Anchor","Akabeko","Regal Pillow","The Courier"],"acts_visited":["Exordium","TheCity","TheBeyond"],"potions_floor_usage":[14,14,24,41,50,50],"damage_taken":[{"damage":0,"enemies":"2 Louse","floor":1,"turns":2},{"damage":3,"enemies":"Small Slimes","floor":3,"turns":2},{"damage":10,"enemies":"Gremlin Nob","floor":7,"turns":3},{"damage":0,"enemies":"Cultist","floor":10,"turns":2},{"damage":23,"enemies":"Lagavulin","floor":11,"turns":3},{"damage":1,"enemies":"Looter","floor":12,"turns":2},{"damage":5,"enemies":"3 Sentries","floor":14,"turns":3},{"damage":0,"enemies":"Slime Boss","floor":16,"turns":3},{"damage":2,"enemies":"Chosen","floor":18,"turns":2},{"damage":6,"enemies":"Spheric Guardian","floor":22,"turns":3},{"damage":2,"enemies":"Masked Bandits","floor":24,"turns":3},{"damage":0,"enemies":"Book of Stabbing","floor":27,"turns":2},{"damage":15,"enemies":"Slavers","floor":29,"turns":4},{"damage":4,"enemies":"Cultist and Chosen","floor":31,"turns":3},{"damage":17,"enemies":"Champ","floor":33,"turns":7},{"damage":0,"enemies":"3 Darklings","floor":35,"turns":2},{"damage":0,"enemies":"3 Shapes","floor":38,"turns":3},{"damage":22,"enemies":"Nemesis","floor":41,"turns":3},{"damage":17,"enemies":"Transient","floor":42,"turns":5},{"damage":11,"enemies":"4 Shapes","floor":44,"turns":3},{"damage":5,"enemies":"Reptomancer","floor":46,"turns":4},{"damage":0,"enemies":"Giant Head","floor":48,"turns":6},{"damage":45,"enemies":"Awakened One","floor":50,"turns":12}],"seed_played":"3990022057822476350","potions_obtained":[{"floor":7,"key":"Regen Potion"},{"floor":11,"key":"Explosive Potion"},{"floor":14,"key":"Block Potion"},{"floor":16,"key":"Dexterity Potion"},{"floor":24,"key":"SteroidPotion"},{"floor":29,"key":"GamblersBrew"},{"floor":41,"key":"BlessingOfTheForge"},{"floor":42,"key":"SpeedPotion"}],"is_trial":false,"path_per_floor":["M","?","M","?","$","R","E","R","T","M","E","M","R","E","R","B",null,"M","?","?","$","M","R","?","R","T","E","T","E","$","M","R","B",null,"M","?","$","M","?","R","E","M","T","M","R","E","R","E","R","B",null],"character_chosen":"WATCHER","items_purchased":["TalkToTheHand","Vajra","Wallop","Membership Card","PreservedInsect"],"campfire_rested":2,"item_purchase_floors":[5,21,21,30,37],"current_hp_per_floor":[72,72,69,74,74,74,64,64,64,64,41,40,40,40,40,40,77,75,75,75,75,69,69,67,67,67,67,67,52,67,63,63,46,77,77,77,77,77,67,67,45,28,28,17,40,35,73,73,73,28],"gold":224,"neow_bonus":"RANDOM_COMMON_RELIC","is_daily":false,"chose_seed":false,"campfire_upgraded":9,"win_rate":0.0,"timestamp":1610256227,"path_taken":["M","?","M","?","$","R","E","R","T","M","E","M","R","E","R","BOSS","M","?","?","$","M","R","?","R","T","E","?","E","$","M","R","BOSS","M","?","$","?","?","R","E","M","T","M","R","E","R","E","R","BOSS"],"items_purchased_type":["Card","Relic","Card","Relic","Relic"],"build_version":"2020-12-22","purchased_purges":0,"victory":true,"max_hp_per_floor":[72,72,72,77,77,77,77,77,77,77,77,77,77,77,77,77,77,77,77,77,77,77,77,77,77,77,77,77,77,77,77,77,77,77,77,77,77,77,77,77,77,77,77,77,77,77,77,77,77,77],"card_choices":[{"not_picked":["FlyingSleeves","FlurryOfBlows"],"picked":"CutThroughFate","floor":1},{"not_picked":["Fasting2","InnerPeace","Prostrate"],"picked":"SKIP","floor":3},{"not_picked":["Fasting2","Crescendo"],"picked":"FlurryOfBlows","floor":7},{"not_picked":["BowlingBash","ClearTheMind"],"picked":"EmptyFist","floor":10},{"not_picked":["Blasphemy","ClearTheMind"],"picked":"FollowUp","floor":11},{"not_picked":["Protect","DeceiveReality"],"picked":"FlurryOfBlows","floor":12},{"not_picked":["ThirdEye","SashWhip"],"picked":"CutThroughFate","floor":14},{"not_picked":["Ragnarok","MasterReality"],"picked":"Wish","floor":16},{"not_picked":["Evaluate","EmptyMind"],"picked":"BowlingBash+1","floor":18},{"not_picked":["ClearTheMind","CrushJoints"],"picked":"SashWhip","floor":22},{"not_picked":["EmptyBody","WaveOfTheHand"],"picked":"Consecrate","floor":27},{"not_picked":["WheelKick+1","Sanctity+1"],"picked":"TalkToTheHand","floor":29},{"not_picked":["Judgement","Fasting2"],"picked":"Protect+1","floor":31},{"not_picked":["FollowUp+1","JustLucky+1"],"picked":"Consecrate","floor":35},{"not_picked":["BowlingBash","Collect"],"picked":"Protect+1","floor":38},{"not_picked":["Consecrate+1","SashWhip","ClearTheMind+1"],"picked":"SKIP","floor":41},{"not_picked":["Consecrate+1","SashWhip"],"picked":"ClearTheMind+1","floor":41},{"not_picked":["Consecrate","Crescendo","BowlingBash"],"picked":"SKIP","floor":42},{"not_picked":["Crescendo","Ragnarok","FollowUp"],"picked":"SKIP","floor":44},{"not_picked":["SandsOfTime+1","PathToVictory+1"],"picked":"TalkToTheHand","floor":46},{"not_picked":["DeceiveReality","Meditate+1","ThirdEye"],"picked":"SKIP","floor":48},{"not_picked":["DeceiveReality","Meditate+1","ThirdEye"],"picked":"SKIP","floor":48}],"player_experience":280690,"relics_obtained":[{"floor":7,"key":"Unceasing Top"},{"floor":9,"key":"Tiny Chest"},{"floor":11,"key":"Whetstone"},{"floor":14,"key":"Bag of Marbles"},{"floor":24,"key":"Red Mask"},{"floor":26,"key":"Happy Flower"},{"floor":27,"key":"Oddly Smooth Stone"},{"floor":28,"key":"Ancient Tea Set"},{"floor":29,"key":"MealTicket"},{"floor":41,"key":"Anchor"},{"floor":43,"key":"Akabeko"},{"floor":46,"key":"Regal Pillow"},{"floor":48,"key":"The Courier"}],"event_choices":[{"damage_healed":0,"gold_gain":0,"player_choice":"Leave","damage_taken":0,"max_hp_gain":0,"max_hp_loss":0,"event_name":"The Cleric","floor":2,"gold_loss":0},{"damage_healed":0,"gold_gain":0,"player_choice":"Donut","damage_taken":0,"max_hp_gain":5,"max_hp_loss":0,"event_name":"Big Fish","floor":4,"gold_loss":0},{"damage_healed":0,"gold_gain":0,"player_choice":"Obtained Relic","damage_taken":0,"relics_obtained":["Pen Nib"],"max_hp_gain":0,"max_hp_loss":0,"event_name":"Addict","floor":19,"gold_loss":85},{"damage_healed":0,"gold_gain":0,"cards_transformed":["Strike_P","Strike_P"],"player_choice":"Became Test Subject","damage_taken":0,"max_hp_gain":0,"max_hp_loss":0,"event_name":"Drug Dealer","floor":20,"gold_loss":0,"cards_obtained":["EmptyFist","WindmillStrike"]},{"damage_healed":0,"gold_gain":0,"player_choice":"Fought Bandits","damage_taken":0,"max_hp_gain":0,"max_hp_loss":0,"event_name":"Masked Bandits","floor":24,"gold_loss":0},{"cards_removed":["WindmillStrike"],"damage_healed":0,"gold_gain":0,"player_choice":"Upgrade and Remove","damage_taken":0,"max_hp_gain":0,"max_hp_loss":0,"event_name":"Designer","floor":36,"gold_loss":90,"cards_upgraded":["Consecrate"]},{"damage_healed":0,"gold_gain":0,"player_choice":"Embrace Madness","damage_taken":10,"max_hp_gain":0,"max_hp_loss":0,"event_name":"Winding Halls","floor":39,"gold_loss":0,"cards_obtained":["Madness","Madness"]}],"is_beta":false,"boss_relics":[{"not_picked":["HolyWater","Ectoplasm"],"picked":"Philosopher\u0027s Stone"},{"not_picked":["Runic Dome","Sozu"],"picked":"Astrolabe"}],"items_purged_floors":[],"is_endless":false,"potions_floor_spawned":[7,11,14,16,24,29,41,42,44,48],"ascension_level":4}}