{"host":"5waj3nq586zfb9qv","time":1610296684,"event":{"mods":["BaseMod","Better Vampires","Colored Map","Colored Powertips","GifTheSpireLib","Highlight Path","Minty Spire (QoL Compilation)","Quick Restart","Shop Mod","StSLib","SuperFastMode","Waifu the Spire"],"gold_per_floor":[111,125,140,156,61,93,108,141,190,208,61,72,72,82,82,185,185,196,216,216,315,333,362,362,112,162,162,2,2,27,41,41,140,140,151,197,247,247,247,247,61,61,61,90,105,119,40,71,71,71],"floor_reached":51,"playtime":3127,"items_purged":["Strike_G","Strike_G","Strike_G","Strike_G"],"score":780,"play_id":"020713d3-d8fb-4b08-b97c-8b9982002028","local_time":"20210111003804","is_ascension_mode":false,"campfire_choices":[{"floor":13.0,"key":"REST"},{"floor":15.0,"key":"REST"},{"floor":24.0,"key":"REST"},{"floor":27.0,"key":"REST"},{"floor":29.0,"key":"REST"},{"floor":32.0,"key":"REST"},{"floor":40.0,"key":"REST"},{"floor":42.0,"key":"REST"},{"floor":49.0,"key":"REST"}],"circlet_count":0,"master_deck":["Defend_G","Defend_G","Defend_G","Defend_G","Defend_G","Survivor","Neutralize","Blade Dance","PiercingWail","Concentrate","Prepared","Backflip","Accuracy","Cloak And Dagger","Expertise","Blade Dance","Accuracy","Backflip","Night Terror","CurseOfTheBell","Infinite Blades","Shame","Blade Dance","Cloak And Dagger","Accuracy","Well Laid Plans","Acrobatics","Burst","Leg Sweep","Backflip+1","Blind","Infinite Blades","Cloak And Dagger+1","Acrobatics","Bullet Time"],"relics":["Fusion Hammer","Bag of Preparation","CaptainsWheel","Potion Belt","Calling Bell","Regal Pillow","Mummified Hand","Du-Vu Doll","Matryoshka","Lantern","Boot","Toy Ornithopter","Torii","Philosopher\u0027s Stone","StoneCalendar","Incense Burner","PreservedInsect","HornCleat","Happy Flower","Mercury Hourglass"],"acts_visited":["Exordium","TheCity","TheBeyond"],"potions_floor_usage":[50,50,50,50],"damage_taken":[{"damage":0.0,"enemies":"Cultist","floor":1.0,"turns":4.0},{"damage":0.0,"enemies":"Small Slimes","floor":2.0,"turns":3.0},{"damage":0.0,"enemies":"Jaw Worm","floor":3.0,"turns":3.0},{"damage":2.0,"enemies":"Blue Slaver","floor":4.0,"turns":4.0},{"damage":28.0,"enemies":"Lagavulin","floor":6.0,"turns":10.0},{"damage":2.0,"enemies":"Exordium Thugs","floor":7.0,"turns":5.0},{"damage":6.0,"enemies":"3 Sentries","floor":8.0,"turns":8.0},{"damage":0.0,"enemies":"Exordium Wildlife","floor":10.0,"turns":3.0},{"damage":11.0,"enemies":"3 Louse","floor":12.0,"turns":2.0},{"damage":0.0,"enemies":"Red Slaver","floor":14.0,"turns":3.0},{"damage":20.0,"enemies":"The Guardian","floor":16.0,"turns":8.0},{"damage":0.0,"enemies":"Spheric Guardian","floor":18.0,"turns":2.0},{"damage":10.0,"enemies":"Shell Parasite","floor":19.0,"turns":4.0},{"damage":2.0,"enemies":"Sentry and Sphere","floor":22.0,"turns":4.0},{"damage":11.0,"enemies":"Book of Stabbing","floor":23.0,"turns":5.0},{"damage":20.0,"enemies":"Gremlin Leader","floor":30.0,"turns":5.0},{"damage":7.0,"enemies":"3 Cultists","floor":31.0,"turns":5.0},{"damage":25.0,"enemies":"Champ","floor":33.0,"turns":5.0},{"damage":0.0,"enemies":"3 Shapes","floor":35.0,"turns":4.0},{"damage":29.0,"enemies":"2 Orb Walkers","floor":36.0,"turns":5.0},{"damage":0.0,"enemies":"Mind Bloom Boss Battle","floor":37.0,"turns":4.0},{"damage":0.0,"enemies":"Giant Head","floor":44.0,"turns":4.0},{"damage":10.0,"enemies":"3 Darklings","floor":45.0,"turns":4.0},{"damage":1.0,"enemies":"Sphere and 2 Shapes","floor":46.0,"turns":4.0},{"damage":8.0,"enemies":"Reptomancer","floor":48.0,"turns":3.0},{"damage":26,"enemies":"Time Eater","floor":50,"turns":10}],"seed_played":"-1644766764722572815","potions_obtained":[{"floor":2.0,"key":"Regen Potion"},{"floor":4.0,"key":"GamblersBrew"},{"floor":6.0,"key":"GamblersBrew"},{"floor":7.0,"key":"ColorlessPotion"},{"floor":12.0,"key":"DistilledChaos"},{"floor":18.0,"key":"DistilledChaos"},{"floor":22.0,"key":"Dexterity Potion"},{"floor":33.0,"key":"FearPotion"},{"floor":36.0,"key":"SkillPotion"},{"floor":45.0,"key":"Weak Potion"}],"is_trial":false,"path_per_floor":["M","M","M","M","$","E","M","E","T","M","$","M","R","M","R","B",null,"M","M","?","?","M","E","R","$","T","R","$","R","E","M","R","B",null,"M","?","?","?","?","R","$","R","T","E","M","M","$","E","R","B",null],"character_chosen":"THE_SILENT","items_purchased":["Backflip","Accuracy","Accuracy","Lantern","Accuracy","Infinite Blades","Bullet Time"],"campfire_rested":9,"item_purchase_floors":[5,5,11,25,28,41,47],"current_hp_per_floor":[70,70,70,68,68,40,38,32,32,32,32,21,42,42,63,43,70,70,60,60,60,58,47,70,70,70,70,70,70,50,43,70,45,70,70,46,60,60,60,70,70,70,70,70,60,59,59,51,70,44],"gold":71,"neow_bonus":"BOSS_RELIC","is_daily":false,"chose_seed":false,"campfire_upgraded":0,"win_rate":0.0,"timestamp":1610296684,"path_taken":["M","M","M","M","?","E","M","E","T","M","$","M","R","M","R","BOSS","M","M","?","?","M","E","R","?","T","R","$","R","E","?","R","BOSS","M","?","?","?","?","R","$","R","T","E","?","M","?","E","R","BOSS"],"items_purchased_type":["Card","Card","Card","Relic","Card","Card","Card"],"build_version":"2020-12-22","purchased_purges":4,"victory":true,"max_hp_per_floor":[70,70,70,70,70,70,70,70,70,70,70,70,70,70,70,70,70,70,70,70,70,70,70,70,70,70,70,70,70,70,70,70,70,70,70,70,70,70,70,70,70,70,70,70,70,70,70,70,70,70],"card_choices":[{"not_picked":["Poisoned Stab","Outmaneuver"],"picked":"Blade Dance","floor":1.0},{"not_picked":["Poisoned Stab","Deflect"],"picked":"PiercingWail","floor":2.0},{"not_picked":["Dagger Spray","Calculated Gamble"],"picked":"Concentrate","floor":3.0},{"not_picked":["Dagger Throw","Masterful Stab"],"picked":"Prepared","floor":4.0},{"not_picked":["Sucker Punch","Quick Slash"],"picked":"Cloak And Dagger","floor":6.0},{"not_picked":["Sucker Punch","Glass Knife"],"picked":"Expertise","floor":7.0},{"not_picked":["Backflip","Deflect"],"picked":"Blade Dance","floor":8.0},{"not_picked":["All Out Attack","Deadly Poison","Catalyst"],"picked":"SKIP","floor":10.0},{"not_picked":["Expertise","Bane"],"picked":"Backflip","floor":12.0},{"not_picked":["Flechettes","Caltrops","Deadly Poison"],"picked":"SKIP","floor":14.0},{"not_picked":["Malaise","Die Die Die"],"picked":"Night Terror","floor":16.0},{"not_picked":["Eviscerate+1","Prepared+1","Concentrate"],"picked":"SKIP","floor":18.0},{"not_picked":["Quick Slash","Underhanded Strike+1"],"picked":"Infinite Blades","floor":19.0},{"not_picked":["Backflip","Finisher+1"],"picked":"Blade Dance","floor":22.0},{"not_picked":["Deadly Poison","Footwork"],"picked":"Cloak And Dagger","floor":23.0},{"not_picked":["Heel Hook+1","Escape Plan"],"picked":"Well Laid Plans","floor":30.0},{"not_picked":["Accuracy","Catalyst"],"picked":"Acrobatics","floor":31.0},{"not_picked":["Doppelganger","Unload"],"picked":"Burst","floor":33.0},{"not_picked":["Heel Hook","PiercingWail+1"],"picked":"Leg Sweep","floor":35.0},{"not_picked":["Well Laid Plans","Escape Plan+1"],"picked":"Backflip+1","floor":37.0},{"not_picked":["Magnetism","Good Instincts"],"picked":"Blind","floor":38.0},{"not_picked":["Night Terror","Blur"],"picked":"Cloak And Dagger+1","floor":44.0},{"not_picked":["Bane+1","Poisoned Stab","Flying Knee+1"],"picked":"SKIP","floor":45.0},{"not_picked":["Leg Sweep+1","Sucker Punch"],"picked":"Acrobatics","floor":46.0},{"not_picked":["All Out Attack","Prepared+1","Endless Agony+1"],"picked":"SKIP","floor":48.0}],"player_experience":49915,"relics_obtained":[{"floor":6.0,"key":"Bag of Preparation"},{"floor":8.0,"key":"CaptainsWheel"},{"floor":9.0,"key":"Potion Belt"},{"floor":17.0,"key":"Regal Pillow"},{"floor":17.0,"key":"Mummified Hand"},{"floor":17.0,"key":"Du-Vu Doll"},{"floor":26.0,"key":"Boot"},{"floor":26.0,"key":"Toy Ornithopter"},{"floor":30.0,"key":"Torii"},{"floor":36.0,"key":"StoneCalendar"},{"floor":37.0,"key":"Incense Burner"},{"floor":43.0,"key":"PreservedInsect"},{"floor":43.0,"key":"HornCleat"},{"floor":44.0,"key":"Happy Flower"},{"floor":48.0,"key":"Mercury Hourglass"}],"event_choices":[{"damage_healed":0.0,"max_hp_gain":0.0,"max_hp_loss":0.0,"gold_gain":0.0,"event_name":"Addict","player_choice":"Stole Relic","floor":20.0,"gold_loss":0.0,"damage_taken":0.0,"relics_obtained":["Matryoshka"],"cards_obtained":["Shame"]},{"damage_healed":0.0,"max_hp_gain":0.0,"max_hp_loss":0.0,"gold_gain":99.0,"event_name":"Nest","player_choice":"Stole From Cult","floor":21.0,"gold_loss":0.0,"damage_taken":0.0},{"damage_healed":0.0,"max_hp_gain":0.0,"max_hp_loss":0.0,"gold_gain":0.0,"event_name":"Mysterious Sphere","player_choice":"Fight","floor":36.0,"gold_loss":0.0,"damage_taken":0.0},{"damage_healed":0.0,"max_hp_gain":0.0,"max_hp_loss":0.0,"gold_gain":0.0,"event_name":"MindBloom","player_choice":"Fight","floor":37.0,"gold_loss":0.0,"damage_taken":0.0},{"damage_healed":0.0,"max_hp_gain":0.0,"max_hp_loss":0.0,"gold_gain":0.0,"event_name":"SensoryStone","player_choice":"Memory 1","floor":38.0,"gold_loss":0.0,"damage_taken":0.0},{"cards_removed":["Strike_G"],"damage_healed":0.0,"max_hp_gain":0.0,"max_hp_loss":0.0,"gold_gain":0.0,"event_name":"Falling","player_choice":"Removed Attack","floor":39.0,"gold_loss":0.0,"damage_taken":0.0}],"is_beta":false,"boss_relics":[{"not_picked":["Ectoplasm","SacredBark"],"picked":"Calling Bell"},{"not_picked":["Busted Crown","Snecko Eye"],"picked":"Philosopher\u0027s Stone"}],"items_purged_floors":[11,25,28,41],"is_endless":false,"potions_floor_spawned":[2,4,6,7,12,18,22,23,33,36,45,48],"ascension_level":0}}