{"host":"pbf6u3tyx46snqc7","time":1610282508,"event":{"mods":["AchievementEnabler","BaseMod","Colored Map","Minty Spire (QoL Compilation)","Rare Cards Sparkle","SuperFastMode"],"gold_per_floor":[111,1,16,16,16,16,43,60,60,60,95,0,0,0,0,97,97,115,115,115,132,143,175,175,205,229,248,248,265,298,314,314,412,412,427,12,31,79,90,90,117,117,117,132,132,214,234,14,14,14],"floor_reached":51,"playtime":2950,"items_purged":["Strike_R"],"score":1045,"play_id":"34da005d-8bbd-48b6-9d02-c1ae133b49b5","local_time":"20210110214148","is_ascension_mode":true,"campfire_choices":[{"data":"Burning Pact","floor":6.0,"key":"SMITH"},{"floor":10.0,"key":"REST"},{"data":"Armaments","floor":13.0,"key":"SMITH"},{"floor":15.0,"key":"REST"},{"data":"Barricade","floor":24.0,"key":"SMITH"},{"floor":28.0,"key":"REST"},{"floor":32.0,"key":"REST"},{"data":"Corruption","floor":40.0,"key":"SMITH"},{"floor":42.0,"key":"REST"},{"floor":49.0,"key":"REST"}],"circlet_count":0,"master_deck":["Strike_R","Strike_R","Strike_R","Strike_R","Defend_R","Defend_R","Defend_R","Defend_R","Bash+1","Ghostly Armor+1","Feel No Pain","Burning Pact+1","Fire Breathing","Shrug It Off","Uppercut","Evolve","Armaments+1","Corruption+1","Power Through","Second Wind","Warcry+1","Pommel Strike+1","Barricade+1","Wild Strike+1","Wild Strike","Armaments+1","Exhume","Headbutt","Body Slam","Intimidate+1","Warcry+1","Sever Soul","Madness","Madness","Evolve+1"],"relics":["Black Blood","Omamori","Strawberry","Bottled Tornado","Smiling Mask","Sozu","Potion Belt","Red Skull","Tiny Chest","Nunchaku","Unceasing Top","Charon\u0027s Ashes","Incense Burner","Frozen Egg 2","Mercury Hourglass","Regal Pillow"],"acts_visited":["TheBeyond"],"potions_floor_usage":[50],"damage_taken":[{"damage":6.0,"enemies":"Jaw Worm","floor":1.0,"turns":5.0},{"damage":1.0,"enemies":"2 Louse","floor":3.0,"turns":3.0},{"damage":44.0,"enemies":"Gremlin Nob","floor":7.0,"turns":5.0},{"damage":0.0,"enemies":"Cultist","floor":8.0,"turns":4.0},{"damage":31.0,"enemies":"Lagavulin","floor":11.0,"turns":11.0},{"damage":20.0,"enemies":"Slime Boss","floor":16.0,"turns":7.0},{"damage":8.0,"enemies":"Chosen","floor":18.0,"turns":5.0},{"damage":11.0,"enemies":"Spheric Guardian","floor":21.0,"turns":6.0},{"damage":7.0,"enemies":"Chosen and Byrds","floor":22.0,"turns":5.0},{"damage":37.0,"enemies":"Gremlin Leader","floor":23.0,"turns":8.0},{"damage":17.0,"enemies":"Book of Stabbing","floor":25.0,"turns":9.0},{"damage":0.0,"enemies":"Snecko","floor":27.0,"turns":6.0},{"damage":28.0,"enemies":"Cultist and Chosen","floor":29.0,"turns":6.0},{"damage":29.0,"enemies":"Slavers","floor":30.0,"turns":5.0},{"damage":13.0,"enemies":"Centurion and Healer","floor":31.0,"turns":7.0},{"damage":16.0,"enemies":"Automaton","floor":33.0,"turns":9.0},{"damage":4.0,"enemies":"Orb Walker","floor":35.0,"turns":6.0},{"damage":9.0,"enemies":"3 Darklings","floor":37.0,"turns":7.0},{"damage":20.0,"enemies":"2 Orb Walkers","floor":38.0,"turns":5.0},{"damage":55.0,"enemies":"Writhing Mass","floor":39.0,"turns":6.0},{"damage":38.0,"enemies":"Reptomancer","floor":41.0,"turns":6.0},{"damage":25.0,"enemies":"Jaw Worm Horde","floor":44.0,"turns":4.0},{"damage":0.0,"enemies":"3 Darklings","floor":47.0,"turns":6.0},{"damage":69,"enemies":"Awakened One","floor":50,"turns":10}],"seed_played":"8931577297487537797","potions_obtained":[{"floor":3.0,"key":"Ancient Potion"},{"floor":8.0,"key":"EssenceOfSteel"}],"is_trial":false,"path_per_floor":["M","$","M","?","?","R","E","M","T","R","E","$","R","$","R","B",null,"M","?","?","M","M","E","R","E","T","M","R","M","E","M","R","B",null,"M","$","M","?","M","R","E","R","T","M","?","T","M","$","R","B",null],"character_chosen":"IRONCLAD","items_purchased":["Feel No Pain","Burning Pact","Evolve","Armaments","Unceasing Top","Body Slam","Regal Pillow","Evolve+1"],"campfire_rested":6,"item_purchase_floors":[2,2,12,12,36,36,48,48],"current_hp_per_floor":[67,67,72,53,50,50,19,25,25,55,30,30,30,30,60,46,89,87,87,87,82,81,50,50,39,39,45,75,53,30,23,53,43,88,96,96,99,91,48,48,22,52,52,39,26,26,38,38,83,26],"gold":14,"neow_bonus":"TWENTY_PERCENT_HP_BONUS","is_daily":false,"chose_seed":false,"campfire_upgraded":4,"win_rate":0.0,"timestamp":1610282508,"path_taken":["M","$","M","?","?","R","E","M","T","R","E","$","R","$","R","BOSS","M","?","?","M","M","E","R","E","T","M","R","M","E","?","R","BOSS","M","$","M","?","M","R","E","R","T","M","?","?","?","$","R","BOSS"],"items_purchased_type":["Card","Card","Card","Card","Relic","Card","Relic","Card"],"build_version":"2020-12-22","purchased_purges":1,"victory":true,"max_hp_per_floor":[96,96,96,96,96,96,103,103,103,103,103,103,103,103,103,103,103,103,103,103,103,103,103,103,103,103,103,103,103,103,103,103,103,103,103,103,103,103,103,103,103,103,103,103,103,103,103,103,103,103],"card_choices":[{"not_picked":["Iron Wave","Body Slam"],"picked":"Ghostly Armor","floor":1.0},{"not_picked":["Rage","Warcry","Clash"],"picked":"SKIP","floor":3.0},{"not_picked":["Rampage","Thunderclap"],"picked":"Fire Breathing","floor":7.0},{"not_picked":["Berserk","Infernal Blade"],"picked":"Shrug It Off","floor":8.0},{"not_picked":["Flex","Berserk"],"picked":"Uppercut","floor":11.0},{"not_picked":["Reaper","Berserk"],"picked":"Corruption","floor":16.0},{"not_picked":["Whirlwind+1","Intimidate+1"],"picked":"Power Through","floor":18.0},{"not_picked":["Perfected Strike","Flex"],"picked":"Warcry+1","floor":21.0},{"not_picked":["Searing Blow+1","Uppercut"],"picked":"Pommel Strike+1","floor":22.0},{"not_picked":["Shockwave","Fire Breathing+1"],"picked":"Barricade","floor":23.0},{"not_picked":["Intimidate","Spot Weakness+1","Limit Break"],"picked":"SKIP","floor":25.0},{"not_picked":["Armaments","Anger+1"],"picked":"Wild Strike+1","floor":27.0},{"not_picked":["Heavy Blade+1","Clash"],"picked":"Wild Strike","floor":29.0},{"not_picked":["Cleave","Second Wind","Warcry"],"picked":"SKIP","floor":30.0},{"not_picked":["Pommel Strike","Rupture+1"],"picked":"Armaments+1","floor":31.0},{"not_picked":["Limit Break","Berserk"],"picked":"Exhume","floor":33.0},{"not_picked":["Armaments","Thunderclap+1"],"picked":"Headbutt","floor":35.0},{"not_picked":["Rage","Sword Boomerang"],"picked":"Intimidate+1","floor":37.0},{"not_picked":["Armaments","Uppercut+1"],"picked":"Warcry+1","floor":38.0},{"not_picked":["Blood for Blood+1","Inflame"],"picked":"Sever Soul","floor":39.0},{"not_picked":["Headbutt","Bludgeon","Pommel Strike"],"picked":"SKIP","floor":41.0},{"not_picked":["Warcry","Uppercut","Hemokinesis+1"],"picked":"SKIP","floor":44.0},{"not_picked":["Headbutt+1","Iron Wave+1","Carnage+1"],"picked":"SKIP","floor":47.0}],"player_experience":397664,"relics_obtained":[{"floor":7.0,"key":"Strawberry"},{"floor":9.0,"key":"Bottled Tornado"},{"floor":11.0,"key":"Smiling Mask"},{"floor":23.0,"key":"Potion Belt"},{"floor":25.0,"key":"Red Skull"},{"floor":26.0,"key":"Tiny Chest"},{"floor":30.0,"key":"Nunchaku"},{"floor":38.0,"key":"Charon\u0027s Ashes"},{"floor":41.0,"key":"Incense Burner"},{"floor":43.0,"key":"Frozen Egg 2"},{"floor":46.0,"key":"Mercury Hourglass"}],"event_choices":[{"damage_healed":0.0,"max_hp_gain":0.0,"max_hp_loss":0.0,"gold_gain":0.0,"event_name":"Shining Light","player_choice":"Entered Light","floor":4.0,"gold_loss":0.0,"damage_taken":19.0,"cards_upgraded":["Ghostly Armor","Bash"]},{"damage_healed":0.0,"max_hp_gain":0.0,"max_hp_loss":0.0,"gold_gain":0.0,"event_name":"Scrap Ooze","player_choice":"Success","floor":5.0,"gold_loss":0.0,"damage_taken":3.0,"relics_obtained":["Omamori"]},{"damage_healed":0.0,"max_hp_gain":0.0,"max_hp_loss":0.0,"gold_gain":0.0,"event_name":"The Library","player_choice":"Read","floor":19.0,"gold_loss":0.0,"damage_taken":0.0,"cards_obtained":["Second Wind"]},{"damage_healed":0.0,"max_hp_gain":0.0,"max_hp_loss":0.0,"gold_gain":0.0,"event_name":"The Woman in Blue","player_choice":"Bought 0 Potions","floor":20.0,"gold_loss":0.0,"damage_taken":0.0},{"damage_healed":0.0,"max_hp_gain":0.0,"max_hp_loss":0.0,"gold_gain":0.0,"event_name":"Mysterious Sphere","player_choice":"Fight","floor":38.0,"gold_loss":0.0,"damage_taken":0.0},{"damage_healed":0.0,"max_hp_gain":0.0,"max_hp_loss":0.0,"gold_gain":0.0,"event_name":"Winding Halls","player_choice":"Embrace Madness","floor":45.0,"gold_loss":0.0,"damage_taken":13.0,"cards_obtained":["Madness","Madness"]}],"is_beta":false,"boss_relics":[{"not_picked":["Runic Cube","Ectoplasm"],"picked":"Sozu"},{"not_picked":["Tiny House","Runic Pyramid"],"picked":"Black Blood"}],"items_purged_floors":[36],"is_endless":false,"potions_floor_spawned":[3,8,18,21,25,29,31,35,44],"ascension_level":8}}