{"host":"63rwe7p34ct1i0qu","time":1610294800,"event":{"mods":["BaseMod","Colored Map","DeckTracker","Minty Spire (QoL Compilation)","Permanent Neow","Quick Restart","StSLib"],"gold_per_floor":[118,130,130,146,164,164,182,213,213,228,152,152,169,183,183,183,183],"floor_reached":16,"playtime":566,"items_purged":[],"score":170,"play_id":"c806e01d-53ae-48b3-ba7a-0aff25fc60f5","local_time":"20210111010640","is_ascension_mode":true,"campfire_choices":[{"data":"Bouncing Flask","floor":6.0,"key":"SMITH"},{"floor":12.0,"key":"REST"},{"data":"Burst","floor":15.0,"key":"SMITH"}],"circlet_count":0,"master_deck":["AscendersBane","Strike_G","Strike_G","Strike_G","Strike_G","Strike_G","Defend_G","Defend_G","Defend_G","Defend_G","Defend_G","Survivor","Neutralize","Corpse Explosion","Bane+1","Bouncing Flask+1","Poisoned Stab","After Image","Burst+1","Backstab","Backstab","Expertise"],"relics":["Ring of the Snake","Thread and Needle","Question Card"],"acts_visited":["Exordium"],"potions_floor_usage":[16],"damage_taken":[{"damage":4.0,"enemies":"Small Slimes","floor":1.0,"turns":4.0},{"damage":6.0,"enemies":"Cultist","floor":2.0,"turns":4.0},{"damage":6.0,"enemies":"2 Louse","floor":4.0,"turns":3.0},{"damage":11.0,"enemies":"2 Fungi Beasts","floor":5.0,"turns":3.0},{"damage":0.0,"enemies":"Blue Slaver","floor":7.0,"turns":3.0},{"damage":18.0,"enemies":"3 Sentries","floor":8.0,"turns":4.0},{"damage":0.0,"enemies":"Large Slime","floor":10.0,"turns":7.0},{"damage":0.0,"enemies":"2 Fungi Beasts","floor":13.0,"turns":2.0},{"damage":1.0,"enemies":"Blue Slaver","floor":14.0,"turns":2.0},{"damage":45,"enemies":"Slime Boss","floor":16,"turns":7}],"seed_played":"-1840682900721384483","potions_obtained":[{"floor":2.0,"key":"Strength Potion"},{"floor":5.0,"key":"CultistPotion"},{"floor":13.0,"key":"SkillPotion"}],"is_trial":false,"path_per_floor":["M","M","?","M","M","R","M","E","T","M","$","R","M","M","R","B"],"character_chosen":"THE_SILENT","items_purchased":["Regen Potion"],"campfire_rested":1,"item_purchase_floors":[11],"current_hp_per_floor":[59,53,53,47,36,36,36,18,18,18,18,36,45,44,44,0,0],"gold":183,"neow_bonus":"THREE_RARE_CARDS","is_daily":false,"chose_seed":false,"campfire_upgraded":2,"win_rate":0.0,"timestamp":1610294800,"path_taken":["M","M","?","?","?","R","M","E","T","M","$","R","M","M","R","BOSS"],"items_purchased_type":["Potion"],"build_version":"2020-12-22","purchased_purges":0,"victory":false,"max_hp_per_floor":[63,63,63,63,63,63,63,63,63,63,63,63,63,63,63,63,63],"card_choices":[{"not_picked":["Adrenaline","Unload"],"picked":"Corpse Explosion","floor":0.0},{"not_picked":["Deadly Poison","Heel Hook"],"picked":"Bane","floor":1.0},{"not_picked":["Well Laid Plans","Poisoned Stab"],"picked":"Bouncing Flask","floor":2.0},{"not_picked":["Sucker Punch","Dodge and Roll"],"picked":"Poisoned Stab","floor":4.0},{"not_picked":["Expertise","Choke"],"picked":"After Image","floor":5.0},{"not_picked":["Underhanded Strike","Flying Knee","Concentrate"],"picked":"SKIP","floor":7.0},{"not_picked":["Malaise","PiercingWail"],"picked":"Burst","floor":8.0},{"not_picked":["Well Laid Plans","Bane","Endless Agony"],"picked":"Backstab","floor":10.0},{"not_picked":["Deflect","Sucker Punch","Dagger Throw"],"picked":"Backstab","floor":13.0},{"not_picked":["Tactician","Riddle With Holes","Slice"],"picked":"Expertise","floor":14.0}],"player_experience":835872,"relics_obtained":[{"floor":8.0,"key":"Thread and Needle"},{"floor":9.0,"key":"Question Card"}],"event_choices":[{"damage_healed":0.0,"max_hp_gain":0.0,"max_hp_loss":0.0,"gold_gain":0.0,"event_name":"Upgrade Shrine","player_choice":"Upgraded","floor":3.0,"gold_loss":0.0,"damage_taken":0.0,"cards_upgraded":["Bane"]}],"is_beta":false,"boss_relics":[],"items_purged_floors":[],"is_endless":false,"potions_floor_spawned":[2,5,7,13,14],"killed_by":"Slime Boss","ascension_level":12}}