{"host":"67w4bo1ws77yotej","time":1610238289,"event":{"mods":["Arknights The Spire","Aspiration","BaseMod","Ekko","Energized Spire","Friendly Minions","Gremlin Mod","Halation","Hero for Fun","Hubris","Infinite Spire","Kiyohime????","Minty Spire (QoL Compilation)","READ ME - Guardian Mod","READ ME - Snecko Mod","StSLib","The Cursed","The Wild Card","TheHero","vexMod"],"gold_per_floor":[113,113,131,131,96,122,122,140,140,153,164,139,165,183,183,285,285,302,302,322,335,335,335,335],"floor_reached":23,"playtime":1840,"items_purged":[],"score":218,"play_id":"87e5856c-411c-478b-b963-0da40bb97f13","local_time":"20210110012449","is_ascension_mode":false,"campfire_choices":[{"data":"ats:Emotion Absorption","floor":7,"key":"SMITH"},{"floor":15,"key":"REST"}],"circlet_count":0,"master_deck":["ats:Strike C","ats:Strike G","ats:Strike S","ats:Strike V","ats:Armor Crushing Shot","ats:Defend","ats:Defend","ats:Defend","ats:Defend","ats:Emotion Absorption+1","ats:Sunburst","ats:Sword Rain","ats:Assault Order","ats:Leaping Hammer","ats:Shell Defense","ats:Song Of Battle","ats:Leaping Hammer","ats:Calcification","ats:Ignite+1","ats:Calcification","ats:Hammer On","ats:Explosion Area Strengthen+1"],"relics":["ats:Sanity","NeowsBlessing","hubris:Towel","ats:Rhine Circuitry","ats:Originium","Torii","Tiny Chest","Bag of Preparation","Vajra","ats:Tactical Delivery","halation:AfternoonTea"],"acts_visited":["Exordium","TheCity"],"potions_floor_usage":[16,16,20,23],"damage_taken":[{"damage":0,"enemies":"Cultist","floor":1,"turns":1},{"damage":0,"enemies":"2 Louse","floor":3,"turns":1},{"damage":0,"enemies":"Lagavulin","floor":6,"turns":1},{"damage":13,"enemies":"infinitespire:Voidling","floor":8,"turns":4},{"damage":1,"enemies":"Lots of Slimes","floor":10,"turns":2},{"damage":7,"enemies":"2 Fungi Beasts","floor":11,"turns":4},{"damage":7,"enemies":"3 Louse","floor":14,"turns":3},{"damage":57,"enemies":"Hexaghost","floor":16,"turns":13},{"damage":9,"enemies":"Shell Parasite","floor":18,"turns":6},{"damage":21,"enemies":"2 Thieves","floor":20,"turns":5},{"damage":39,"enemies":"Sentry and Sphere","floor":21,"turns":9},{"damage":47,"enemies":"Gremlin Leader","floor":23,"turns":7}],"seed_played":"864163472897069965","potions_obtained":[{"floor":6,"key":"LiquidBronze"},{"floor":11,"key":"Ancient Potion"},{"floor":14,"key":"Weak Potion"},{"floor":16,"key":"Regen Potion"},{"floor":18,"key":"Ancient Potion"}],"is_trial":false,"path_per_floor":["M","?","M","?","$","E","R","M","T","M","M","?","T","M","R","B",null,"M","?","M","M","T","E"],"character_chosen":"DOCTOR_CLASS","items_purchased":["ats:Sword Rain"],"campfire_rested":1,"item_purchase_floors":[5],"current_hp_per_floor":[72,72,72,72,72,72,72,59,59,58,51,51,51,44,65,8,72,69,69,65,41,41,0,0],"gold":335,"neow_bonus":"THREE_ENEMY_KILL","is_daily":false,"chose_seed":false,"campfire_upgraded":1,"win_rate":0.0,"timestamp":1610238289,"path_taken":["M","?","M","?","$","E","R","M","T","?","?","?","?","M","R","BOSS","M","?","?","?","?","E"],"items_purchased_type":["Card"],"build_version":"2020-12-22","purchased_purges":0,"victory":false,"max_hp_per_floor":[72,72,72,72,72,72,72,72,72,72,72,72,72,72,72,72,72,72,72,72,72,72,72,72],"card_choices":[{"not_picked":["ats:Leaping Hammer","ats:Powerful Strike"],"picked":"ats:Assault Order","floor":1},{"not_picked":["ats:Closed Bolt Burst Fire","ats:Poison Spread"],"picked":"ats:Sunburst","floor":3},{"not_picked":["ats:Revitalization","ats:Mental Burst"],"picked":"ats:Assault Order","floor":6},{"not_picked":["ats:Powerful Strike","ats:Support Order"],"picked":"ats:Leaping Hammer","floor":8},{"not_picked":["ats:Encircling Forest","ats:Collapsing Strike"],"picked":"ats:Shell Defense","floor":10},{"not_picked":["ats:Part Time Job","ats:Rapid Magazine"],"picked":"ats:Song Of Battle","floor":11},{"not_picked":["ats:Flexible Camouflage","ats:Consecutive Shot Auto"],"picked":"ats:Leaping Hammer","floor":14},{"not_picked":["ats:Nebulous Foxfire","ats:Wolf Pack"],"picked":"ats:Calcification","floor":16},{"not_picked":["ats:Very Hot Blade","ats:Beaten Up"],"picked":"ats:Ignite+1","floor":18},{"not_picked":["ats:Ignite","ats:Overload"],"picked":"ats:Hammer On","floor":20},{"not_picked":["ats:Assault Order","ats:Curse Doll"],"picked":"ats:Explosion Area Strengthen+1","floor":21}],"player_experience":137247,"relics_obtained":[{"floor":6,"key":"ats:Originium"},{"floor":6,"key":"Torii"},{"floor":9,"key":"Tiny Chest"},{"floor":13,"key":"Vajra"},{"floor":22,"key":"halation:AfternoonTea"}],"event_choices":[{"cards_removed":["ats:Assault Order"],"damage_healed":0,"gold_gain":0,"player_choice":"Gave Card","damage_taken":0,"relics_obtained":["ats:Rhine Circuitry"],"max_hp_gain":0,"max_hp_loss":0,"event_name":"WeMeetAgain","floor":4,"gold_loss":0},{"damage_healed":0,"gold_gain":0,"player_choice":"Copied","damage_taken":0,"max_hp_gain":0,"max_hp_loss":0,"event_name":"Duplicator","floor":19,"gold_loss":0,"cards_obtained":["ats:Calcification"]}],"is_beta":false,"boss_relics":[{"not_picked":["energizedSpire:RedRose","halation:PlatinumPhoenix"],"picked":"ats:Tactical Delivery"}],"items_purged_floors":[],"is_endless":false,"potions_floor_spawned":[6,11,14,16,18],"killed_by":"Gremlin Leader","ascension_level":0}}