{"host":"egwexuw5uvnxf11j","time":1610315705,"event":{"mods":["2.2 Compatiblity","Aspiration","BaseMod","Better Altar","Better Note","Better Sensory Stone","Better Third Choice","Displayed Cursed Tome","Downfall","Hermit","Key Reminder","Koishi","Marisa????????","Minty Spire (QoL Compilation)","Quick Restart","Shade Mod","Spicy Shops","StSLib","The Construct","The Cursed","The Hierophant","The Runesmith","The Senshi","The Servant 0.9.4","Transform Curses"],"gold_per_floor":[118,135,135,146,9,36,51,76,102,34,61,11,39,75,84,192,192,220,248,266,294,303,345,370,14,40,40,40],"floor_reached":27,"playtime":1240,"items_purged":["Shame"],"score":331,"play_id":"7a5c0b40-1cff-4196-a1be-d24c682e02f8","local_time":"20210110165505","is_ascension_mode":true,"campfire_choices":[{"floor":15,"key":"REST"}],"circlet_count":0,"master_deck":["Koishi:BasicStrike","Koishi:BasicStrike","Koishi:BasicStrike","Koishi:BasicStrike","Koishi:BasicDefend","Koishi:BasicDefend","Koishi:BasicDefend","Koishi:BasicDefend","Koishi:Provoke","Koishi:HauntingSlash+1","Koishi:PhantomBarrier","Koishi:JumpScare","Koishi:PredatoryInstincts","Koishi:MindNumbingTerror","Koishi:BloodcurdlingScream","Koishi:FleetingPhantom","Koishi:JumpScare","Koishi:StingingMind","Koishi:UnseenTerror","Koishi:ParalyzingFear","Koishi:DanmakuParanoia","Koishi:RoseHell","Koishi:TremblingHands","Koishi:HeartStoppingHorror","Koishi:Jaunt","Koishi:BloodcurdlingScream","Apotheosis","Panache","Koishi:PredatoryInstincts","Koishi:RacingHeart","Koishi:UnseenTerror+1","Koishi:TremblingHands"],"relics":["Koishi:ImaginaryFriend","Runesmith:AutoHammer","Koishi:BloodstainedWhiteRose","Smiling Mask","keyreminder:keyreminder","Dream Catcher","CeramicFish","Bag of Preparation","construct:WeddingRing","Blood Vial","Membership Card","Kunai","PreservedInsect"],"acts_visited":["Exordium","TheCity"],"potions_floor_usage":[6,11,16],"damage_taken":[{"damage":0,"enemies":"Cultist","floor":1,"turns":4},{"damage":4,"enemies":"2 Louse","floor":2,"turns":4},{"damage":4,"enemies":"Small Slimes","floor":4,"turns":6},{"damage":20,"enemies":"3 Sentries","floor":6,"turns":7},{"damage":3,"enemies":"Red Slaver","floor":7,"turns":3},{"damage":30,"enemies":"Lagavulin","floor":8,"turns":5},{"damage":13,"enemies":"Gremlin Nob","floor":11,"turns":3},{"damage":20,"enemies":"Exordium Thugs","floor":13,"turns":4},{"damage":15,"enemies":"Lagavulin","floor":14,"turns":6},{"damage":48,"enemies":"Slime Boss","floor":16,"turns":10},{"damage":21,"enemies":"Shell Parasite","floor":18,"turns":4},{"damage":22,"enemies":"2 Thieves","floor":19,"turns":4},{"damage":29,"enemies":"Centurion and Healer","floor":21,"turns":5},{"damage":0,"enemies":"Book of Stabbing","floor":23,"turns":5},{"damage":28,"enemies":"Shelled Parasite and Fungi","floor":24,"turns":5},{"damage":69,"enemies":"Slavers","floor":27,"turns":3}],"seed_played":"3810988883124483856","potions_obtained":[{"floor":1,"key":"CultistPotion"},{"floor":2,"key":"Explosive Potion"},{"floor":8,"key":"champ:CounterPotion"},{"floor":19,"key":"FearPotion"},{"floor":24,"key":"construct:ShiftPotion"}],"is_trial":false,"path_per_floor":["M","M","?","M","$","E","M","E","T","$","E","?","M","E","R","B",null,"M","M","?","M","?","E","M","$","T","E"],"character_chosen":"KOISHI","items_purchased":["Koishi:MindNumbingTerror","Koishi:BloodcurdlingScream","Koishi:UnseenTerror","Membership Card","Kunai","Koishi:TremblingHands"],"campfire_rested":1,"item_purchase_floors":[5,5,10,25,25,25],"current_hp_per_floor":[60,60,48,50,50,36,44,29,29,29,33,33,32,34,52,14,60,54,43,43,29,29,53,55,55,55,0,0],"gold":40,"neow_bonus":"UPGRADE_CARD","is_daily":false,"chose_seed":false,"campfire_upgraded":0,"win_rate":0.0,"timestamp":1610315705,"path_taken":["M","?","?","M","$","E","M","E","T","$","E","?","?","E","R","BOSS","M","M","?","M","?","E","M","$","T","E"],"items_purchased_type":["Card","Card","Card","Relic","Relic","Card"],"build_version":"2020-12-22","purchased_purges":1,"victory":false,"max_hp_per_floor":[60,60,60,60,60,60,60,60,60,60,60,60,60,60,60,60,60,60,60,60,60,60,60,60,60,60,60,60],"card_choices":[{"not_picked":["Koishi:Whimsy","Koishi:EmbryosDream"],"picked":"Koishi:PhantomBarrier","floor":1},{"not_picked":["Koishi:LastRemote","Koishi:FreudianInstinct"],"picked":"Koishi:JumpScare","floor":2},{"not_picked":["Koishi:CatchAndRose","Koishi:FleetingPhantom"],"picked":"Koishi:PredatoryInstincts","floor":4},{"not_picked":["Koishi:UnconsciousUrges","Koishi:Prune"],"picked":"Koishi:FleetingPhantom","floor":6},{"not_picked":["Koishi:UnconsciousUprising","Koishi:BloodcurdlingScream"],"picked":"Koishi:JumpScare","floor":7},{"not_picked":["Koishi:UnconsciousUprising","Koishi:FourthEye"],"picked":"Koishi:StingingMind","floor":8},{"not_picked":["Koishi:IdleWhim","Koishi:HeartAttack"],"picked":"Koishi:ParalyzingFear","floor":11},{"not_picked":["Koishi:Vanish","Koishi:FourthEye"],"picked":"Koishi:DanmakuParanoia","floor":13},{"not_picked":["Koishi:GhostParty","Koishi:RacingHeart"],"picked":"Koishi:RoseHell","floor":14},{"not_picked":["Koishi:UnansweredLove","Koishi:HeartfeltFancy"],"picked":"Koishi:TremblingHands","floor":15},{"not_picked":["Koishi:GrowingPain","Koishi:RuptureMind"],"picked":"Koishi:HeartStoppingHorror","floor":16},{"not_picked":["Koishi:BloodcurdlingScream","Koishi:PhantomBarrier+1"],"picked":"Koishi:Jaunt","floor":18},{"not_picked":["Koishi:ReleaseOfTheId+1","Koishi:UnansweredLove+1"],"picked":"Koishi:BloodcurdlingScream","floor":19},{"not_picked":["expansioncontent:Sear","expansioncontent:Hexaburn"],"picked":"Apotheosis","floor":20},{"not_picked":["expansioncontent:PolyBeam","Magnetism"],"picked":"Panache","floor":20},{"not_picked":["Koishi:Prune+1","Koishi:HeartfeltFancy"],"picked":"Koishi:PredatoryInstincts","floor":21},{"not_picked":["Koishi:SubconsciousSweep","Koishi:HeartfeltFancy"],"picked":"Koishi:RacingHeart","floor":23},{"not_picked":["Koishi:PredatoryInstincts","Koishi:EmbersOfLove+1"],"picked":"Koishi:UnseenTerror+1","floor":24}],"player_experience":2189713,"relics_obtained":[{"floor":6,"key":"Koishi:BloodstainedWhiteRose"},{"floor":8,"key":"Smiling Mask"},{"floor":11,"key":"Dream Catcher"},{"floor":14,"key":"Bag of Preparation"},{"floor":23,"key":"Blood Vial"},{"floor":26,"key":"PreservedInsect"}],"event_choices":[{"damage_healed":0,"gold_gain":0,"player_choice":"Relic ","damage_taken":12,"max_hp_gain":0,"max_hp_loss":0,"event_name":"betterThird:BetterScrap","floor":3,"gold_loss":0,"cards_obtained":["Sanctity"]},{"damage_healed":0,"gold_gain":0,"player_choice":"Paid Gold","damage_taken":0,"relics_obtained":["CeramicFish"],"max_hp_gain":0,"max_hp_loss":0,"event_name":"WeMeetAgain","floor":12,"gold_loss":50},{"damage_healed":0,"gold_gain":2,"player_choice":"1","damage_taken":0,"max_hp_gain":0,"max_hp_loss":0,"event_name":"betterStone:BetterStone","floor":20,"gold_loss":0}],"is_beta":false,"boss_relics":[{"not_picked":["Coffee Dripper","construct:ClawGrip"],"picked":"construct:WeddingRing"}],"items_purged_floors":[25],"is_endless":false,"potions_floor_spawned":[1,2,8,14,19,24],"killed_by":"Slavers","ascension_level":3}}