{"host":"9v3x998ddbx8o276","time":1610275671,"event":{"mods":["AchievementEnabler","BaseMod","Colored Map","Colored Powertips","Highlight Path","Minty Spire (QoL Compilation)","Quick Restart","Rare Cards Sparkle"],"gold_per_floor":[362,362,374,374,4,29,29,57,57,86,106,106,126,145,145,241,241,259,277,277,293,310,342,342,376,402,435,454,468,468,62,62,157,157,172,172,172,172,16,16,0,53,53,70,32,32,58,58,58,58,58,58,10,35,35,35],"floor_reached":55,"playtime":1906,"items_purged":["Strike_R"],"score":835,"play_id":"680000c1-849f-41bb-937a-8b5d52ea54bd","local_time":"20210110211751","is_ascension_mode":true,"campfire_choices":[{"data":"Whirlwind","floor":7,"key":"SMITH"},{"data":"Limit Break","floor":12,"key":"SMITH"},{"data":"Disarm","floor":15,"key":"SMITH"},{"data":"Exhume","floor":24,"key":"SMITH"},{"data":"Offering","floor":30,"key":"SMITH"},{"data":"Sadistic Nature","floor":32,"key":"SMITH"},{"floor":40,"key":"RECALL"},{"floor":46,"key":"REST"},{"data":"Sword Boomerang","floor":49,"key":"SMITH"},{"data":"Impervious","floor":52,"key":"SMITH"}],"circlet_count":0,"master_deck":["Strike_R","Strike_R+1","Strike_R+1","Defend_R","Defend_R","Defend_R","Defend_R","Bash+1","Thunderclap","Whirlwind+1","Sadistic Nature+1","True Grit+1","Limit Break+1","Burning Pact","Uppercut","Shrug It Off","Disarm+1","Offering+1","Sword Boomerang+1","Disarm+1","Exhume+1","Shrug It Off+1","Bloodletting+1","Impervious+1","Evolve+1","Dramatic Entrance+1","Flash of Steel+1","Master of Strategy","Seeing Red+1","Armaments+1","Shrug It Off","Double Tap"],"relics":["Black Blood","Brimstone","Mercury Hourglass","FossilizedHelix","Mummified Hand","Whetstone","Regal Pillow","Toy Ornithopter","Letter Opener","Juzu Bracelet","Bronze Scales","Medical Kit","Molten Egg 2","Black Star","Membership Card","Red Mask","Calipers","Ancient Tea Set","Meat on the Bone","Happy Flower","Lantern"],"acts_visited":["Exordium","TheCity","TheBeyond","TheEnding"],"potions_floor_usage":[50,50,55,55,55],"damage_taken":[{"damage":5.0,"enemies":"2 Louse","floor":1.0,"turns":4.0},{"damage":3.0,"enemies":"Cultist","floor":3.0,"turns":3.0},{"damage":21,"enemies":"Lagavulin","floor":6,"turns":4},{"damage":18,"enemies":"Gremlin Nob","floor":8,"turns":3},{"damage":0,"enemies":"Lagavulin","floor":10,"turns":4},{"damage":0,"enemies":"Small Slimes","floor":11,"turns":2},{"damage":0,"enemies":"3 Louse","floor":13,"turns":1},{"damage":0,"enemies":"Lots of Slimes","floor":14,"turns":1},{"damage":26,"enemies":"The Guardian","floor":16,"turns":7},{"damage":14,"enemies":"2 Thieves","floor":18,"turns":3},{"damage":6,"enemies":"Chosen","floor":19,"turns":3},{"damage":14,"enemies":"Centurion and Healer","floor":21,"turns":4},{"damage":14,"enemies":"Snake Plant","floor":22,"turns":3},{"damage":19,"enemies":"Book of Stabbing","floor":23,"turns":4},{"damage":8,"enemies":"Slavers","floor":25,"turns":2},{"damage":20,"enemies":"Book of Stabbing","floor":27,"turns":4},{"damage":5,"enemies":"3 Cultists","floor":28,"turns":3},{"damage":4,"enemies":"Centurion and Healer","floor":29,"turns":3},{"damage":68,"enemies":"Champ","floor":33,"turns":8},{"damage":4,"enemies":"3 Shapes","floor":35,"turns":4},{"damage":29,"enemies":"2 Orb Walkers","floor":42,"turns":3},{"damage":6,"enemies":"Orb Walker","floor":44,"turns":4},{"damage":24,"enemies":"Nemesis","floor":47,"turns":3},{"damage":49,"enemies":"Awakened One","floor":50,"turns":8},{"damage":9,"enemies":"Shield and Spear","floor":54,"turns":3},{"damage":119,"enemies":"The Heart","floor":55,"turns":8}],"seed_played":"2160063855339556825","potions_obtained":[{"floor":6,"key":"DistilledChaos"},{"floor":13,"key":"Dexterity Potion"},{"floor":16,"key":"Fire Potion"},{"floor":23,"key":"ColorlessPotion"},{"floor":27,"key":"HeartOfIron"},{"floor":54,"key":"Weak Potion"}],"is_trial":false,"path_per_floor":["M","?","M","?","$","E","R","E","T","E","M","R","M","M","R","B",null,"M","M","?","M","M","E","R","E","T","E","M","M","R","$","R","B",null,"M","?","?","?","$","R","?","?","T","M","$","R","E","?","R","B",null,"R","$","E","B"],"character_chosen":"IRONCLAD","items_purchased":["Sadistic Nature","Brimstone","Block Potion","Medical Kit","Molten Egg 2","Membership Card","Shrug It Off","Block Potion"],"campfire_rested":1,"item_purchase_floors":[5,5,5,31,31,39,53,53],"current_hp_per_floor":[80,80,80,73,73,58,58,46,46,52,58,58,64,70,70,50,80,78,80,80,78,76,69,69,73,73,65,72,80,80,80,80,24,80,80,70,70,70,70,70,70,53,53,59,59,80,68,68,68,53,80,80,80,80,0,0],"gold":35,"neow_bonus":"TWO_FIFTY_GOLD","is_daily":false,"chose_seed":false,"campfire_upgraded":8,"win_rate":0.0,"timestamp":1610275671,"path_taken":["M","?","M","?","$","E","R","E","T","E","M","R","M","M","R","BOSS","M","M","?","?","M","E","R","E","T","E","M","M","R","$","R","BOSS","M","?","?","?","$","R","?","?","T","M","?","R","E","?","R","BOSS","R","$","E","BOSS"],"items_purchased_type":["Card","Relic","Potion","Relic","Relic","Relic","Card","Potion"],"build_version":"2020-12-22","purchased_purges":1,"victory":false,"max_hp_per_floor":[80,80,80,80,80,80,80,80,80,80,80,80,80,80,80,80,80,80,80,80,80,80,80,80,80,80,80,80,80,80,80,80,80,80,80,80,80,80,80,80,80,80,80,80,80,80,80,80,80,80,80,80,80,80,80,80],"card_choices":[{"not_picked":["Havoc","Metallicize"],"picked":"Thunderclap","floor":1.0},{"not_picked":["Shrug It Off","Dropkick"],"picked":"Whirlwind","floor":3.0},{"not_picked":["Whirlwind","Infernal Blade"],"picked":"True Grit","floor":6},{"not_picked":["Heavy Blade","Uppercut"],"picked":"Limit Break","floor":8},{"not_picked":["Cleave","Havoc"],"picked":"Burning Pact","floor":10},{"not_picked":["Iron Wave","Reckless Charge"],"picked":"Uppercut","floor":11},{"not_picked":["Body Slam","Heavy Blade"],"picked":"Shrug It Off","floor":13},{"not_picked":["Body Slam","Seeing Red"],"picked":"Disarm","floor":14},{"not_picked":["Berserk","Fiend Fire"],"picked":"Offering","floor":16},{"not_picked":["Hemokinesis","Clothesline"],"picked":"Headbutt+1","floor":18},{"not_picked":["Searing Blow+1","Cleave"],"picked":"Sword Boomerang","floor":19},{"not_picked":["Dark Embrace","Iron Wave"],"picked":"Disarm+1","floor":21},{"not_picked":["Pommel Strike","Wild Strike","Twin Strike"],"picked":"SKIP","floor":22},{"not_picked":["True Grit","Warcry"],"picked":"Exhume","floor":23},{"not_picked":["Combust","Rage"],"picked":"Shrug It Off+1","floor":25},{"not_picked":["Iron Wave+1","Corruption"],"picked":"Bloodletting+1","floor":27},{"not_picked":["Whirlwind","Iron Wave","Thunderclap"],"picked":"SKIP","floor":28},{"not_picked":["Body Slam","Combust+1","Wild Strike+1"],"picked":"SKIP","floor":29},{"not_picked":["Berserk","Juggernaut"],"picked":"Impervious","floor":33},{"not_picked":["Cleave+1","Pummel+1"],"picked":"Evolve+1","floor":35},{"not_picked":["Deep Breath","Thinking Ahead"],"picked":"Dramatic Entrance+1","floor":36},{"not_picked":["Enlightenment","Bandage Up"],"picked":"Flash of Steel+1","floor":36},{"not_picked":["Panache","Trip"],"picked":"Master of Strategy","floor":36},{"not_picked":["Perfected Strike+1","Sword Boomerang+1"],"picked":"Seeing Red+1","floor":42},{"not_picked":["Evolve","Dropkick+1","Anger+1"],"picked":"SKIP","floor":44},{"not_picked":["Infernal Blade+1","Ghostly Armor"],"picked":"Armaments+1","floor":47},{"not_picked":["Clothesline+1","Rage"],"picked":"Double Tap","floor":54}],"player_experience":1643043,"relics_obtained":[{"floor":6,"key":"Mercury Hourglass"},{"floor":8,"key":"FossilizedHelix"},{"floor":9,"key":"Mummified Hand"},{"floor":10,"key":"Whetstone"},{"floor":23,"key":"Toy Ornithopter"},{"floor":25,"key":"Letter Opener"},{"floor":26,"key":"Juzu Bracelet"},{"floor":27,"key":"Bronze Scales"},{"floor":42,"key":"Calipers"},{"floor":47,"key":"Ancient Tea Set"},{"floor":47,"key":"Meat on the Bone"},{"floor":54,"key":"Happy Flower"},{"floor":54,"key":"Lantern"}],"event_choices":[{"damage_healed":0.0,"max_hp_gain":0.0,"max_hp_loss":0.0,"gold_gain":0.0,"event_name":"Living Wall","player_choice":"Grow","floor":2.0,"gold_loss":0.0,"damage_taken":0.0,"cards_upgraded":["Bash"]},{"cards_removed":["Pain"],"damage_healed":0,"gold_gain":0,"player_choice":"Card Removal","damage_taken":7,"max_hp_gain":0,"max_hp_loss":0,"event_name":"Golden Wing","floor":4,"gold_loss":0},{"damage_healed":0,"gold_gain":0,"player_choice":"Gave Potion","damage_taken":0,"relics_obtained":["Regal Pillow"],"max_hp_gain":0,"max_hp_loss":0,"event_name":"WeMeetAgain","floor":20,"gold_loss":0},{"damage_healed":0,"gold_gain":0,"player_choice":"Memory 3","damage_taken":10,"max_hp_gain":0,"max_hp_loss":0,"event_name":"SensoryStone","floor":36,"gold_loss":0},{"damage_healed":0,"gold_gain":0,"player_choice":"Forge","damage_taken":0,"max_hp_gain":0,"max_hp_loss":0,"event_name":"Accursed Blacksmith","floor":37,"gold_loss":0,"cards_upgraded":["True Grit"]},{"cards_removed":["Headbutt"],"damage_healed":0,"gold_gain":0,"player_choice":"Removed Attack","damage_taken":0,"max_hp_gain":0,"max_hp_loss":0,"event_name":"Falling","floor":38,"gold_loss":0},{"damage_healed":0,"gold_gain":0,"player_choice":"Paid","damage_taken":0,"relics_obtained":["Red Mask"],"max_hp_gain":0,"max_hp_loss":0,"event_name":"Tomb of Lord Red Mask","floor":41,"gold_loss":16},{"damage_healed":0,"gold_gain":0,"player_choice":"Fight","damage_taken":0,"max_hp_gain":0,"max_hp_loss":0,"event_name":"Mysterious Sphere","floor":42,"gold_loss":0},{"cards_removed":["Strike_R"],"damage_healed":0,"gold_gain":0,"player_choice":"Offered Basic","damage_taken":0,"max_hp_gain":0,"max_hp_loss":0,"event_name":"Bonfire Elementals","floor":48,"gold_loss":0}],"is_beta":false,"boss_relics":[{"not_picked":["SlaversCollar","Empty Cage"],"picked":"Black Blood"},{"not_picked":["SacredBark","Coffee Dripper"],"picked":"Black Star"}],"items_purged_floors":[45],"is_endless":false,"potions_floor_spawned":[6,13,14,16,18,23,25,27,33,42,54],"killed_by":"The Heart","ascension_level":1}}