{"host":"htqwg582tjjtn9p7","time":1610278866,"event":{"mods":["2.2 Compatiblity","AchievementEnabler","Act Like it!","Aspiration","BaseMod","Better Third Choice","Colored Map","Conspire","Curses Come First","Displayed Cursed Tome","Energized Spire","Force Act Four","GifTheSpireLib","Hermit","Highlight Path","JesterMod","Mad Scientist","Minty Spire (QoL Compilation)","Pale of the Ancients","Permanent Neow","Random Character Button","Relic Stats","Replay The Spire","Robot Space Explorer","Somnambulant","Spicy Shops","Spikes Relics","StSLib","Stuff the Spire","The Blue Laboratory","The Bug Knight","The Forsaken","The Gatherer","The Judge","The Jungle","The Marked","The Runesmith","The Servant 0.9.4","Uncapped"],"gold_per_floor":[113,113,131,131,19,19,19,19,46,80,112,175,187,211,223,309,321,344,370,207,227,254,254,272,272,299,310,310,328,328,393,393,468,468,482,507,46,65,79,79,96,96,96,96,129,149,167,185,185,185,185,195,195,248,248,261,261,31,31,31,31],"floor_reached":60,"playtime":2624,"items_purged":["Strike_G","Strike_G","Strike_G"],"score":1423,"play_id":"ea455ba8-9ec8-446e-9bb6-d760438fb764","local_time":"20210110124106","is_ascension_mode":true,"campfire_choices":[{"data":"Backstab","floor":6,"key":"SMITH"},{"data":"Neutralize","floor":8,"key":"SMITH"},{"data":"Neutralize","floor":13,"key":"SMITH"},{"floor":15,"key":"REST"},{"data":"ReplayTheSpireMod:Scrap Shanks","floor":23,"key":"SMITH"},{"floor":25,"key":"REST"},{"data":"Cloak And Dagger","floor":28,"key":"SMITH"},{"data":"Venomology","floor":30,"key":"SMITH"},{"floor":32,"key":"REST"},{"floor":40,"key":"REST"},{"data":"Calculated Gamble","floor":42,"key":"SMITH"},{"data":"Tools of the Trade","floor":44,"key":"SMITH"},{"floor":49,"key":"REST"},{"data":"Tactician","floor":55,"key":"SMITH"},{"data":"Wraith Form v2","floor":57,"key":"SMITH"}],"circlet_count":0,"master_deck":["AscendersBane","Strike_G","Strike_G","Defend_G","Defend_G","Defend_G","Defend_G","Survivor","Neutralize+1","Slice","Neutralize+1","Backstab+1","Draining Mist+1","Noxious Fumes+1","Cloak And Dagger+1","Venomology+1","Backflip","Wraith Form v2+1","Backflip","Deadly Poison+1","ReplayTheSpireMod:Scrap Shanks+1","Expertise+1","Calculated Gamble+1","Tools of the Trade+1","AbeCurse","Catalyst+1","Dagger Throw","Backflip+1","Tactician+1","Blade Dance+1","Deadly Poison+1","Catalyst","Catalyst","Acrobatics+1","Cloak And Dagger+1","Adrenaline"],"relics":["aspiration:MobileForge","Bag of Marbles","MawBank","energizedSpire:PogoStick","Red Mask","StuffTheSpire:WitherSkull","Byrd Skull","Abe\u0027s Treasure","aspiration:SneckoTail","Runesmith:Nanobots","Pantograph","SnailShell","paleoftheancients:Timepiece","paleoftheancients:KeyRelic","Gremlin Horn","CultistMask","Nunchaku","paleoftheancients:SoulOfTheVixen"],"acts_visited":["Exordium","TheCity","TheBeyond","TheBeyond"],"potions_floor_usage":[10,11,16,19,21,22,22,24,27,27,31,31,31,35,36,38,38,39,45,46,48,48,48,48,48,51,52,56,56,60,60,60],"damage_taken":[{"damage":6,"enemies":"2 Louse","floor":1,"turns":4},{"damage":0,"enemies":"Cultist","floor":3,"turns":4},{"damage":17,"enemies":"Lagavulin","floor":10,"turns":6},{"damage":4,"enemies":"conspire:RoseBush","floor":11,"turns":1},{"damage":3,"enemies":"Exordium Wildlife","floor":14,"turns":4},{"damage":2,"enemies":"The Guardian","floor":16,"turns":10},{"damage":14,"enemies":"conspire:FuzzyDice","floor":18,"turns":7},{"damage":0,"enemies":"Spheric Guardian","floor":19,"turns":1},{"damage":11,"enemies":"Centurion and Healer","floor":21,"turns":6},{"damage":6,"enemies":"Masked Bandits","floor":22,"turns":5},{"damage":4,"enemies":"3 Cultists","floor":24,"turns":6},{"damage":13,"enemies":"Snake Plant","floor":27,"turns":4},{"damage":5,"enemies":"Snecko","floor":29,"turns":5},{"damage":12,"enemies":"conspire:MimicChest","floor":31,"turns":13},{"damage":25,"enemies":"Collector","floor":33,"turns":8},{"damage":2,"enemies":"Orb Walker","floor":35,"turns":4},{"damage":19,"enemies":"Mind Bloom Boss Battle","floor":36,"turns":6},{"damage":3,"enemies":"3 Darklings","floor":38,"turns":5},{"damage":0,"enemies":"Jaw Worm Horde","floor":39,"turns":4},{"damage":0,"enemies":"4 Shapes","floor":41,"turns":6},{"damage":19,"enemies":"Reptomancer","floor":45,"turns":8},{"damage":0,"enemies":"Transient","floor":46,"turns":5},{"damage":0,"enemies":"3 Darklings","floor":47,"turns":4},{"damage":13,"enemies":"Writhing Mass","floor":48,"turns":6},{"damage":58,"enemies":"conspire:OrnateMirror","floor":50,"turns":10},{"damage":72,"enemies":"conspire:OrnateMirror","floor":51,"turns":6},{"damage":3,"enemies":"conspire:OrnateMirror","floor":52,"turns":7},{"damage":8,"enemies":"conspire:OrnateMirror","floor":56,"turns":8},{"damage":70,"enemies":"paleoftheancients:N","floor":60,"turns":6}],"seed_played":"1012670383637978155","potions_obtained":[{"floor":10,"key":"blueLaboratory:PhilterOfMotion"},{"floor":11,"key":"SpeedPotion"},{"floor":16,"key":"blueLaboratory:BlinkPotion"},{"floor":18,"key":"blueLaboratory:FruitPunch"},{"floor":19,"key":"conspire:TimeTravelPotion"},{"floor":22,"key":"Toxic Potion"},{"floor":29,"key":"LifebloodPotion"},{"floor":31,"key":"Energy Potion"},{"floor":38,"key":"blueLaboratory:PhilterOfMotion"},{"floor":45,"key":"blueLaboratory:HummingbirdPotion"},{"floor":52,"key":"Adrenaline Potion"}],"is_trial":false,"path_per_floor":["M","?","M","?","$","R","$","R","T","E","M","?","R","M","R","B",null,"M","M","$","M","?","R","M","R","T","M","R","M","R","?","R","B",null,"M","?","$","M","M","R","M","R","T","R","E","M","M","M","R","B","M","M","?","T","R","M","R","$","?","B"],"character_chosen":"THE_SILENT","items_purchased":["Noxious Fumes+1","blueLaboratory:FruitPunch","Runesmith:Nanobots","Venom Potion","Adrenaline","Swift Potion"],"campfire_rested":5,"item_purchase_floors":[5,5,37,37,58,58],"current_hp_per_floor":[53,53,53,53,53,53,53,53,53,38,34,34,34,31,51,49,63,49,51,51,50,44,44,40,61,61,48,48,43,43,33,54,29,61,59,40,40,37,37,58,58,58,58,58,39,39,39,39,60,58,72,71,69,69,69,65,65,65,65,0,0],"gold":31,"neow_bonus":"BOSS_RELIC","is_daily":false,"chose_seed":false,"campfire_upgraded":10,"win_rate":0.0,"timestamp":1610278866,"path_taken":["M","?","?","?","$","R","$","R","T","E","M","?","R","M","R","BOSS","M","M","$","M","?","R","M","R","T","M","R","M","R","?","R","BOSS","M","?","$","M","M","R","M","R","T","R","E","M","M","M","R","BOSS","M","M","?","T","R","M","R","$","?","BOSS"],"items_purchased_type":["Card","Potion","Relic","Potion","Card","Potion"],"build_version":"2020-12-22","purchased_purges":3,"victory":false,"max_hp_per_floor":[66,66,66,66,66,66,66,66,66,68,68,68,68,68,68,68,68,68,70,70,70,70,70,70,70,70,70,70,70,70,72,72,72,72,72,72,72,72,72,72,72,72,72,72,72,72,72,72,72,72,72,72,69,69,69,69,69,69,69,69,69],"relic_stats":{"Nunchaku":[6],"Gremlin Horn":[7,7],"counters":[29,169],"Pantograph":30,"MawBank":120,"obtain_stats":[{"energizedSpire:PogoStick":17,"Runesmith:Nanobots":37,"SnailShell":45,"paleoftheancients:KeyRelic":50,"StuffTheSpire:WitherSkull":26,"aspiration:SneckoTail":36,"Gremlin Horn":50,"paleoftheancients:SoulOfTheVixen":56,"MawBank":10,"paleoftheancients:Timepiece":50,"Nunchaku":54,"aspiration:MobileForge":0,"Pantograph":43,"CultistMask":50,"Bag of Marbles":9,"Red Mask":22,"Byrd Skull":31,"Abe\u0027s Treasure":34,"Ring of the Snake":0},{"energizedSpire:PogoStick":6,"Runesmith:Nanobots":17,"SnailShell":21,"paleoftheancients:KeyRelic":25,"StuffTheSpire:WitherSkull":11,"aspiration:SneckoTail":17,"Gremlin Horn":25,"paleoftheancients:SoulOfTheVixen":28,"MawBank":3,"paleoftheancients:Timepiece":25,"Nunchaku":27,"aspiration:MobileForge":0,"Pantograph":20,"CultistMask":25,"Bag of Marbles":2,"Red Mask":10,"Byrd Skull":14,"Abe\u0027s Treasure":15,"Ring of the Snake":0},{"energizedSpire:PogoStick":29,"Runesmith:Nanobots":94,"SnailShell":117,"paleoftheancients:KeyRelic":142,"StuffTheSpire:WitherSkull":54,"aspiration:SneckoTail":94,"Gremlin Horn":142,"paleoftheancients:SoulOfTheVixen":163,"MawBank":14,"paleoftheancients:Timepiece":142,"Nunchaku":155,"aspiration:MobileForge":0,"Pantograph":109,"CultistMask":142,"Bag of Marbles":8,"Red Mask":48,"Byrd Skull":76,"Abe\u0027s Treasure":84,"Ring of the Snake":0}]},"card_choices":[{"not_picked":["Pace","StuffTheSpire:Sprint"],"picked":"Slice","floor":1},{"not_picked":["Catalyst","Dagger Throw"],"picked":"Backstab","floor":3},{"not_picked":["Blade Dance","Acrobatics"],"picked":"Cloak And Dagger","floor":10},{"not_picked":["Deadly Poison","PiercingWail"],"picked":"Venomology","floor":11},{"not_picked":["Poisoned Stab","Escape Plan"],"picked":"Backflip","floor":14},{"not_picked":["Malaise","aspiration:Lunge"],"picked":"Wraith Form v2","floor":16},{"not_picked":["Blur","StuffTheSpire:ReptileScales","Dagger Spray"],"picked":"SKIP","floor":18},{"not_picked":["Quick Slash","Slice"],"picked":"Backflip","floor":19},{"not_picked":["Hidden Blade","Die Die Die"],"picked":"Deadly Poison+1","floor":21},{"not_picked":["Quick Slash+1","Cloak And Dagger"],"picked":"ReplayTheSpireMod:Scrap Shanks","floor":22},{"not_picked":["Deflect","Outmaneuver","Cloak And Dagger"],"picked":"SKIP","floor":24},{"not_picked":["Hidden Blade","Flechettes+1","Dagger Spray+1"],"picked":"SKIP","floor":27},{"not_picked":["Grand Finale","Hidden Blade","Expertise+1"],"picked":"SKIP","floor":29},{"not_picked":["Grand Finale","Hidden Blade"],"picked":"Expertise+1","floor":29},{"not_picked":["Slice","Pace"],"picked":"Calculated Gamble","floor":31},{"not_picked":["Atom Bomb","After Image"],"picked":"Tools of the Trade","floor":33},{"not_picked":["PiercingWail+1","Underhanded Strike"],"picked":"Catalyst+1","floor":35},{"not_picked":["Bane+1","Unload"],"picked":"Dagger Throw","floor":36},{"not_picked":["Cloak And Dagger","Prepared"],"picked":"Backflip+1","floor":38},{"not_picked":["Leg Sweep","Bane","Backflip"],"picked":"SKIP","floor":39},{"not_picked":["Flying Knee","A Thousand Cuts"],"picked":"Tactician","floor":41},{"not_picked":["Dagger Throw","StuffTheSpire:Python"],"picked":"Blade Dance+1","floor":45},{"not_picked":["ReplayTheSpireMod:Necrosis","Quick Slash"],"picked":"Deadly Poison+1","floor":46},{"not_picked":["Underhanded Strike+1","Predator"],"picked":"Catalyst","floor":47},{"not_picked":["StuffTheSpire:Injection","Poisoned Stab+1"],"picked":"Catalyst","floor":48},{"not_picked":["StuffTheSpire:Python","Slice"],"picked":"Acrobatics+1","floor":52},{"not_picked":["PiercingWail","Skewer"],"picked":"Cloak And Dagger+1","floor":56}],"player_experience":1920863,"relics_obtained":[{"floor":9,"key":"Bag of Marbles"},{"floor":10,"key":"MawBank"},{"floor":22,"key":"Red Mask"},{"floor":26,"key":"StuffTheSpire:WitherSkull"},{"floor":31,"key":"Byrd Skull"},{"floor":36,"key":"aspiration:SneckoTail"},{"floor":43,"key":"Pantograph"},{"floor":45,"key":"SnailShell"},{"floor":54,"key":"Nunchaku"},{"floor":56,"key":"paleoftheancients:SoulOfTheVixen"}],"event_choices":[{"damage_healed":0,"gold_gain":0,"player_choice":"1 cards matched","damage_taken":0,"max_hp_gain":0,"max_hp_loss":0,"event_name":"Match and Keep!","floor":2,"gold_loss":0,"cards_obtained":["Neutralize"]},{"damage_healed":0,"gold_gain":51,"player_choice":"Gained Gold","damage_taken":0,"max_hp_gain":0,"max_hp_loss":0,"event_name":"Golden Wing","floor":12,"gold_loss":0},{"damage_healed":0,"gold_gain":0,"player_choice":"Fought Bandits","damage_taken":0,"max_hp_gain":0,"max_hp_loss":0,"event_name":"Masked Bandits","floor":22,"gold_loss":0},{"damage_healed":0,"gold_gain":0,"player_choice":"Fight","damage_taken":0,"max_hp_gain":0,"max_hp_loss":0,"event_name":"MindBloom","floor":36,"gold_loss":0},{"cards_removed":["Parasite"],"damage_healed":0,"gold_gain":0,"player_choice":"Purged","damage_taken":0,"max_hp_gain":0,"max_hp_loss":0,"event_name":"Purifier","floor":53,"gold_loss":0}],"is_beta":false,"boss_relics":[{"not_picked":["StuffTheSpire:RunicConfusion","aspiration:RunicSpoon"],"picked":"energizedSpire:PogoStick"},{"not_picked":["Velvet Choker","Replay:Ancient Bell"],"picked":"Abe\u0027s Treasure"}],"items_purged_floors":[20,20,37],"is_endless":false,"potions_floor_spawned":[10,11,16,18,19,22,29,31,35,38,41,45,46,51,52],"killed_by":"paleoftheancients:N","ascension_level":15}}