{"host":"4cz9gr89nglr7k8k","time":1610314014,"event":{"mods":["BaseMod","Minty Spire (QoL Compilation)","Relic Stats","Slay-I"],"gold_per_floor":[116,116,116,81,81,81,81,81,136,155,155,210,485,500,500,579,579,594,624,624,624,11,11,11,11],"floor_reached":24,"playtime":807,"items_purged":["Regret"],"score":356,"play_id":"15817dff-5541-4065-8236-8be0d0f24982","local_time":"20210110222654","is_ascension_mode":true,"campfire_choices":[{"data":"Sentinel","floor":6,"key":"SMITH"},{"floor":8,"key":"REST"},{"floor":11,"key":"REST"},{"floor":15,"key":"REST"},{"floor":23,"key":"REST"}],"circlet_count":0,"master_deck":["AscendersBane","Strike_R","Strike_R","Strike_R","Strike_R","Defend_R","Defend_R","Defend_R+1","Bash","Sentinel+1","Rampage+1","Anger","Clash","Shrug It Off","Second Wind","Demon Form","Uppercut","Twin Strike","Demon Form","True Grit"],"relics":["Burning Blood","Question Card","Centennial Puzzle","Bronze Scales","Velvet Choker","Red Mask","Dead Branch","HandDrill"],"acts_visited":["Exordium","TheCity"],"potions_floor_usage":[16,19],"damage_taken":[{"damage":10,"enemies":"2 Louse","floor":1,"turns":3},{"damage":7,"enemies":"Small Slimes","floor":10,"turns":3},{"damage":26,"enemies":"3 Sentries","floor":12,"turns":10},{"damage":4,"enemies":"Jaw Worm","floor":14,"turns":4},{"damage":39,"enemies":"Slime Boss","floor":16,"turns":9},{"damage":11,"enemies":"Chosen","floor":18,"turns":4},{"damage":59,"enemies":"Masked Bandits","floor":19,"turns":5},{"damage":62,"enemies":"Slavers","floor":24,"turns":4}],"seed_played":"340379414396433500","potions_obtained":[{"floor":10,"key":"DuplicationPotion"},{"floor":12,"key":"FairyPotion"},{"floor":16,"key":"Strength Potion"}],"is_trial":false,"path_per_floor":["M","?","?","?","$","R","?","R","T","M","R","?","?","M","R","B",null,"M","?","?","?","$","R","E"],"character_chosen":"IRONCLAD","items_purchased":["Dead Branch","HandDrill","True Grit"],"campfire_rested":4,"item_purchase_floors":[22,22,22],"current_hp_per_floor":[64,69,47,65,65,65,30,51,51,50,71,51,51,53,73,40,65,60,7,7,7,7,28,0,0],"gold":11,"neow_bonus":"TRANSFORM_TWO_CARDS","is_daily":false,"chose_seed":false,"campfire_upgraded":1,"win_rate":0.0,"timestamp":1610314014,"path_taken":["M","?","?","?","$","R","?","R","T","?","R","?","?","?","R","BOSS","M","?","?","?","$","R","E"],"items_purchased_type":["Relic","Relic","Card"],"build_version":"2020-12-22","purchased_purges":1,"victory":false,"max_hp_per_floor":[68,73,73,73,73,73,73,73,73,73,73,73,73,73,73,73,73,73,73,73,73,73,73,73,73],"relic_stats":{"Centennial Puzzle":[21],"counters":[8,42],"Bronze Scales":[73],"Dead Branch":[7],"HandDrill":[0],"Question Card":6,"obtain_stats":[{"Centennial Puzzle":9,"Bronze Scales":12,"Dead Branch":22,"Velvet Choker":17,"Red Mask":19,"HandDrill":22,"Question Card":7,"Burning Blood":0},{"Centennial Puzzle":1,"Bronze Scales":3,"Dead Branch":7,"Velvet Choker":5,"Red Mask":7,"HandDrill":7,"Question Card":1,"Burning Blood":0},{"Centennial Puzzle":3,"Bronze Scales":16,"Dead Branch":38,"Velvet Choker":29,"Red Mask":38,"HandDrill":38,"Question Card":3,"Burning Blood":0}],"Burning Blood":42},"card_choices":[{"not_picked":["Entrench","Twin Strike"],"picked":"Anger","floor":1},{"not_picked":["True Grit","Headbutt","Uppercut"],"picked":"Clash","floor":10},{"not_picked":["Sword Boomerang","Warcry","Pummel"],"picked":"Shrug It Off","floor":12},{"not_picked":["Twin Strike","Sever Soul","Warcry"],"picked":"Second Wind","floor":14},{"not_picked":["Feed","Exhume","Double Tap"],"picked":"Demon Form","floor":16},{"not_picked":["Twin Strike","Shockwave","Thunderclap+1"],"picked":"Uppercut","floor":18},{"not_picked":["Shrug It Off","True Grit","Seeing Red"],"picked":"Twin Strike","floor":19}],"player_experience":1486709,"relics_obtained":[{"floor":9,"key":"Centennial Puzzle"},{"floor":12,"key":"Bronze Scales"},{"floor":19,"key":"Red Mask"}],"event_choices":[{"damage_healed":0,"gold_gain":0,"player_choice":"Donut","damage_taken":0,"max_hp_gain":5,"max_hp_loss":0,"event_name":"Big Fish","floor":2,"gold_loss":0},{"damage_healed":0,"gold_gain":0,"player_choice":"Entered Light","damage_taken":22,"max_hp_gain":0,"max_hp_loss":0,"event_name":"Shining Light","floor":3,"gold_loss":0,"cards_upgraded":["Rampage","Defend_R"]},{"damage_healed":18,"gold_gain":0,"player_choice":"Healed","damage_taken":0,"max_hp_gain":0,"max_hp_loss":0,"event_name":"The Cleric","floor":4,"gold_loss":35},{"damage_healed":0,"gold_gain":0,"player_choice":"Success","damage_taken":35,"relics_obtained":["Question Card"],"max_hp_gain":0,"max_hp_loss":0,"event_name":"Scrap Ooze","floor":7,"gold_loss":0},{"damage_healed":0,"gold_gain":0,"player_choice":"Searched \u00271\u0027 times","damage_taken":0,"max_hp_gain":0,"max_hp_loss":0,"event_name":"Dead Adventurer","floor":12,"gold_loss":0},{"damage_healed":0,"gold_gain":275,"player_choice":"Desecrate","damage_taken":0,"max_hp_gain":0,"max_hp_loss":0,"event_name":"Golden Shrine","floor":13,"gold_loss":0,"cards_obtained":["Regret"]},{"damage_healed":0,"gold_gain":0,"player_choice":"Fought Bandits","damage_taken":0,"max_hp_gain":0,"max_hp_loss":0,"event_name":"Masked Bandits","floor":19,"gold_loss":0},{"damage_healed":0,"gold_gain":0,"player_choice":"Ignored","damage_taken":0,"max_hp_gain":0,"max_hp_loss":0,"event_name":"Vampires","floor":20,"gold_loss":0},{"damage_healed":0,"gold_gain":0,"player_choice":"Copied","damage_taken":0,"max_hp_gain":0,"max_hp_loss":0,"event_name":"Duplicator","floor":21,"gold_loss":0,"cards_obtained":["Demon Form"]}],"is_beta":false,"boss_relics":[{"not_picked":["Runic Cube","Runic Dome"],"picked":"Velvet Choker"}],"items_purged_floors":[22],"is_endless":false,"potions_floor_spawned":[10,12,16,18],"killed_by":"Slavers","ascension_level":20}}