{"host":"0tiuc76yumknr6qf","time":1610313600,"event":{"mods":["BaseMod","Colored Map","Highlight Path","Jedi Mod","Minty Spire (QoL Compilation)","StSLib"],"gold_per_floor":[111,111,131,148,161,161,189,189,214,214,243,254,254,280,280,354,354,370,390,301,321,346,379,379,379,379,410,12,25,25,37,37,108,108,122,122,122,148,163,193,193,193],"floor_reached":41,"playtime":2278,"items_purged":["Strike_R+1"],"score":958,"play_id":"af0d302e-8ec4-4bd4-b867-fc5163f9cf8e","local_time":"20210110152000","is_ascension_mode":true,"campfire_choices":[{"data":"Bash","floor":6,"key":"SMITH"},{"data":"Heavy Blade","floor":8,"key":"SMITH"},{"data":"Sword Boomerang","floor":10,"key":"SMITH"},{"data":"True Grit","floor":13,"key":"SMITH"},{"floor":15,"key":"REST"},{"floor":25,"key":"REST"},{"floor":30,"key":"REST"},{"floor":32,"key":"REST"}],"circlet_count":0,"master_deck":["AscendersBane","Strike_R+1","Strike_R+1","Strike_R+1","Defend_R+1","Defend_R+1","Defend_R+1","Defend_R+1","Bash+1","Wild Strike","Inflame","True Grit+1","Sword Boomerang+1","Heavy Blade+1","Twin Strike","Dark Embrace","jedi:unlimitedpower","Thunderclap+1","Impervious","True Grit","Impervious","Dual Wield","jedi:controlledanger","Demon Form","jedi:harder","Anger","Decay","Shrug It Off","Shrug It Off"],"relics":["Burning Blood","jedi:matchstick","Tiny Chest","Strawberry","MealTicket","Torii","Fusion Hammer","Prayer Wheel","Potion Belt","Art of War","Kunai","Question Card","Thread and Needle","Cursed Key","jedi:crownofsimplicity"],"acts_visited":["Exordium","TheCity","TheBeyond"],"potions_floor_usage":[11,14,23,33,41],"damage_taken":[{"damage":0,"enemies":"Cultist","floor":1,"turns":3},{"damage":1,"enemies":"2 Louse","floor":3,"turns":3},{"damage":7,"enemies":"Small Slimes","floor":4,"turns":4},{"damage":12,"enemies":"Looter","floor":5,"turns":3},{"damage":23,"enemies":"Lagavulin","floor":7,"turns":5},{"damage":8,"enemies":"Gremlin Nob","floor":11,"turns":3},{"damage":8,"enemies":"Blue Slaver","floor":12,"turns":3},{"damage":20,"enemies":"Lagavulin","floor":14,"turns":4},{"damage":10,"enemies":"Slime Boss","floor":16,"turns":8},{"damage":35,"enemies":"Shell Parasite","floor":18,"turns":4},{"damage":1,"enemies":"Spheric Guardian","floor":19,"turns":3},{"damage":10,"enemies":"Centurion and Healer","floor":21,"turns":7},{"damage":36,"enemies":"Slavers","floor":23,"turns":4},{"damage":27,"enemies":"Gremlin Leader","floor":27,"turns":7},{"damage":6,"enemies":"Snecko","floor":29,"turns":5},{"damage":30,"enemies":"Snake Plant","floor":31,"turns":4},{"damage":39,"enemies":"Collector","floor":33,"turns":6},{"damage":6,"enemies":"3 Shapes","floor":35,"turns":5},{"damage":2,"enemies":"Orb Walker","floor":39,"turns":3},{"damage":71,"enemies":"Reptomancer","floor":40,"turns":11},{"damage":10,"enemies":"Jaw Worm Horde","floor":41,"turns":1}],"seed_played":"4058568389367111214","potions_obtained":[{"floor":4,"key":"Energy Potion"},{"floor":7,"key":"jedi:StrikingPotion"},{"floor":11,"key":"Dexterity Potion"},{"floor":16,"key":"Ancient Potion"},{"floor":23,"key":"LiquidBronze"},{"floor":31,"key":"EssenceOfSteel"},{"floor":40,"key":"FearPotion"}],"is_trial":false,"path_per_floor":["M","?","M","M","M","R","E","R","T","R","E","M","R","E","R","B",null,"M","M","?","M","T","E","?","R","T","E","$","M","R","M","R","B",null,"M","?","?","T","M","E","M"],"character_chosen":"IRONCLAD","items_purchased":["Thread and Needle"],"campfire_rested":4,"item_purchase_floors":[28],"current_hp_per_floor":[56,56,61,60,54,54,37,37,44,44,42,40,40,26,50,46,73,44,49,49,45,45,15,15,39,39,18,33,33,57,33,57,24,68,68,68,68,68,72,7,0,0],"gold":193,"neow_bonus":"ONE_RARE_RELIC","is_daily":false,"chose_seed":false,"campfire_upgraded":4,"win_rate":0.0,"timestamp":1610313600,"path_taken":["M","?","M","M","M","R","E","R","T","R","E","?","R","E","R","BOSS","M","M","?","?","?","E","?","R","T","E","$","M","R","M","R","BOSS","M","?","?","?","?","E","M"],"items_purchased_type":["Relic"],"build_version":"2020-12-22","purchased_purges":1,"victory":false,"max_hp_per_floor":[75,75,75,75,75,75,75,75,82,82,82,82,82,82,82,82,82,82,82,82,82,82,82,82,82,82,82,82,82,82,82,82,82,82,82,78,78,78,78,78,78,78],"card_choices":[{"not_picked":["Twin Strike","Shockwave"],"picked":"Wild Strike","floor":1},{"not_picked":["Sword Boomerang","Cleave"],"picked":"Inflame","floor":3},{"not_picked":["Clash","Flex"],"picked":"True Grit","floor":4},{"not_picked":["Dual Wield","Perfected Strike"],"picked":"Sword Boomerang","floor":5},{"not_picked":["Burning Pact","Combust"],"picked":"Heavy Blade","floor":7},{"not_picked":["True Grit","Heavy Blade"],"picked":"Twin Strike","floor":11},{"not_picked":["Iron Wave","Barricade"],"picked":"Dark Embrace","floor":12},{"not_picked":["Clash","Dark Embrace","Perfected Strike"],"picked":"SKIP","floor":14},{"not_picked":["Exhume","Fiend Fire"],"picked":"jedi:unlimitedpower","floor":16},{"not_picked":["Sword Boomerang","Whirlwind"],"picked":"Thunderclap+1","floor":18},{"not_picked":["Thunderclap","Pommel Strike","Sever Soul+1"],"picked":"SKIP","floor":19},{"not_picked":["Heavy Blade","jedi:collectorstrike"],"picked":"Impervious","floor":21},{"not_picked":["Body Slam","Twin Strike","Iron Wave"],"picked":"SKIP","floor":21},{"not_picked":["Sword Boomerang+1","Pommel Strike"],"picked":"True Grit","floor":23},{"not_picked":["Havoc","Iron Wave"],"picked":"Impervious","floor":27},{"not_picked":["Armaments","Rampage","Iron Wave"],"picked":"Dual Wield","floor":29},{"not_picked":["Sever Soul","Perfected Strike","Havoc","Flex"],"picked":"SKIP","floor":29},{"not_picked":["Perfected Strike","Sword Boomerang","Cleave"],"picked":"jedi:controlledanger","floor":31},{"not_picked":["True Grit","Flex","Second Wind"],"picked":"Demon Form","floor":31},{"not_picked":["Double Tap","Corruption","jedi:bloodyhammer"],"picked":"jedi:harder","floor":33},{"not_picked":["Power Through","Havoc","jedi:fear+1"],"picked":"Anger","floor":35},{"not_picked":["Heavy Blade","Sever Soul+1","jedi:hate","True Grit"],"picked":"SKIP","floor":35},{"not_picked":["Infernal Blade","Twin Strike+1","Spot Weakness"],"picked":"Shrug It Off","floor":39},{"not_picked":["Havoc","Fire Breathing+1","Anger","Flex"],"picked":"SKIP","floor":39},{"not_picked":["Warcry+1","jedi:collectorstrike","Uppercut"],"picked":"Shrug It Off","floor":40}],"player_experience":1846511,"relics_obtained":[{"floor":7,"key":"Tiny Chest"},{"floor":9,"key":"Strawberry"},{"floor":11,"key":"MealTicket"},{"floor":14,"key":"Torii"},{"floor":22,"key":"Potion Belt"},{"floor":23,"key":"Art of War"},{"floor":26,"key":"Kunai"},{"floor":27,"key":"Question Card"},{"floor":40,"key":"jedi:crownofsimplicity"}],"event_choices":[{"cards_removed":["Strike_R"],"damage_healed":0,"gold_gain":0,"player_choice":"Offered Basic","damage_taken":0,"max_hp_gain":0,"max_hp_loss":0,"event_name":"Bonfire Elementals","floor":2,"gold_loss":0},{"damage_healed":0,"gold_gain":0,"player_choice":"Paid Gold","damage_taken":0,"relics_obtained":["Prayer Wheel"],"max_hp_gain":0,"max_hp_loss":0,"event_name":"WeMeetAgain","floor":20,"gold_loss":89},{"damage_healed":0,"gold_gain":0,"player_choice":"Simplicity","damage_taken":0,"max_hp_gain":0,"max_hp_loss":0,"event_name":"Back to Basics","floor":24,"gold_loss":0,"cards_upgraded":["Strike_R","Strike_R","Strike_R","Strike_R","Defend_R","Defend_R","Defend_R","Defend_R"]},{"damage_healed":0,"gold_gain":0,"player_choice":"Max HP","damage_taken":0,"max_hp_gain":0,"max_hp_loss":4,"event_name":"Winding Halls","floor":36,"gold_loss":0},{"damage_healed":0,"gold_gain":0,"player_choice":"Ignored","damage_taken":0,"max_hp_gain":0,"max_hp_loss":0,"event_name":"Tomb of Lord Red Mask","floor":37,"gold_loss":0}],"is_beta":false,"boss_relics":[{"not_picked":["SlaversCollar","Velvet Choker"],"picked":"Fusion Hammer"},{"not_picked":["Pandora\u0027s Box","jedi:battlestandard"],"picked":"Cursed Key"}],"items_purged_floors":[28],"is_endless":false,"potions_floor_spawned":[4,7,11,16,19,23,31,40],"killed_by":"Jaw Worm Horde","ascension_level":20}}