{"host":"Connor","time":1610318224,"event":{"mods":["Aspiration","BaseMod","Downfall","Hubris","Marisa????????","Minty Spire (QoL Compilation)","Replay The Spire","StSLib","The Cursed","The Jungle","The Servant 0.9.4"],"gold_per_floor":[113,131,151,163,163,163,199,212,238,253,121,141,191,174,174,264,264,284,304,304,304,304],"floor_reached":21,"playtime":889,"items_purged":["Strike_R"],"score":352,"play_id":"378139b3-5708-477a-af2a-06999fd6c661","local_time":"20210110143704","is_ascension_mode":true,"campfire_choices":[{"floor":6,"key":"RECALL"},{"floor":15,"key":"DIG"}],"circlet_count":0,"master_deck":["AscendersBane","Strike_R","Strike_R","Strike_R","Strike_R","Defend_R","Defend_R","Defend_R","Defend_R","Bash","Pommel Strike","Shockwave","Iron Wave","Feel No Pain","Rage","Power Through","Havoc","Armaments","Metallicize","Pain","Eclipse","True Grit","Ghostly Armor","Fiend Fire","Armaments","Replay:Undeath\u0027s Touch"],"relics":["Burning Blood","NeowsBlessing","Golden Idol","Lantern","Mummified Hand","Lizard Tail","Replay:Fungal Core","Blood Vial"],"acts_visited":["Exordium","TheCity"],"potions_floor_usage":[7,16,16],"damage_taken":[{"damage":0,"enemies":"Cultist","floor":1,"turns":1},{"damage":0,"enemies":"Small Slimes","floor":2,"turns":1},{"damage":0,"enemies":"2 Louse","floor":3,"turns":1},{"damage":6,"enemies":"Red Slaver","floor":4,"turns":3},{"damage":18,"enemies":"Gremlin Nob","floor":7,"turns":4},{"damage":13,"enemies":"3 Louse","floor":8,"turns":4},{"damage":6,"enemies":"Looter","floor":10,"turns":3},{"damage":15,"enemies":"Large Slime","floor":12,"turns":11},{"damage":2,"enemies":"Exordium Thugs","floor":14,"turns":4},{"damage":44,"enemies":"The Guardian","floor":16,"turns":16},{"damage":20,"enemies":"Chosen","floor":18,"turns":10},{"damage":21,"enemies":"Shell Parasite","floor":19,"turns":8},{"damage":46,"enemies":"Snecko","floor":21,"turns":9}],"seed_played":"4346999947098678187","potions_obtained":[{"floor":2,"key":"PowerPotion"},{"floor":3,"key":"SteroidPotion"},{"floor":8,"key":"Swift Potion"},{"floor":16,"key":"sneckomod:MuddlingPotion"}],"is_trial":false,"path_per_floor":["M","M","M","M","?","R","E","M","T","M","$","M","?","M","R","B",null,"M","M","?","M"],"character_chosen":"IRONCLAD","items_purchased":["Armaments"],"campfire_rested":0,"item_purchase_floors":[11],"current_hp_per_floor":[74,75,75,75,49,49,37,30,30,30,30,21,21,25,25,25,63,49,34,34,0,0],"gold":304,"neow_bonus":"THREE_ENEMY_KILL","is_daily":false,"chose_seed":false,"campfire_upgraded":0,"win_rate":0.0,"timestamp":1610318224,"path_taken":["M","M","?","M","?","R","E","M","T","M","$","M","?","M","R","BOSS","M","M","?","?"],"items_purchased_type":["Card"],"build_version":"2020-12-18","purchased_purges":1,"victory":false,"max_hp_per_floor":[75,75,75,75,75,75,75,75,75,75,75,75,75,75,75,75,75,75,75,75,75,75],"card_choices":[{"not_picked":["Body Slam","Clothesline"],"picked":"Pommel Strike","floor":1},{"not_picked":["ReplayTheSpireMod:Limb From Limb","Sever Soul"],"picked":"Shockwave","floor":2},{"not_picked":["Evolve","ReplayTheSpireMod:Corrosion Curse"],"picked":"Iron Wave","floor":3},{"not_picked":["Intimidate","Abandon"],"picked":"Feel No Pain","floor":4},{"not_picked":["Clash","Thunderclap"],"picked":"Rage","floor":7},{"not_picked":["Wild Strike","Hemokinesis"],"picked":"Power Through","floor":8},{"not_picked":["Hemokinesis","Dual Wield"],"picked":"Havoc","floor":10},{"not_picked":["Flame Barrier","Clash"],"picked":"Metallicize","floor":12},{"not_picked":["Disarm","ReplayReversal"],"picked":"Eclipse","floor":13},{"not_picked":["Flex","Heavy Blade"],"picked":"True Grit","floor":13},{"not_picked":["Pommel Strike","Thunderclap"],"picked":"Ghostly Armor","floor":14},{"not_picked":["Exhume","Offering"],"picked":"Fiend Fire","floor":16},{"not_picked":["Rupture","Warcry+1"],"picked":"Armaments","floor":18},{"not_picked":["Dropkick","Wild Strike"],"picked":"Replay:Undeath\u0027s Touch","floor":19}],"player_experience":598291,"relics_obtained":[{"floor":7,"key":"Lantern"},{"floor":13,"key":"Mummified Hand"},{"floor":15,"key":"Lizard Tail"}],"event_choices":[{"damage_healed":0,"gold_gain":0,"player_choice":"Take Damage","damage_taken":26,"relics_obtained":["Golden Idol"],"max_hp_gain":0,"max_hp_loss":0,"event_name":"Golden Idol","floor":5,"gold_loss":0},{"damage_healed":0,"gold_gain":0,"player_choice":"Gave Potion","damage_taken":0,"relics_obtained":["Blood Vial"],"max_hp_gain":0,"max_hp_loss":0,"event_name":"WeMeetAgain","floor":20,"gold_loss":0}],"is_beta":true,"boss_relics":[{"not_picked":["Honey Jar","Astrolabe"],"picked":"Replay:Fungal Core"}],"items_purged_floors":[11],"is_endless":false,"potions_floor_spawned":[2,3,8,14,16],"killed_by":"Snecko","ascension_level":18}}