{"host":"cwd5s03r1oaxs6mx","time":1610294758,"event":{"mods":["Act Like it!","BaseMod","Better Third Choice","BetterRewards","CapriCore","Card Filter","Colored Map","Custom Start","DeckTracker","Friendly Minions","Hubris","Infinite Spire","Marisa£¨Ùöéë¡¡Øª×âÞÞ£©","Minty Spire (QoL Compilation)","Quick Restart","Relic Stats","Shop Mod","Spicy Shops","StSLib","SuperFastMode"],"gold_per_floor":[116,130,146,196,34,34,34,34,114,130,164,183,183,183,183,258,258,270,270,270,270,287,318,243,243,243,243,272,5,23,58,58,137,137,149,149,149,371,387,416,416,449,449,463,478,165,183,208,208,208,208,208,208,46,80,80],"floor_reached":57,"playtime":2056,"items_purged":["Strike_R","Strike_R","Defend_R","Strike_R","Bash"],"score":2902,"play_id":"884707cd-3dbf-42f0-9696-55207f0544a2","local_time":"20210111010558","is_ascension_mode":true,"campfire_choices":[{"data":"infinitespire:OneForAll","floor":6.0,"key":"SMITH"},{"data":"infinitespire:OneForAll","floor":8.0,"key":"SMITH"},{"data":"Barricade","floor":13.0,"key":"SMITH"},{"data":"Armaments","floor":15.0,"key":"SMITH"},{"floor":27,"key":"REST"},{"data":"Entrench","floor":32,"key":"SMITH"},{"data":"infinitespire:DeathsTouch","floor":41,"key":"SMITH"},{"floor":49,"key":"RECALL"},{"data":"Shrug It Off","floor":53,"key":"SMITH"}],"circlet_count":0,"master_deck":["AscendersBane","Defend_R+1","Defend_R","Defend_R+1","Barricade+1","Shrug It Off","infinitespire:OneForAll+1","Metallicize","infinitespire:OneForAll+1","Armaments+1","Shrug It Off+1","Evolve","Body Slam+1","Exhume","Entrench+1","infinitespire:DeathsTouch+1","Double Tap","Shrug It Off","Shrug It Off"],"relics":["Burning Blood","War Paint","infinitespire:Bottled Soul","Akabeko","Sozu","Mercury Hourglass","Centennial Puzzle","hubris:Icosahedron","Bag of Marbles","infinitespire:BottledMercury","Red Mask","Empty Cage","hubris:Towel","infinitespire:CheckeredPen","Bottled Flame","infinitespire:FocusingShard","DollysMirror","Happy Flower","Medical Kit","Thread and Needle"],"acts_visited":["Exordium","TheCity","TheBeyond","TheEnding"],"potions_floor_usage":[51],"damage_taken":[{"damage":13.0,"enemies":"Small Slimes","floor":1.0,"turns":5.0},{"damage":13.0,"enemies":"Cultist","floor":2.0,"turns":7.0},{"damage":5.0,"enemies":"2 Louse","floor":3.0,"turns":8.0},{"damage":9.0,"enemies":"Blue Slaver","floor":10.0,"turns":7.0},{"damage":17.0,"enemies":"3 Sentries","floor":11.0,"turns":11.0},{"damage":16.0,"enemies":"Exordium Wildlife","floor":12.0,"turns":3.0},{"damage":16.0,"enemies":"The Guardian","floor":16.0,"turns":9.0},{"damage":0.0,"enemies":"Spheric Guardian","floor":18.0,"turns":3.0},{"damage":14.0,"enemies":"2 Thieves","floor":22.0,"turns":4.0},{"damage":37.0,"enemies":"Gremlin Leader","floor":23.0,"turns":3.0},{"damage":15,"enemies":"Slavers","floor":28,"turns":2},{"damage":0,"enemies":"Snecko","floor":30,"turns":1},{"damage":1,"enemies":"Masked Bandits","floor":31,"turns":4},{"damage":26,"enemies":"Champ","floor":33,"turns":9},{"damage":7,"enemies":"3 Shapes","floor":35,"turns":3},{"damage":0,"enemies":"3 Darklings","floor":39,"turns":5},{"damage":22,"enemies":"Reptomancer","floor":40,"turns":3},{"damage":0,"enemies":"Nemesis","floor":42,"turns":3},{"damage":0,"enemies":"Sphere and 2 Shapes","floor":44,"turns":2},{"damage":0,"enemies":"4 Shapes","floor":45,"turns":2},{"damage":0,"enemies":"Transient","floor":47,"turns":6},{"damage":0,"enemies":"Giant Head","floor":48,"turns":2},{"damage":18,"enemies":"Time Eater","floor":50,"turns":5},{"damage":43,"enemies":"Awakened One","floor":51,"turns":6},{"damage":5,"enemies":"Shield and Spear","floor":55,"turns":3},{"damage":53,"enemies":"The Heart","floor":56,"turns":10}],"seed_played":"-2593927832245977499","potions_obtained":[{"floor":2.0,"key":"HeartOfIron"},{"floor":10.0,"key":"EntropicBrew"}],"is_trial":false,"path_per_floor":["M","M","M","?","$","R","$","R","T","M","E","M","R","?","R","B",null,"M","?","AVR","?","M","E","?","?","T","R","E","$","M","?","R","B",null,"M","?","?","?","M","E","R","E","T","M","M","$","M","E","R","B","B",null,"R","$","E","B",null],"character_chosen":"IRONCLAD","items_purchased":["Barricade","Shrug It Off","infinitespire:OneForAll","Metallicize","infinitespire:OneForAll","War Paint","Armaments","Whirlwind","infinitespire:BottledMercury","DollysMirror","Medical Kit"],"campfire_rested":1,"item_purchase_floors":[0,0,0,0,0,0,0,5,29,46,54],"current_hp_per_floor":[61,54,55,55,55,55,55,55,55,52,41,31,31,31,31,21,62,68,50,50,46,38,7,7,7,7,29,20,20,26,31,31,11,59,58,58,58,58,64,48,48,54,54,60,66,66,72,75,75,63,26,63,63,63,64,17],"gold":80,"neow_bonus":"","is_daily":false,"chose_seed":false,"campfire_upgraded":7,"win_rate":0.0,"timestamp":1610294758,"path_taken":["M","M","M","?","?","R","$","R","T","M","E","M","R","?","R","BOSS","M","?","AVR","?","?","E","?","?","T","R","E","$","M","?","R","BOSS","M","?","?","?","M","E","R","E","T","M","M","$","M","E","R","BOSS","BOSS","R","$","E","BOSS"],"items_purchased_type":["Card","Card","Card","Card","Card","Relic","Card","Card","Relic","Relic","Relic"],"build_version":"2020-12-22","purchased_purges":5,"victory":true,"max_hp_per_floor":[75,75,75,75,75,75,75,75,75,75,75,75,75,75,75,75,75,75,75,75,75,75,75,75,75,75,75,75,75,75,75,75,75,75,75,75,75,75,75,75,75,75,75,75,75,75,75,75,75,75,75,75,75,75,75,75],"relic_stats":{"Sozu":7,"Centennial Puzzle":[27],"Happy Flower":[8],"counters":[31,143],"War Paint":["Defend_R","Defend_R"],"Medical Kit":[2],"obtain_stats":[{"infinitespire:BottledMercury":29,"Happy Flower":48,"Thread and Needle":55,"infinitespire:FocusingShard":43,"infinitespire:CheckeredPen":40,"War Paint":0,"hubris:Towel":36,"Empty Cage":34,"Medical Kit":54,"Burning Blood":0,"Akabeko":11,"Mercury Hourglass":20,"Sozu":17,"Dream Catcher":7,"Centennial Puzzle":23,"Bottled Flame":42,"hubris:Icosahedron":25,"hubris:AstralHammer":0,"infinitespire:Bottled Soul":9,"DollysMirror":46,"Bag of Marbles":28,"Red Mask":31,"hubris:Potato":0},{"infinitespire:BottledMercury":16,"Happy Flower":27,"Thread and Needle":30,"infinitespire:FocusingShard":23,"infinitespire:CheckeredPen":22,"War Paint":5,"hubris:Towel":20,"Empty Cage":19,"Medical Kit":29,"Burning Blood":0,"Akabeko":10,"Mercury Hourglass":13,"Sozu":12,"Dream Catcher":5,"Centennial Puzzle":15,"Bottled Flame":23,"hubris:Icosahedron":15,"hubris:AstralHammer":0,"infinitespire:Bottled Soul":8,"DollysMirror":25,"Bag of Marbles":16,"Red Mask":18,"hubris:Potato":0},{"infinitespire:BottledMercury":79,"Happy Flower":119,"Thread and Needle":133,"infinitespire:FocusingShard":107,"infinitespire:CheckeredPen":104,"War Paint":17,"hubris:Towel":96,"Empty Cage":93,"Medical Kit":130,"Burning Blood":0,"Akabeko":55,"Mercury Hourglass":70,"Sozu":67,"Dream Catcher":17,"Centennial Puzzle":77,"Bottled Flame":107,"hubris:Icosahedron":77,"hubris:AstralHammer":0,"infinitespire:Bottled Soul":37,"DollysMirror":111,"Bag of Marbles":79,"Red Mask":84,"hubris:Potato":0}],"Burning Blood":183,"Mercury Hourglass":[286]},"card_choices":[{"not_picked":["Reckless Charge","Pommel Strike","Headbutt"],"picked":"SKIP","floor":1.0},{"not_picked":["Power Through","Perfected Strike"],"picked":"Shrug It Off","floor":2.0},{"not_picked":["Sword Boomerang","Shrug It Off","Cleave"],"picked":"SKIP","floor":3.0},{"not_picked":["Uppercut","Clash"],"picked":"Evolve","floor":10.0},{"not_picked":["Pommel Strike","Inflame"],"picked":"Body Slam","floor":11.0},{"not_picked":["Feel No Pain","Clothesline","Searing Blow"],"picked":"SKIP","floor":12.0},{"not_picked":["Feed","Offering"],"picked":"Exhume","floor":16.0},{"not_picked":["Second Wind","Clash"],"picked":"Entrench","floor":18.0},{"not_picked":["infinitespire:Oblivion","infinitespire:Execution"],"picked":"infinitespire:DeathsTouch","floor":19.0},{"not_picked":["Armaments","Whirlwind","Headbutt"],"picked":"SKIP","floor":22.0},{"not_picked":["True Grit","Armaments+1"],"picked":"Double Tap","floor":23.0},{"not_picked":["Thunderclap","Twin Strike","Sword Boomerang"],"picked":"SKIP","floor":28},{"not_picked":["Iron Wave","Power Through","Clash"],"picked":"SKIP","floor":30},{"not_picked":["Pommel Strike","infinitespire:OneForAll","Armaments"],"picked":"SKIP","floor":35},{"not_picked":["Rupture","Pommel Strike","Clash"],"picked":"SKIP","floor":39},{"not_picked":["Intimidate","Spot Weakness"],"picked":"Shrug It Off","floor":40},{"not_picked":["Seeing Red","Demon Form","Armaments+1"],"picked":"SKIP","floor":42},{"not_picked":["Sword Boomerang","Anger+1","Reckless Charge"],"picked":"SKIP","floor":44},{"not_picked":["Inflame","Barricade","Sword Boomerang"],"picked":"SKIP","floor":45},{"not_picked":["Pommel Strike","Twin Strike+1","Anger"],"picked":"SKIP","floor":47},{"not_picked":["Pommel Strike+1","Seeing Red","Pummel"],"picked":"SKIP","floor":48},{"not_picked":["Carnage","True Grit","Twin Strike+1"],"picked":"SKIP","floor":55}],"player_experience":1026180,"relics_obtained":[{"floor":9.0,"key":"infinitespire:Bottled Soul"},{"floor":11.0,"key":"Akabeko"},{"floor":23.0,"key":"Centennial Puzzle"},{"floor":28,"key":"Bag of Marbles"},{"floor":31,"key":"Red Mask"},{"floor":40,"key":"infinitespire:CheckeredPen"},{"floor":42,"key":"Bottled Flame"},{"floor":43,"key":"infinitespire:FocusingShard"},{"floor":48,"key":"Happy Flower"},{"floor":55,"key":"Thread and Needle"}],"event_choices":[{"damage_healed":0.0,"max_hp_gain":0.0,"max_hp_loss":0.0,"gold_gain":50.0,"event_name":"Golden Shrine","player_choice":"Pray","floor":4.0,"gold_loss":0.0,"damage_taken":0.0},{"damage_healed":0.0,"max_hp_gain":0.0,"max_hp_loss":0.0,"gold_gain":0.0,"event_name":"The Woman in Blue","player_choice":"Bought 0 Potions","floor":21.0,"gold_loss":0.0,"damage_taken":0.0},{"cards_removed":["Strike_R"],"damage_healed":0.0,"max_hp_gain":0.0,"max_hp_loss":0.0,"gold_gain":0.0,"event_name":"Beggar","player_choice":"Gave Gold","floor":24.0,"gold_loss":75.0,"damage_taken":0.0},{"damage_healed":0,"gold_gain":0,"player_choice":"Fought Bandits","damage_taken":0,"max_hp_gain":0,"max_hp_loss":0,"event_name":"Masked Bandits","floor":31,"gold_loss":0},{"damage_healed":0,"gold_gain":222,"player_choice":"Wore Mask","damage_taken":0,"max_hp_gain":0,"max_hp_loss":0,"event_name":"Tomb of Lord Red Mask","floor":38,"gold_loss":0}],"is_beta":false,"boss_relics":[{"not_picked":["Busted Crown","hubris:VirtuousBlindfold"],"picked":"Sozu"},{"not_picked":["infinitespire:Burning Sword","SacredBark"],"picked":"Empty Cage"}],"items_purged_floors":[0,0,5,20,46],"is_endless":false,"potions_floor_spawned":[2,10,11,12,18,22,30,39,44,47,48],"ascension_level":20}}