{"host":"3qkmyeoym75lj4wn","time":1610280965,"event":{"mods":["2.2 Compatiblity","BaseMod","Block Reminder","Colored Powertips","Highlight Path","Minty Spire (QoL Compilation)","Permanent Neow","Potion Indicator Mod","Rare Cards Sparkle","Relic Stats","StSLib","Unceasing Turn Reminder"],"gold_per_floor":[211,191,202,158,158,193,193,212,238,259,259,259,302,302,302,401,401,422,441,7,25,75,75,98,98,125,141,141,141,141],"floor_reached":29,"playtime":1028,"items_purged":["Strike_R"],"score":466,"play_id":"be52fbc0-2f56-4c1f-ada4-d9332ef11483","local_time":"20210110121605","is_ascension_mode":true,"campfire_choices":[{"data":"Bash","floor":7.0,"key":"SMITH"},{"data":"Inflame","floor":11.0,"key":"SMITH"},{"floor":15.0,"key":"REST"},{"floor":23.0,"key":"REST"},{"floor":25.0,"key":"REST"},{"data":"Heavy Blade","floor":28.0,"key":"SMITH"}],"circlet_count":0,"master_deck":["AscendersBane","Strike_R","Defend_R+1","Defend_R","Defend_R","Defend_R+1","Bash+1","Shrug It Off","Inflame+1","Carnage","Sword Boomerang","Disarm","Seeing Red","Limit Break","Demon Form+1","Limit Break+1","Burning Pact+1","Sword Boomerang","Whirlwind","Pummel","Heavy Blade+1"],"relics":["Burning Blood","Golden Idol","Oddly Smooth Stone","War Paint","Turnip","Astrolabe","Membership Card","Akabeko","Ancient Tea Set","Toy Ornithopter"],"acts_visited":["Exordium","TheCity"],"potions_floor_usage":[29],"damage_taken":[{"damage":14.0,"enemies":"Small Slimes","floor":1.0,"turns":4.0},{"damage":9.0,"enemies":"Cultist","floor":3.0,"turns":4.0},{"damage":6.0,"enemies":"Gremlin Nob","floor":6.0,"turns":3.0},{"damage":0.0,"enemies":"2 Louse","floor":8.0,"turns":4.0},{"damage":11.0,"enemies":"Looter","floor":10.0,"turns":3.0},{"damage":34.0,"enemies":"3 Sentries","floor":13.0,"turns":9.0},{"damage":8.0,"enemies":"Slime Boss","floor":16.0,"turns":6.0},{"damage":39.0,"enemies":"3 Byrds","floor":18.0,"turns":7.0},{"damage":22.0,"enemies":"Chosen","floor":19.0,"turns":5.0},{"damage":18.0,"enemies":"Centurion and Healer","floor":21.0,"turns":9.0},{"damage":0.0,"enemies":"Cultist and Chosen","floor":24.0,"turns":3.0},{"damage":26.0,"enemies":"Shelled Parasite and Fungi","floor":27.0,"turns":4.0},{"damage":56,"enemies":"Gremlin Leader","floor":29,"turns":4}],"seed_played":"-6950134591494016596","potions_obtained":[{"floor":2.0,"key":"AttackPotion"},{"floor":3.0,"key":"LiquidMemories"},{"floor":6.0,"key":"Swift Potion"},{"floor":8.0,"key":"DuplicationPotion"},{"floor":16.0,"key":"Ancient Potion"},{"floor":21.0,"key":"FearPotion"},{"floor":24.0,"key":"Ancient Potion"},{"floor":27.0,"key":"EssenceOfSteel"}],"is_trial":false,"path_per_floor":["M","?","M","$","?","E","R","M","T","M","R","?","E","?","R","B",null,"M","M","$","M","?","R","M","R","T","M","R","E"],"character_chosen":"IRONCLAD","items_purchased":["Carnage","Membership Card","Whirlwind","Akabeko","Ancient Tea Set","LiquidMemories"],"campfire_rested":3,"item_purchase_floors":[4,20,20,20,20,20],"current_hp_per_floor":[60,60,57,57,57,57,57,63,63,58,58,63,35,35,56,54,68,35,19,19,7,7,28,34,55,55,40,40,0,0],"gold":141,"neow_bonus":"HUNDRED_GOLD","is_daily":false,"chose_seed":false,"campfire_upgraded":3,"win_rate":0.0,"timestamp":1610280965,"path_taken":["M","?","?","$","?","E","R","M","T","M","R","?","E","?","R","BOSS","M","M","$","M","?","R","M","R","T","M","R","E"],"items_purchased_type":["Card","Relic","Card","Relic","Relic","Potion"],"build_version":"2020-12-22","purchased_purges":1,"victory":false,"max_hp_per_floor":[75,75,75,75,68,68,68,68,68,68,68,73,73,73,73,73,73,73,73,73,73,73,73,73,73,73,73,73,73,73],"relic_stats":{"counters":[13,65],"Golden Idol":64,"Astrolabe":["Demon Form","Limit Break","Burning Pact"],"Turnip":[9],"War Paint":["Defend_R","Defend_R"],"obtain_stats":[{"Golden Idol":5,"Astrolabe":17,"Oddly Smooth Stone":6,"Turnip":13,"Membership Card":20,"War Paint":9,"Ancient Tea Set":20,"Burning Blood":0,"Akabeko":20,"Toy Ornithopter":26},{"Golden Idol":2,"Astrolabe":7,"Oddly Smooth Stone":3,"Turnip":6,"Membership Card":9,"War Paint":4,"Ancient Tea Set":9,"Burning Blood":0,"Akabeko":9,"Toy Ornithopter":11},{"Golden Idol":8,"Astrolabe":33,"Oddly Smooth Stone":11,"Turnip":27,"Membership Card":45,"War Paint":15,"Ancient Tea Set":45,"Burning Blood":0,"Akabeko":45,"Toy Ornithopter":57}],"Burning Blood":72,"Toy Ornithopter":10},"card_choices":[{"not_picked":["Havoc","Rage"],"picked":"Shrug It Off","floor":1.0},{"not_picked":["Anger","Rupture"],"picked":"Inflame","floor":3.0},{"not_picked":["Shrug It Off","Body Slam"],"picked":"Sword Boomerang","floor":6.0},{"not_picked":["Heavy Blade","Whirlwind"],"picked":"Disarm","floor":8.0},{"not_picked":["Blood for Blood","Armaments"],"picked":"Seeing Red","floor":10.0},{"not_picked":["Blood for Blood","Rampage","Anger"],"picked":"SKIP","floor":13.0},{"not_picked":["Barricade","Juggernaut"],"picked":"Limit Break","floor":16.0},{"not_picked":["Headbutt","Dual Wield+1","Rupture"],"picked":"SKIP","floor":18.0},{"not_picked":["Clash+1","Warcry+1"],"picked":"Sword Boomerang","floor":19.0},{"not_picked":["Fire Breathing","Rage"],"picked":"Pummel","floor":21.0},{"not_picked":["Shrug It Off","Thunderclap","Pommel Strike"],"picked":"SKIP","floor":24.0},{"not_picked":["Wild Strike","Feel No Pain"],"picked":"Heavy Blade","floor":27.0}],"player_experience":1658664,"relics_obtained":[{"floor":6.0,"key":"Oddly Smooth Stone"},{"floor":9.0,"key":"War Paint"},{"floor":13.0,"key":"Turnip"},{"floor":26.0,"key":"Toy Ornithopter"}],"event_choices":[{"damage_healed":0.0,"max_hp_gain":0.0,"max_hp_loss":0.0,"gold_gain":0.0,"event_name":"The Woman in Blue","player_choice":"Bought 1 Potion","floor":2.0,"gold_loss":0.0,"damage_taken":0.0},{"damage_healed":0.0,"max_hp_gain":0.0,"max_hp_loss":7.0,"gold_gain":0.0,"event_name":"Golden Idol","player_choice":"Lose Max HP","floor":5.0,"gold_loss":0.0,"damage_taken":0.0,"relics_obtained":["Golden Idol"]},{"damage_healed":0.0,"max_hp_gain":5.0,"max_hp_loss":0.0,"gold_gain":0.0,"event_name":"Big Fish","player_choice":"Donut","floor":12.0,"gold_loss":0.0,"damage_taken":0.0},{"damage_healed":0.0,"max_hp_gain":0.0,"max_hp_loss":0.0,"gold_gain":0.0,"event_name":"Liars Game","player_choice":"Ignored","floor":14.0,"gold_loss":0.0,"damage_taken":0.0},{"damage_healed":0.0,"max_hp_gain":0.0,"max_hp_loss":0.0,"gold_gain":50.0,"event_name":"Nest","player_choice":"Stole From Cult","floor":22.0,"gold_loss":0.0,"damage_taken":0.0}],"is_beta":false,"boss_relics":[{"not_picked":["SacredBark","Busted Crown"],"picked":"Astrolabe"}],"items_purged_floors":[20],"is_endless":false,"potions_floor_spawned":[3,6,8,16,21,24,27],"killed_by":"Gremlin Leader","ascension_level":20}}