{"host":"3l94tha3a4jgu0q4","time":1610314160,"event":{"mods":["2.2 Compatiblity","AchievementEnabler","BaseMod","Colored Map","Colored Powertips","Highlight Path","Minty Spire (QoL Compilation)","Permanent Neow","StSLib","SuperFastMode","The IronCluck","slay the spire mod where everything is the same but ironclad has a cowboy hat"],"gold_per_floor":[119,139,64,76,86,111,130,130,154,19,36,51,111,123,123,221,221,237,254,254,169,268,268,323,323,372,385,397,397,397],"floor_reached":29,"playtime":1604,"items_purged":["Strike_G","Defend_G"],"score":229,"play_id":"3ff633ce-19fd-47e3-8bb4-57161f5373e9","local_time":"20210110132920","is_ascension_mode":false,"campfire_choices":[{"data":"Tactician","floor":8.0,"key":"SMITH"},{"data":"Calculated Gamble","floor":15.0,"key":"SMITH"},{"data":"Predator","floor":23,"key":"SMITH"},{"data":"Eviscerate","floor":25,"key":"SMITH"}],"circlet_count":0,"master_deck":["Strike_G","Strike_G","Strike_G","Strike_G","Defend_G","Defend_G","Defend_G","Defend_G","Survivor","Neutralize","Quick Slash","Acrobatics","Dagger Throw","Tactician+1","Dagger Throw","Calculated Gamble+1","Predator+1","Eviscerate+1","Sucker Punch","Tools of the Trade","Backflip","After Image","PiercingWail+1","Backflip+1","PiercingWail+1","Dagger Spray"],"relics":["SlaversCollar","Darkstone Periapt","Happy Flower","Lantern","Sozu","MutagenicStrength","Smiling Mask","Orichalcum"],"acts_visited":["Exordium","TheCity"],"potions_floor_usage":[16],"damage_taken":[{"damage":2.0,"enemies":"2 Louse","floor":1.0,"turns":3.0},{"damage":1.0,"enemies":"Small Slimes","floor":2.0,"turns":4.0},{"damage":1.0,"enemies":"Jaw Worm","floor":4.0,"turns":5.0},{"damage":0.0,"enemies":"Looter","floor":5.0,"turns":3.0},{"damage":23.0,"enemies":"3 Sentries","floor":6.0,"turns":12.0},{"damage":15.0,"enemies":"2 Fungi Beasts","floor":7.0,"turns":5.0},{"damage":5.0,"enemies":"Red Slaver","floor":11.0,"turns":2.0},{"damage":4.0,"enemies":"Exordium Thugs","floor":12.0,"turns":3.0},{"damage":0.0,"enemies":"Gremlin Nob","floor":13.0,"turns":2.0},{"damage":0.0,"enemies":"Exordium Wildlife","floor":14.0,"turns":2.0},{"damage":5,"enemies":"Slime Boss","floor":16,"turns":7},{"damage":0,"enemies":"3 Byrds","floor":18,"turns":5},{"damage":10,"enemies":"Spheric Guardian","floor":19,"turns":4},{"damage":7,"enemies":"Centurion and Healer","floor":27,"turns":4},{"damage":37,"enemies":"Cultist and Chosen","floor":28,"turns":9},{"damage":26,"enemies":"Slavers","floor":29,"turns":1}],"seed_played":"-8513462820911872783","potions_obtained":[{"floor":5.0,"key":"FearPotion"},{"floor":11.0,"key":"SkillPotion"},{"floor":12.0,"key":"PowerPotion"},{"floor":14.0,"key":"champ:CounterPotion"}],"is_trial":false,"path_per_floor":["M","M","$","M","M","E","M","R","T","$","M","M","?","M","R","B",null,"M","M","?","?","?","R","T","R","T","M","M","E"],"character_chosen":"THE_SILENT","items_purchased":["Predator"],"campfire_rested":0,"item_purchase_floors":[10],"current_hp_per_floor":[68,67,67,66,66,43,28,28,28,28,23,19,19,19,19,14,70,70,60,60,60,60,60,60,60,60,53,16,0,0],"gold":397,"neow_bonus":"BOSS_RELIC","is_daily":false,"chose_seed":false,"campfire_upgraded":4,"win_rate":0.0,"timestamp":1610314160,"path_taken":["M","M","$","M","M","E","M","R","T","$","M","M","?","M","R","BOSS","M","M","?","?","?","R","?","R","T","M","M","E"],"items_purchased_type":["Card"],"build_version":"2020-12-22","purchased_purges":2,"victory":false,"max_hp_per_floor":[70,70,70,70,70,70,70,70,70,70,70,70,70,70,70,70,70,70,70,70,70,70,70,70,70,70,70,70,70,70],"card_choices":[{"not_picked":["PiercingWail","Accuracy"],"picked":"Quick Slash","floor":1.0},{"not_picked":["Riddle With Holes","Flechettes"],"picked":"Acrobatics","floor":2.0},{"not_picked":["Underhanded Strike","Slice"],"picked":"Dagger Throw","floor":4.0},{"not_picked":["Prepared","Envenom"],"picked":"Tactician","floor":5.0},{"not_picked":["Flechettes","Deflect"],"picked":"Dagger Throw","floor":6.0},{"not_picked":["Riddle With Holes","Sucker Punch"],"picked":"Calculated Gamble","floor":7.0},{"not_picked":["Dagger Throw","Slice"],"picked":"Eviscerate","floor":11.0},{"not_picked":["Bane","Predator"],"picked":"Sucker Punch","floor":12.0},{"not_picked":["Quick Slash","Underhanded Strike"],"picked":"Tools of the Trade","floor":13.0},{"not_picked":["Bane","Flying Knee"],"picked":"Backflip","floor":14.0},{"not_picked":["Night Terror","Venomology"],"picked":"After Image","floor":16},{"not_picked":["Dagger Spray","Dodge and Roll+1"],"picked":"PiercingWail+1","floor":18},{"not_picked":["Deflect","Acrobatics+1"],"picked":"Backflip+1","floor":19},{"not_picked":["Poisoned Stab+1","Finisher"],"picked":"PiercingWail+1","floor":27},{"not_picked":["Endless Agony","Quick Slash"],"picked":"Dagger Spray","floor":28}],"player_experience":1914836,"relics_obtained":[{"floor":6.0,"key":"Darkstone Periapt"},{"floor":9.0,"key":"Happy Flower"},{"floor":13.0,"key":"Lantern"},{"floor":26,"key":"Orichalcum"}],"event_choices":[{"damage_healed":0.0,"max_hp_gain":0.0,"max_hp_loss":0.0,"gold_gain":30.0,"event_name":"Dead Adventurer","player_choice":"Searched \u00272\u0027 times","floor":13.0,"gold_loss":0.0,"damage_taken":0.0},{"damage_healed":0,"gold_gain":0,"player_choice":"Inject Mutagens","damage_taken":0,"relics_obtained":["MutagenicStrength"],"max_hp_gain":0,"max_hp_loss":0,"event_name":"Drug Dealer","floor":20,"gold_loss":0},{"damage_healed":0,"gold_gain":0,"player_choice":"Obtained Relic","damage_taken":0,"relics_obtained":["Smiling Mask"],"max_hp_gain":0,"max_hp_loss":0,"event_name":"Addict","floor":21,"gold_loss":85},{"damage_healed":0,"gold_gain":99,"player_choice":"Stole From Cult","damage_taken":0,"max_hp_gain":0,"max_hp_loss":0,"event_name":"Nest","floor":22,"gold_loss":0}],"is_beta":false,"boss_relics":[{"not_picked":["SacredBark","Cursed Key"],"picked":"Sozu"}],"items_purged_floors":[3,10],"is_endless":false,"potions_floor_spawned":[5,11,12,14,19,28],"killed_by":"Slavers","ascension_level":0}}