{"host":"ek3xvuouaw6vk9if","time":1610264553,"event":{"mods":["BaseMod","BetterRewards","Minty Spire (QoL Compilation)","Permanent Neow","Quick Restart","Relic Stats","Replay The Spire","StSLib","The Disciple"],"gold_per_floor":[111,130,140,140,156,187,187,187,187],"floor_reached":8,"playtime":656,"items_purged":[],"score":64,"play_id":"f4e7cc7e-d0ac-4896-aed7-31663dfaa14e","local_time":"20210110024233","is_ascension_mode":true,"campfire_choices":[{"data":"Keepsakes","floor":7,"key":"SMITH"}],"circlet_count":0,"master_deck":["Strike_Br","Strike_Br","Strike_Br","Defend_Br","Defend_Br","Defend_Br","Defend_Br","SecondHand","PatternShift","Echoward","Echoward","Break","Analog","Keepsakes+1","ResonantCall","DaylightSavings"],"relics":["Chronometer","Replay:Rubber Ducky","Chemical X","Gremlin Food"],"acts_visited":["Exordium"],"potions_floor_usage":[],"damage_taken":[{"damage":6,"enemies":"Small Slimes","floor":1,"turns":6},{"damage":0,"enemies":"Cultist","floor":2,"turns":6},{"damage":0,"enemies":"2 Louse","floor":3,"turns":4},{"damage":10,"enemies":"Large Slime","floor":5,"turns":13},{"damage":4,"enemies":"Lagavulin","floor":6,"turns":12},{"damage":23,"enemies":"Gremlin Nob","floor":8,"turns":5}],"seed_played":"-7871735687905722801","potions_obtained":[{"floor":2,"key":"DuplicationPotion"},{"floor":6,"key":"Strength Potion"}],"is_trial":false,"path_per_floor":["M","M","M","?","M","E","R","E"],"character_chosen":"CHRONO_CLASS","items_purchased":["Echoward","Replay:Rubber Ducky","Chemical X"],"campfire_rested":0,"item_purchase_floors":[0,0,0],"current_hp_per_floor":[49,49,49,49,39,35,35,12,12],"gold":187,"neow_bonus":"","is_daily":false,"chose_seed":false,"campfire_upgraded":1,"win_rate":0.0,"timestamp":1610264553,"path_taken":["M","M","M","?","?","E","R","E"],"items_purchased_type":["Card","Relic","Relic"],"build_version":"2020-12-22","purchased_purges":0,"victory":false,"max_hp_per_floor":[65,65,65,65,65,65,65,65,65],"relic_stats":{"counters":[60,280],"Chemical X":[1],"obtain_stats":[{"ReplayFunnel":26,"Replay:PocketPolymizer":14,"Torii":37,"Nilry\u0027s Codex":19,"Metronome":34,"Vajra":30,"Blue Doll":14,"Bag of Preparation":14,"Ancient Tea Set":9,"Smiling Mask":24,"Replay:Rubber Ducky":0,"Sozu":34,"Replay:Bandana":42,"Matryoshka":9,"Philosopher\u0027s Stone":34,"Fusion Hammer":17,"Replay:Bottled Flurry":26,"Chemical X":0,"Gremlin Food":6,"ReplayTheSpireMod:Ninjato":4,"Golden Idol":2,"Replay:Grab Bag":34,"Oddly Smooth Stone":7,"Eternal Feather":26,"SpringShield":43,"Omamori":45,"Replay:Kaleidoscope":27,"MawBank":26,"Akabeko":27,"WarpedTongs":21,"Chronograph":34,"SlaversCollar":17,"Bottled Flame":27,"ReplayTheSpireMod:Shallot":38,"Chronometer":0,"Onion Ring":0,"Art of War":7,"Snack Pack":9,"ReplayTheSpireMod:Lightbulb":48,"Unceasing Top":13,"Meat on the Bone":7},{"ReplayFunnel":30,"Replay:PocketPolymizer":6,"Torii":19,"Nilry\u0027s Codex":8,"Metronome":33,"Vajra":15,"Blue Doll":26,"Bag of Preparation":6,"Ancient Tea Set":24,"Smiling Mask":53,"Replay:Rubber Ducky":54,"Sozu":16,"Replay:Bandana":37,"Matryoshka":5,"Philosopher\u0027s Stone":16,"Fusion Hammer":7,"Replay:Bottled Flurry":12,"Chemical X":20,"Gremlin Food":59,"ReplayTheSpireMod:Ninjato":43,"Golden Idol":42,"Replay:Grab Bag":16,"Oddly Smooth Stone":24,"Eternal Feather":53,"SpringShield":37,"Omamori":39,"Replay:Kaleidoscope":13,"MawBank":12,"Akabeko":31,"WarpedTongs":9,"Chronograph":16,"SlaversCollar":50,"Bottled Flame":53,"ReplayTheSpireMod:Shallot":19,"Chronometer":0,"Onion Ring":41,"Art of War":5,"Snack Pack":45,"ReplayTheSpireMod:Lightbulb":40,"Unceasing Top":6,"Meat on the Bone":44},{"ReplayFunnel":133,"Replay:PocketPolymizer":33,"Torii":88,"Nilry\u0027s Codex":43,"Metronome":149,"Vajra":72,"Blue Doll":114,"Bag of Preparation":33,"Ancient Tea Set":109,"Smiling Mask":231,"Replay:Rubber Ducky":234,"Sozu":79,"Replay:Bandana":171,"Matryoshka":28,"Philosopher\u0027s Stone":79,"Fusion Hammer":38,"Replay:Bottled Flurry":60,"Chemical X":94,"Gremlin Food":275,"ReplayTheSpireMod:Ninjato":189,"Golden Idol":188,"Replay:Grab Bag":79,"Oddly Smooth Stone":109,"Eternal Feather":231,"SpringShield":171,"Omamori":177,"Replay:Kaleidoscope":64,"MawBank":60,"Akabeko":137,"WarpedTongs":46,"Chronograph":79,"SlaversCollar":216,"Bottled Flame":231,"ReplayTheSpireMod:Shallot":88,"Chronometer":0,"Onion Ring":185,"Art of War":28,"Snack Pack":197,"ReplayTheSpireMod:Lightbulb":181,"Unceasing Top":33,"Meat on the Bone":194}]},"card_choices":[{"not_picked":["LockedWarPaint","LockedThread"],"picked":"Echoward","floor":1},{"not_picked":["BiteCommand","LockedTornado"],"picked":"Break","floor":2},{"not_picked":["LockedTurtyl","Break"],"picked":"Analog","floor":3},{"not_picked":["Parity","LockedMedicine"],"picked":"ResonantCall","floor":5},{"not_picked":["LockedScales","Tempo"],"picked":"DaylightSavings","floor":6}],"player_experience":534452,"relics_obtained":[{"floor":6,"key":"Gremlin Food"}],"event_choices":[{"damage_healed":0,"gold_gain":0,"cards_transformed":["Strike_Br"],"player_choice":"Transformed","damage_taken":0,"max_hp_gain":0,"max_hp_loss":0,"event_name":"Transmorgrifier","floor":4,"gold_loss":0,"cards_obtained":["Keepsakes"]}],"is_beta":false,"boss_relics":[],"items_purged_floors":[],"is_endless":false,"potions_floor_spawned":[2,6],"killed_by":"Gremlin Nob","ascension_level":2}}