{"host":"tiwza2kisyyrpq7h","time":1610294848,"event":{"mods":["BaseMod","BetterRewards","Colored Powertips","Minty Spire (QoL Compilation)","Quick Restart","Rare Cards Sparkle","StSLib","SuperFastMode","The Servant 0.9.4","óô»ðÖ¸ÄÏ"],"gold_per_floor":[112,132,132,146,156,156,171,206,260,280,297,297,297,297,297],"floor_reached":14,"playtime":218,"items_purged":[],"score":150,"play_id":"5b4c62a5-9cb0-447e-b353-8aeaafc366b4","local_time":"20210111000728","is_ascension_mode":true,"campfire_choices":[{"data":"Static Discharge","floor":6.0,"key":"SMITH"},{"data":"Genetic Algorithm","floor":13.0,"key":"SMITH"}],"circlet_count":0,"master_deck":["AscendersBane","Strike_B","Strike_B","Strike_B","Strike_B","Defend_B+1","Defend_B","Defend_B","Defend_B","Zap","Dualcast","Genetic Algorithm","Sweeping Beam","Genetic Algorithm+1","Static Discharge+1","Ball Lightning+1","Buffer","Multi-Cast","Static Discharge"],"relics":["Cracked Core","NeowsBlessing","Meat on the Bone","Bronze Scales"],"acts_visited":["Exordium"],"potions_floor_usage":[14,14],"damage_taken":[{"damage":0.0,"enemies":"Cultist","floor":1.0,"turns":1.0},{"damage":0.0,"enemies":"Jaw Worm","floor":2.0,"turns":1.0},{"damage":0.0,"enemies":"2 Louse","floor":4.0,"turns":1.0},{"damage":17.0,"enemies":"Blue Slaver","floor":5.0,"turns":4.0},{"damage":22.0,"enemies":"Exordium Wildlife","floor":7.0,"turns":4.0},{"damage":20.0,"enemies":"Lagavulin","floor":8.0,"turns":6.0},{"damage":0.0,"enemies":"3 Louse","floor":10.0,"turns":2.0},{"damage":4.0,"enemies":"Blue Slaver","floor":11.0,"turns":4.0},{"damage":0,"enemies":"3 Sentries","floor":14,"turns":2}],"seed_played":"-6131024887429619380","potions_obtained":[{"floor":1.0,"key":"ColorlessPotion"},{"floor":8.0,"key":"BlessingOfTheForge"},{"floor":10.0,"key":"AttackPotion"},{"floor":11.0,"key":"PotionOfCapacity"}],"is_trial":false,"path_per_floor":["M","M","?","M","M","R","M","E","T","M","M","?","R","E"],"character_chosen":"DEFECT","items_purchased":[],"campfire_rested":0,"item_purchase_floors":[],"current_hp_per_floor":[68,68,61,61,44,44,22,2,2,14,22,7,7,7,7],"gold":297,"neow_bonus":"THREE_ENEMY_KILL","is_daily":false,"chose_seed":false,"campfire_upgraded":2,"win_rate":0.0,"timestamp":1610294848,"path_taken":["M","?","?","?","M","R","M","E","T","M","M","?","R","E"],"items_purchased_type":[],"build_version":"2020-12-22","purchased_purges":0,"victory":false,"max_hp_per_floor":[75,75,75,75,75,75,75,75,75,75,75,75,75,75,75],"card_choices":[{"not_picked":["Compile Driver","Coolheaded"],"picked":"Genetic Algorithm","floor":1.0},{"not_picked":["Coolheaded","Barrage"],"picked":"Sweeping Beam","floor":2.0},{"not_picked":["Leap","Steam"],"picked":"Genetic Algorithm","floor":4.0},{"not_picked":["Streamline","Beam Cell"],"picked":"Static Discharge","floor":5.0},{"not_picked":["Tempest","Barrage"],"picked":"Ball Lightning","floor":7.0},{"not_picked":["Leap","Sweeping Beam"],"picked":"Buffer","floor":8.0},{"not_picked":["Stack","Go for the Eyes"],"picked":"Multi-Cast","floor":10.0},{"not_picked":["Compile Driver","Chaos"],"picked":"Static Discharge","floor":11.0}],"player_experience":954712,"relics_obtained":[{"floor":8.0,"key":"Meat on the Bone"},{"floor":9.0,"key":"Bronze Scales"}],"event_choices":[{"damage_healed":0.0,"max_hp_gain":0.0,"max_hp_loss":0.0,"gold_gain":0.0,"event_name":"Wheel of Change","player_choice":"Damaged","floor":3.0,"gold_loss":0.0,"damage_taken":7.0},{"damage_healed":0.0,"max_hp_gain":0.0,"max_hp_loss":0.0,"gold_gain":0.0,"event_name":"Shining Light","player_choice":"Entered Light","floor":12.0,"gold_loss":0.0,"damage_taken":15.0,"cards_upgraded":["Defend_B","Ball Lightning"]}],"is_beta":false,"boss_relics":[],"items_purged_floors":[],"is_endless":false,"potions_floor_spawned":[1,8,10,11],"killed_by":"3 Sentries","ascension_level":12}}