{"host":"aiavweaozhyh9qiu","time":1610300604,"event":{"mods":["BaseMod","Minty Spire (QoL Compilation)"],"gold_per_floor":[116,116,135,135,36,36,80,101,179,179,197,197,218,234,234,365,365,386,26,51,69,69,69,123,123,149,149,149,188,32,32,32],"floor_reached":31,"playtime":4813,"items_purged":["Injury"],"score":273,"play_id":"be023c53-ec70-47d7-b5d7-668740afa42f","local_time":"20210110174324","is_ascension_mode":false,"campfire_choices":[{"data":"Armaments","floor":6,"key":"SMITH"},{"data":"Body Slam","floor":10,"key":"SMITH"},{"data":"Ghostly Armor","floor":15,"key":"SMITH"},{"floor":23,"key":"REST"},{"floor":25,"key":"REST"},{"data":"Anger","floor":27,"key":"SMITH"}],"circlet_count":0,"master_deck":["Strike_R","Strike_R","Strike_R","Strike_R","Defend_R","Defend_R","Defend_R","Defend_R","Bash+1","Body Slam+1","Iron Wave","Armaments+1","Dropkick","Cleave","Shrug It Off","Clothesline","Ghostly Armor+1","Barricade","Headbutt","Cleave","Transmutation","Flex","Shockwave","Anger+1","Fire Breathing+1","Clash+1"],"relics":["Burning Blood","Golden Idol","Red Skull","White Beast Statue","Happy Flower","SacredBark","Toolbox","Mercury Hourglass","Blood Vial","Strawberry","Chemical X"],"acts_visited":["Exordium","TheCity"],"potions_floor_usage":[11,13,14,16,16,24,31],"damage_taken":[{"damage":5,"enemies":"Small Slimes","floor":1,"turns":4},{"damage":11,"enemies":"Jaw Worm","floor":3,"turns":3},{"damage":20,"enemies":"Lagavulin","floor":7,"turns":7},{"damage":6,"enemies":"Cultist","floor":8,"turns":3},{"damage":10,"enemies":"Exordium Thugs","floor":11,"turns":4},{"damage":0,"enemies":"Lots of Slimes","floor":13,"turns":1},{"damage":0,"enemies":"Large Slime","floor":14,"turns":5},{"damage":28,"enemies":"The Guardian","floor":16,"turns":9},{"damage":32,"enemies":"3 Byrds","floor":18,"turns":9},{"damage":26,"enemies":"Spheric Guardian","floor":20,"turns":5},{"damage":2,"enemies":"Snake Plant","floor":21,"turns":3},{"damage":32,"enemies":"Slavers","floor":24,"turns":5},{"damage":59,"enemies":"Book of Stabbing","floor":29,"turns":7},{"damage":25,"enemies":"Cultist and Chosen","floor":31,"turns":3}],"seed_played":"-4361369123878412427","potions_obtained":[{"floor":1,"key":"Fire Potion"},{"floor":8,"key":"Explosive Potion"},{"floor":11,"key":"FearPotion"},{"floor":13,"key":"GamblersBrew"},{"floor":14,"key":"Strength Potion"},{"floor":16,"key":"ElixirPotion"},{"floor":18,"key":"SmokeBomb"},{"floor":20,"key":"BlessingOfTheForge"},{"floor":21,"key":"Swift Potion"},{"floor":24,"key":"SpeedPotion"},{"floor":29,"key":"Dexterity Potion"}],"is_trial":false,"path_per_floor":["M","?","M","?","$","R","E","M","T","R","M","T","M","M","R","B",null,"M","$","M","M","?","R","E","R","T","R","?","E","$","M"],"character_chosen":"IRONCLAD","items_purchased":["Armaments","Cleave","Toolbox","Transmutation","Chemical X"],"campfire_rested":2,"item_purchase_floors":[5,19,19,19,30],"current_hp_per_floor":[80,80,75,75,75,75,61,61,61,61,57,57,63,69,69,47,80,54,54,34,38,38,62,36,60,60,60,60,16,16,0,0],"gold":32,"neow_bonus":"","is_daily":false,"chose_seed":false,"campfire_upgraded":4,"win_rate":0.0,"timestamp":1610300604,"path_taken":["M","?","M","?","?","R","E","?","T","R","M","?","?","M","R","BOSS","M","$","M","M","?","R","E","R","T","R","?","E","$","M"],"items_purchased_type":["Card","Card","Relic","Card","Relic"],"build_version":"2020-12-22","purchased_purges":1,"victory":false,"max_hp_per_floor":[80,80,80,80,80,80,80,80,80,80,80,80,80,80,80,80,80,80,80,80,80,80,80,80,80,80,80,80,87,87,87,87],"card_choices":[{"not_picked":["Pummel","Thunderclap"],"picked":"Body Slam","floor":1},{"not_picked":["Warcry","True Grit"],"picked":"Iron Wave","floor":3},{"not_picked":["Dark Embrace","Clothesline"],"picked":"Dropkick","floor":7},{"not_picked":["Whirlwind","Ghostly Armor"],"picked":"Cleave","floor":8},{"not_picked":["Perfected Strike","Iron Wave"],"picked":"Shrug It Off","floor":11},{"not_picked":["Perfected Strike","Body Slam"],"picked":"Clothesline","floor":13},{"not_picked":["Brutality","True Grit"],"picked":"Ghostly Armor","floor":14},{"not_picked":["Double Tap","Reaper"],"picked":"Barricade","floor":16},{"not_picked":["True Grit","Dark Embrace"],"picked":"Headbutt","floor":18},{"not_picked":["Flame Barrier","Metallicize"],"picked":"Flex","floor":20},{"not_picked":["Clothesline","True Grit"],"picked":"Shockwave","floor":21},{"not_picked":["Rupture","Searing Blow"],"picked":"Fire Breathing+1","floor":24},{"not_picked":["Twin Strike","Thunderclap+1"],"picked":"Clash+1","floor":29}],"player_experience":0,"relics_obtained":[{"floor":7,"key":"Red Skull"},{"floor":9,"key":"White Beast Statue"},{"floor":12,"key":"Happy Flower"},{"floor":24,"key":"Mercury Hourglass"},{"floor":26,"key":"Blood Vial"},{"floor":29,"key":"Strawberry"}],"event_choices":[{"damage_healed":0,"gold_gain":0,"player_choice":"Grow","damage_taken":0,"max_hp_gain":0,"max_hp_loss":0,"event_name":"Living Wall","floor":2,"gold_loss":0,"cards_upgraded":["Bash"]},{"damage_healed":0,"gold_gain":0,"player_choice":"Take Wound","damage_taken":0,"relics_obtained":["Golden Idol"],"max_hp_gain":0,"max_hp_loss":0,"event_name":"Golden Idol","floor":4,"gold_loss":0,"cards_obtained":["Injury"]},{"damage_healed":0,"gold_gain":0,"player_choice":"Read","damage_taken":0,"max_hp_gain":0,"max_hp_loss":0,"event_name":"The Library","floor":22,"gold_loss":0,"cards_obtained":["Anger"]},{"cards_removed":["Strike_R"],"damage_healed":0,"gold_gain":0,"player_choice":"Purged","damage_taken":0,"max_hp_gain":0,"max_hp_loss":0,"event_name":"Purifier","floor":28,"gold_loss":0}],"is_beta":false,"boss_relics":[{"not_picked":["Coffee Dripper","Runic Cube"],"picked":"SacredBark"}],"items_purged_floors":[5],"is_endless":false,"potions_floor_spawned":[1,8,11,13,14,16,18,20,21,24,29],"killed_by":"Cultist and Chosen","ascension_level":0}}