{"host":"skvwuvqqk8x6jusd","time":1610307434,"event":{"mods":["AchievementEnabler","BaseMod","Colored Map","Colored Powertips","Highlight Path","Minty Spire (QoL Compilation)","Relic Stats","Slay-I"],"gold_per_floor":[115,115,127,5,19,19,37,37,37,65,85,85,85,106,106,236,236,259,259,272,272,297,321,5,18,18,67,67,87,87,100,100,100,100],"floor_reached":33,"playtime":965,"items_purged":["Defend_R"],"score":276,"play_id":"c3fd37c5-eb5c-472a-bc37-6ed3f7b6dc01","local_time":"20210110193714","is_ascension_mode":false,"campfire_choices":[{"data":"Bash","floor":6,"key":"SMITH"},{"data":"Iron Wave","floor":8,"key":"SMITH"},{"data":"Spot Weakness","floor":13,"key":"SMITH"},{"data":"Heavy Blade","floor":15,"key":"SMITH"},{"floor":30,"key":"REST"},{"floor":32,"key":"REST"}],"circlet_count":0,"master_deck":["Defend_R","Defend_R","Defend_R","Bash+1","Limit Break+1","Pommel Strike","Clash","Iron Wave+1","Anger","Wild Strike","Spot Weakness+1","Heavy Blade+1","Bludgeon","Infernal Blade","Sword Boomerang","Bite","Bite","Bite","Bite","Bite","Infernal Blade","Demon Form","Whirlwind+1","Iron Wave+1","Spot Weakness+1","Cleave+1"],"relics":["Burning Blood","Peace Pipe","Mango","Golden Idol","Runic Cube","Molten Egg 2","Kunai","Vajra"],"acts_visited":["Exordium","TheCity"],"potions_floor_usage":[7,10,16,20,25,25,33],"damage_taken":[{"damage":8,"enemies":"Small Slimes","floor":1,"turns":3},{"damage":15,"enemies":"Cultist","floor":3,"turns":4},{"damage":6,"enemies":"Jaw Worm","floor":5,"turns":2},{"damage":12,"enemies":"Lots of Slimes","floor":7,"turns":6},{"damage":24,"enemies":"Lagavulin","floor":10,"turns":5},{"damage":5,"enemies":"Looter","floor":11,"turns":2},{"damage":7,"enemies":"Blue Slaver","floor":14,"turns":3},{"damage":18,"enemies":"The Guardian","floor":16,"turns":6},{"damage":23,"enemies":"Spheric Guardian","floor":18,"turns":4},{"damage":11,"enemies":"3 Byrds","floor":20,"turns":4},{"damage":41,"enemies":"3 Cultists","floor":22,"turns":5},{"damage":37,"enemies":"Snake Plant","floor":23,"turns":5},{"damage":23,"enemies":"Shelled Parasite and Fungi","floor":25,"turns":5},{"damage":1,"enemies":"3 Cultists","floor":29,"turns":4},{"damage":15,"enemies":"Snecko","floor":31,"turns":3},{"damage":66,"enemies":"Collector","floor":33,"turns":6}],"seed_played":"1600147138671612329","potions_obtained":[{"floor":3,"key":"PowerPotion"},{"floor":5,"key":"FairyPotion"},{"floor":7,"key":"BloodPotion"},{"floor":10,"key":"Block Potion"},{"floor":14,"key":"PowerPotion"},{"floor":18,"key":"SpeedPotion"},{"floor":22,"key":"Dexterity Potion"},{"floor":23,"key":"ColorlessPotion"},{"floor":25,"key":"BlessingOfTheForge"}],"is_trial":false,"path_per_floor":["M","?","M","$","M","R","M","R","T","E","M","?","R","M","R","B",null,"M","?","M","?","M","M","$","M","T","T","?","M","R","M","R","B"],"character_chosen":"IRONCLAD","items_purchased":["Clash","Molten Egg 2","Whirlwind+1"],"campfire_rested":2,"item_purchase_floors":[4,24,24],"current_hp_per_floor":[54,54,45,45,45,45,55,55,55,51,52,52,52,51,51,39,87,70,70,65,60,33,12,12,21,21,21,21,30,48,41,59,0,0],"gold":100,"neow_bonus":"THREE_RARE_CARDS","is_daily":false,"chose_seed":false,"campfire_upgraded":4,"win_rate":0.0,"timestamp":1610307434,"path_taken":["M","?","M","?","M","R","M","R","T","E","M","?","R","M","R","BOSS","M","?","?","?","M","M","$","M","T","?","?","?","R","M","R","BOSS"],"items_purchased_type":["Card","Relic","Card"],"build_version":"2020-12-22","purchased_purges":1,"victory":false,"max_hp_per_floor":[80,80,80,80,80,80,80,80,80,94,94,87,87,87,87,87,87,87,87,87,60,60,60,60,60,60,60,60,60,60,60,60,60,60],"relic_stats":{"Peace Pipe":0,"counters":[16,67],"Golden Idol":58,"Kunai":[4],"obtain_stats":[{"Peace Pipe":9,"Golden Idol":12,"Vajra":27,"Mango":10,"Molten Egg 2":24,"Kunai":26,"Burning Blood":0,"Runic Cube":17},{"Peace Pipe":4,"Golden Idol":6,"Vajra":13,"Mango":5,"Molten Egg 2":12,"Kunai":13,"Burning Blood":0,"Runic Cube":8},{"Peace Pipe":15,"Golden Idol":22,"Vajra":54,"Mango":20,"Molten Egg 2":49,"Kunai":54,"Burning Blood":0,"Runic Cube":31}],"Burning Blood":90,"Runic Cube":[32]},"card_choices":[{"not_picked":["Fiend Fire","Feed"],"picked":"Limit Break","floor":0},{"not_picked":["Shrug It Off","Havoc","Headbutt"],"picked":"SKIP","floor":1},{"not_picked":["Wild Strike","Shrug It Off"],"picked":"Pommel Strike","floor":3},{"not_picked":["Exhume","Headbutt"],"picked":"Iron Wave","floor":5},{"not_picked":["Fire Breathing","Dual Wield"],"picked":"Anger","floor":7},{"not_picked":["Feed","Headbutt"],"picked":"Wild Strike","floor":10},{"not_picked":["Flex","Clothesline"],"picked":"Spot Weakness","floor":11},{"not_picked":["Armaments","Cleave"],"picked":"Heavy Blade","floor":14},{"not_picked":["Barricade","Exhume"],"picked":"Bludgeon","floor":16},{"not_picked":["Shrug It Off","Evolve"],"picked":"Infernal Blade","floor":18},{"not_picked":["Armaments","Wild Strike"],"picked":"Sword Boomerang","floor":20},{"not_picked":["True Grit","Body Slam+1"],"picked":"Infernal Blade","floor":22},{"not_picked":["Hemokinesis","Sword Boomerang"],"picked":"Demon Form","floor":23},{"not_picked":["Havoc","Sword Boomerang+1"],"picked":"Iron Wave+1","floor":25},{"not_picked":["Thunderclap+1","Hemokinesis+1","Metallicize"],"picked":"SKIP","floor":29},{"not_picked":["Entrench","Intimidate"],"picked":"Cleave+1","floor":31}],"player_experience":605452,"relics_obtained":[{"floor":9,"key":"Peace Pipe"},{"floor":10,"key":"Mango"},{"floor":26,"key":"Kunai"},{"floor":27,"key":"Vajra"}],"event_choices":[{"damage_healed":0,"gold_gain":0,"player_choice":"Forge","damage_taken":0,"max_hp_gain":0,"max_hp_loss":0,"event_name":"Accursed Blacksmith","floor":2,"gold_loss":0,"cards_upgraded":["Limit Break"]},{"damage_healed":0,"gold_gain":0,"player_choice":"Lose Max HP","damage_taken":0,"relics_obtained":["Golden Idol"],"max_hp_gain":0,"max_hp_loss":7,"event_name":"Golden Idol","floor":12,"gold_loss":0},{"damage_healed":0,"gold_gain":0,"player_choice":"Ignored","damage_taken":0,"max_hp_gain":0,"max_hp_loss":0,"event_name":"N\u0027loth","floor":19,"gold_loss":0},{"damage_healed":0,"gold_gain":0,"player_choice":"Became a vampire","damage_taken":0,"max_hp_gain":0,"max_hp_loss":27,"event_name":"Vampires","floor":21,"gold_loss":0,"cards_obtained":["Bite","Bite","Bite","Bite","Bite"]},{"damage_healed":0,"gold_gain":0,"player_choice":"Copied","damage_taken":0,"max_hp_gain":0,"max_hp_loss":0,"event_name":"Duplicator","floor":28,"gold_loss":0,"cards_obtained":["Spot Weakness"]}],"is_beta":false,"boss_relics":[{"not_picked":["Fusion Hammer","Tiny House"],"picked":"Runic Cube"}],"items_purged_floors":[4],"is_endless":false,"potions_floor_spawned":[3,5,7,10,14,18,22,23,25],"killed_by":"Collector","ascension_level":0}}