{"host":"6749gst1gzuv21qf","time":1610311868,"event":{"mods":["Aspiration","BaseMod","Better Altar","Better Match","Better Note","Better Sensory Stone","Better Skull","Better Third Choice","BetterRewards","Colored Map","Colored Powertips","Downfall","Highlight Path","Minty Spire (QoL Compilation)","Permanent Neow","Replay The Spire","Shop Mod","Spicy Shops","StSLib","The Cursed"],"gold_per_floor":[99,112,140,140,66,66,66,89,89,89,108,108,141,42,61,166,166,230,230,230,256,256,531,556,86,160,10,29,29,29,48,48,72,91,191,191,116,137,137,157,190,192,192,192],"floor_reached":42,"playtime":3779,"items_purged":["Regret"],"score":473,"play_id":"c8806b4b-2613-4368-a100-de95218b5304","local_time":"20210110155108","is_ascension_mode":false,"campfire_choices":[{"floor":1,"key":"RECALL"},{"data":"Apotheosis","floor":9,"key":"SMITH"},{"floor":12,"key":"REST"},{"floor":27,"key":"REST"},{"floor":32,"key":"REST"},{"data":"hexamod:VolcanoVisage","floor":37,"key":"SMITH"}],"circlet_count":0,"master_deck":["hexamod:Strike","hexamod:Strike","hexamod:Strike","hexamod:Defend","hexamod:Defend","hexamod:Defend","hexamod:Sear+1","hexamod:Float","Apotheosis+1","hexamod:DynamicBlow","hexamod:ThermalTransfer","hexamod:SpectersWail","hexamod:GhostOfSpirePast+1","hexamod:CrushingStance","hexamod:RetreatToShadows","hexamod:HauntingEcho","hexamod:ThermalTransfer","Guardian:Gem_Orange","hexamod:GhostLash+1","hexamod:StepThrough","hexamod:ExtraCrispy","expansioncontent:CaCaw","hexamod:HeatCrush","hexamod:BurningTouch","hexamod:Again","hexamod:GhostShield","hexamod:PhantomCloak","hexamod:RainOfEmbers","hexamod:VolcanoVisage+1","hexamod:DynamicBlow","hexamod:WildfireWeapon","Writhe","Doubt","CommonCold","hexamod:FastForward+1","hexamod:PhantomCloak","hexamod:VolcanoVisage"],"relics":["hexamod:SpiritBrand","aspiration:BabyByrd","TungstenRod","Meat on the Bone","Ice Cream","Ring of Chaos","Replay:WaspNest","downfall:HeartBlessingBlue","downfall:HeartBlessingGreen","Regal Pillow","hexamod:TheBrokenSeal","Replay:Ancient Bell","Replay:Bandana","Sundial","Incense Burner","downfall:HeartBlessingRed"],"acts_visited":["Exordium","TheCity","TheBeyond"],"potions_floor_usage":[8,13,15,16,16],"damage_taken":[{"damage":6,"enemies":"Jaw Worm","floor":2,"turns":3},{"damage":7,"enemies":"Small Slimes","floor":3,"turns":4},{"damage":0,"enemies":"downfall:FleeingMerchant","floor":5,"turns":4},{"damage":0,"enemies":"2 Louse","floor":8,"turns":3},{"damage":15,"enemies":"Exordium Thugs","floor":11,"turns":6},{"damage":13,"enemies":"Lagavulin","floor":13,"turns":7},{"damage":0,"enemies":"downfall:FleeingMerchant","floor":14,"turns":4},{"damage":2,"enemies":"Red Slaver","floor":15,"turns":3},{"damage":38,"enemies":"downfall:Silent","floor":16,"turns":9},{"damage":26,"enemies":"Chosen","floor":21,"turns":6},{"damage":36,"enemies":"Spheric Guardian","floor":24,"turns":6},{"damage":14,"enemies":"downfall:FleeingMerchant","floor":25,"turns":4},{"damage":21,"enemies":"Centurion and Healer","floor":28,"turns":6},{"damage":28,"enemies":"Snake Plant","floor":31,"turns":4},{"damage":42,"enemies":"Chosen and Byrds","floor":33,"turns":8},{"damage":18,"enemies":"Centurion and Healer","floor":34,"turns":6},{"damage":33,"enemies":"downfall:Watcher","floor":35,"turns":7},{"damage":36,"enemies":"3 Darklings","floor":38,"turns":5},{"damage":2,"enemies":"Orb Walker","floor":40,"turns":4},{"damage":27,"enemies":"Spire Growth","floor":41,"turns":6},{"damage":53,"enemies":"Giant Head","floor":42,"turns":8}],"seed_played":"8174342458599850129","potions_obtained":[{"floor":3,"key":"DuplicationPotion"},{"floor":8,"key":"Fruit Juice"},{"floor":8,"key":"sneckomod:MuddlingPotion"},{"floor":11,"key":"EssenceOfSteel"},{"floor":13,"key":"Explosive Potion"},{"floor":14,"key":"Venom Potion"},{"floor":15,"key":"hexamod:EctoCoolerPotion"},{"floor":16,"key":"FearPotion"},{"floor":16,"key":"SpeedPotion"},{"floor":25,"key":"Venom Potion"},{"floor":28,"key":"Slimebound:ThreeZeroPotion"},{"floor":34,"key":"Elixir"}],"is_trial":false,"path_per_floor":["R_BF","M","M","?","$","?","T","M","R","?","M","R","E","$","M","B",null,"R_BF","PTL","PTL","M","?","?","M","$","T","R","M","?","?","M","R","M","M","B",null,"R","M","?","M","M","E"],"character_chosen":"THE_SPIRIT","items_purchased":["hexamod:FourthSeal","Ice Cream","Replay:WaspNest","expansioncontent:CaCaw"],"campfire_rested":3,"item_purchase_floors":[5,14,25,25],"current_hp_per_floor":[49,43,36,43,43,43,43,48,48,48,33,55,42,42,40,14,75,75,75,75,49,49,49,25,23,23,58,56,56,56,47,85,95,77,56,95,95,59,59,57,42,0,0,0],"gold":192,"neow_bonus":"RANDOM_COLORLESS_2","is_daily":false,"chose_seed":false,"campfire_upgraded":2,"win_rate":0.0,"timestamp":1610311868,"path_taken":["R_BF","M","M","?","$","?","T","M","R","?","?","R","E","?","M","BOSS","R_BF","PTL","PTL","M","?","?","M","$","T","R","?","?","?","M","R","M","M","BOSS","R","M","?","M","M","E"],"items_purchased_type":["Card","Relic","Relic","Card"],"build_version":"2020-12-22","purchased_purges":1,"victory":false,"max_hp_per_floor":[70,70,70,70,70,70,70,75,75,75,75,75,75,75,75,75,75,75,75,75,75,75,75,75,75,75,85,85,85,85,85,85,95,95,95,95,95,95,95,95,95,95,95,95],"card_choices":[{"not_picked":["Secret Weapon","Mayhem"],"picked":"Apotheosis","floor":0},{"not_picked":["hexamod:ShieldOfDarkness","hexamod:RetreatToShadows"],"picked":"hexamod:SecondSeal","floor":2},{"not_picked":["hexamod:SwordOfDarkness","hexamod:InspiringFlames"],"picked":"hexamod:DynamicBlow","floor":3},{"not_picked":["hexamod:Firestarter","hexamod:NightmareGuise"],"picked":"hexamod:ThermalTransfer","floor":5},{"not_picked":["hexamod:InspiringFlames","hexamod:GhostflameBarrier"],"picked":"hexamod:SpectersWail","floor":8},{"not_picked":["hexamod:InspiringFlames","hexamod:ChargedBarrage"],"picked":"hexamod:GhostOfSpirePast","floor":11},{"not_picked":["hexamod:ChargedBarrage","hexamod:SpectersWail"],"picked":"hexamod:CrushingStance","floor":13},{"not_picked":["hexamod:PhantomFireball","hexamod:InspiringFlames"],"picked":"hexamod:RetreatToShadows","floor":14},{"not_picked":["hexamod:Firestarter","hexamod:FastForward"],"picked":"hexamod:HauntingEcho","floor":15},{"not_picked":["hexamod:WildfireWeapon","hexamod:EmpoweringStance"],"picked":"hexamod:FifthSeal","floor":16},{"not_picked":["hexamod:FourthSeal","hexamod:ThirdSeal"],"picked":"hexamod:SixthSeal","floor":21},{"not_picked":["hexamod:GhostflameBarrier","hexamod:GhostShield"],"picked":"hexamod:ThermalTransfer","floor":21},{"not_picked":["hexamod:SecondSeal","hexamod:SixthSeal"],"picked":"hexamod:ThirdSeal","floor":24},{"not_picked":["hexamod:Firestarter","hexamod:NightmareStrike"],"picked":"hexamod:GhostLash+1","floor":24},{"not_picked":["hexamod:RetreatToShadows","hexamod:NightmareStrike"],"picked":"hexamod:StepThrough","floor":25},{"not_picked":["hexamod:SecondSeal","hexamod:SixthSeal"],"picked":"hexamod:FirstSeal","floor":25},{"not_picked":["hexamod:Hexaguard","hexamod:Haunt"],"picked":"hexamod:ExtraCrispy","floor":25},{"not_picked":["hexamod:Hexaguard","hexamod:SwordOfDarkness"],"picked":"hexamod:HeatCrush","floor":28},{"not_picked":["hexamod:SpectersWail+1","hexamod:NightmareGuise"],"picked":"hexamod:BurningTouch","floor":28},{"not_picked":["hexamod:FastForward","hexamod:HeatCrush+1"],"picked":"hexamod:PhantomCloak","floor":31},{"not_picked":["hexamod:FourthSeal","hexamod:FirstSeal","hexamod:ThirdSeal"],"picked":"SKIP","floor":31},{"not_picked":["hexamod:EtherealExpedition","hexamod:GhostOfSpirePast+1"],"picked":"hexamod:RainOfEmbers","floor":33},{"not_picked":["hexamod:ThermalTransfer","hexamod:SpectersWail"],"picked":"hexamod:VolcanoVisage","floor":33},{"not_picked":["hexamod:AdvancingGuard","hexamod:SwordOfDarkness+1"],"picked":"hexamod:DynamicBlow","floor":34},{"not_picked":["hexamod:CrushingStance","hexamod:SixthSeal"],"picked":"hexamod:WildfireWeapon","floor":35},{"not_picked":["betterMatch:CurseCard","CurseOfTheBell"],"picked":"Writhe","floor":36},{"not_picked":["Replay:Hysterical Blindness","ReplayTheSpireMod:Doomed"],"picked":"Doubt","floor":36},{"not_picked":["Replay:UnknownCurse","Voices"],"picked":"CommonCold","floor":36},{"not_picked":["hexamod:GhostLash","hexamod:GhostShield+1"],"picked":"hexamod:FastForward+1","floor":38},{"not_picked":["hexamod:RecurringNightmare","hexamod:ShieldOfDarkness"],"picked":"hexamod:PhantomCloak","floor":40},{"not_picked":["hexamod:RainOfEmbers","hexamod:RadiantFlame"],"picked":"hexamod:VolcanoVisage","floor":41}],"player_experience":638754,"relics_obtained":[{"floor":7,"key":"TungstenRod"},{"floor":13,"key":"Meat on the Bone"}],"event_choices":[{"damage_healed":0,"gold_gain":0,"player_choice":"Ignored","damage_taken":0,"max_hp_gain":0,"max_hp_loss":0,"event_name":"Purifier","floor":10,"gold_loss":0},{"cards_removed":["Apotheosis"],"damage_healed":0,"gold_gain":0,"player_choice":"Take \u0026 Give","damage_taken":0,"max_hp_gain":0,"max_hp_loss":0,"event_name":"betterNote:BetterNote","floor":22,"gold_loss":0,"cards_obtained":["Guardian:Gem_Orange"]},{"damage_healed":0,"gold_gain":0,"cards_transformed":["hexamod:Strike","hexamod:Defend"],"player_choice":"Became Test Subject","damage_taken":0,"max_hp_gain":0,"max_hp_loss":0,"event_name":"Drug Dealer","floor":30,"gold_loss":0,"cards_obtained":["hexamod:Again","hexamod:GhostShield"]}],"is_beta":false,"boss_relics":[{"not_picked":["Runic Pyramid","Busted Crown"],"picked":"Ring of Chaos"},{"not_picked":["Sozu","aspiration:SecretTechniqueScroll"],"picked":"Replay:Ancient Bell"},{"not_picked":["Oddly Smooth Stone","Ancient Tea Set"],"picked":"Replay:Bandana"},{"not_picked":["Frozen Egg 2","Blue Candle"],"picked":"Sundial"},{"not_picked":["Thread and Needle","Unceasing Top"],"picked":"Incense Burner"}],"items_purged_floors":[25],"is_endless":false,"potions_floor_spawned":[3,8,11,16,28,31,34,35,41],"killed_by":"Giant Head","ascension_level":0}}