{"host":"83i488lljghwpuzo","time":1610292114,"event":{"mods":["BaseMod","Marisa£®ÏF”Í°°ƒß¿Ì…≥£©","Minty Spire (QoL Compilation)","Shop Mod","The Servant 0.9.4"],"gold_per_floor":[119,219,237,249,262000,262029,262041,260785,260785,260819,260838,260838,260866,260879,260879,260974,260974,260974,260974,260974,259729,259729,259729,259729,259729,259729,259729,258645,258645,258645,258645,258645,258645,258645,258645,258645,258645,258645,258645,258645,258645,258645,258645,258645,258645,257799,257799,257799,257799,257799,257799,257799,256650,256650,256650],"floor_reached":56,"playtime":4402,"items_purged":["Strike_S","Strike_S","Strike_S","Strike_S","Defend_S"],"score":1400,"play_id":"16b05fde-b1bf-4a7d-a5ab-cd075b4c790b","local_time":"20210110232154","is_ascension_mode":false,"campfire_choices":[{"floor":12,"key":"REST"},{"floor":15,"key":"RECALL"},{"data":"RealityMarble","floor":32,"key":"SMITH"},{"data":"Solidify","floor":41,"key":"SMITH"},{"data":"Hightail","floor":44,"key":"SMITH"},{"data":"TheWorld","floor":49,"key":"SMITH"},{"data":"Replace","floor":52,"key":"SMITH"}],"circlet_count":0,"master_deck":["Defend_S","Defend_S","Defend_S","KidneyShot","Exchange","GearUp","MoonPhase","Spin","Ricochet","WasteNot","Spin","Sadistic Nature","Hightail+1","Comet","RealityMarble+1","Rewind","PendulumOfEternity","Misdirection","Comet","Dilation","Potential","Luminosity+1","DoubleEdge","SpecialFormula","Initiator","Reset","Rearm","Starlight","Master of Strategy","Advance","Alleviate","Comet","DualDimension","Duplication","Moonlight","Collapse+1","Foresight+1","Contraction","BestPractice+1","Read","GearUp","TimeWarp","ReturningBlade","Misdirection+1","Luminosity+1","Contraction+1","MurderousAura+1","Solidify+1","Desolation+1","Moonlight+1","MoonPhase+1","Foresight+1","LightFlow","Alleviate+1","Writhe","TimeWarp+1","MurderousAura+1","Hightail","SilverBlades+1","TimeWarp","FastForward","Replace+1","TheWorld+1","Panache+1","Jack Of All Trades","Gouge","SilverBlades+1","Misdirection+1"],"relics":["SplendidAttire","NeowsBlessing","PreservedInsect","Chemical X","StoneCalendar","Pen Nib","MerchantsRug","Calipers","Frozen Egg 2","Ectoplasm","NlothsMask","Prayer Wheel","Pear","Orrery","CeramicFish","Akabeko","PocketWatch","ClockworkSouvenir","Pocketwatch","TungstenRod","Du-Vu Doll","Sundial","Blood Vial","HandDrill","MawBank","Gremlin Horn","Nunchaku","Medical Kit","Gambling Chip"],"acts_visited":["Exordium","TheCity","TheBeyond","TheEnding"],"potions_floor_usage":[6,10,21,22,22,23,23,25,27,29,38,40,50,55],"damage_taken":[{"damage":0,"enemies":"Cultist","floor":1,"turns":1},{"damage":0,"enemies":"Jaw Worm","floor":3,"turns":1},{"damage":0,"enemies":"2 Louse","floor":4,"turns":1},{"damage":0,"enemies":"Large Slime","floor":5,"turns":6},{"damage":13,"enemies":"Lagavulin","floor":6,"turns":11},{"damage":13,"enemies":"Red Slaver","floor":7,"turns":5},{"damage":0,"enemies":"3 Sentries","floor":10,"turns":5},{"damage":0,"enemies":"Lots of Slimes","floor":11,"turns":1},{"damage":0,"enemies":"Lagavulin","floor":13,"turns":7},{"damage":0,"enemies":"3 Louse","floor":14,"turns":1},{"damage":0,"enemies":"Slime Boss","floor":16,"turns":7},{"damage":0,"enemies":"Spheric Guardian","floor":18,"turns":5},{"damage":5,"enemies":"3 Byrds","floor":22,"turns":4},{"damage":33,"enemies":"Gremlin Leader","floor":23,"turns":5},{"damage":23,"enemies":"Snake Plant","floor":24,"turns":5},{"damage":0,"enemies":"Centurion and Healer","floor":25,"turns":7},{"damage":0,"enemies":"Shelled Parasite and Fungi","floor":27,"turns":5},{"damage":3,"enemies":"Chosen and Byrds","floor":29,"turns":6},{"damage":0,"enemies":"Sentry and Sphere","floor":30,"turns":5},{"damage":0,"enemies":"Centurion and Healer","floor":31,"turns":6},{"damage":44,"enemies":"Collector","floor":33,"turns":7},{"damage":2,"enemies":"Orb Walker","floor":35,"turns":3},{"damage":6,"enemies":"3 Shapes","floor":36,"turns":5},{"damage":0,"enemies":"Mind Bloom Boss Battle","floor":37,"turns":5},{"damage":31,"enemies":"2 Orb Walkers","floor":38,"turns":4},{"damage":18,"enemies":"Sphere and 2 Shapes","floor":40,"turns":3},{"damage":0,"enemies":"Spire Growth","floor":45,"turns":4},{"damage":3,"enemies":"Jaw Worm Horde","floor":47,"turns":4},{"damage":0,"enemies":"Giant Head","floor":48,"turns":3},{"damage":96,"enemies":"Awakened One","floor":50,"turns":11},{"damage":19,"enemies":"Shield and Spear","floor":54,"turns":5},{"damage":64,"enemies":"The Heart","floor":55,"turns":8}],"seed_played":"6394276223184598195","potions_obtained":[{"floor":1,"key":"SpeedPotion"},{"floor":3,"key":"PowerPotion"},{"floor":4,"key":"Fire Potion"},{"floor":10,"key":"SpeedPotion"},{"floor":11,"key":"Block Potion"},{"floor":18,"key":"AttackPotion"},{"floor":25,"key":"Explosive Potion"},{"floor":29,"key":"Weak Potion"},{"floor":33,"key":"AttackPotion"},{"floor":38,"key":"Strength Potion"},{"floor":47,"key":"Explosive Potion"}],"is_trial":false,"path_per_floor":["M","?","M","M","M","E","M","$","T","E","M","R","E","M","R","B",null,"M","?","?","$","M","E","M","M","T","M","$","M","M","M","R","B",null,"M","M","?","?","?","M","R","?","T","R","M","$","M","E","R","B",null,"R","$","E","B",null],"character_chosen":"THE_SERVANT","items_purchased":["Sadistic Nature","Chemical X","StoneCalendar","Pen Nib","Hightail","Comet","RealityMarble","EntropicBrew","MerchantsRug","Prayer Wheel","Pear","Orrery","Fruit Juice","Rearm","Starlight","Master of Strategy","Swift Potion","Akabeko","PocketWatch","ClockworkSouvenir","BestPractice+1","Read","GearUp","FairyPotion","DistilledChaos","Sundial","Blood Vial","HandDrill","Hightail","SilverBlades+1","TimeWarp","Gremlin Horn","Nunchaku","Medical Kit","Panache+1","Jack Of All Trades","Gouge","SilverBlades+1"],"campfire_rested":1,"item_purchase_floors":[8,8,8,8,8,8,8,8,8,21,21,21,21,21,21,21,21,28,28,28,28,28,28,28,28,46,46,46,46,46,46,53,53,53,53,53,53,53],"current_hp_per_floor":[65,65,65,65,65,52,39,39,39,39,39,58,58,58,58,58,65,65,65,65,80,80,52,34,39,39,44,44,46,51,56,56,17,80,78,74,79,53,73,60,60,60,60,60,60,60,64,66,66,12,80,80,80,66,9],"gold":256650,"neow_bonus":"THREE_ENEMY_KILL","is_daily":false,"chose_seed":false,"campfire_upgraded":5,"win_rate":0.0,"timestamp":1610292114,"path_taken":["M","?","?","M","M","E","M","$","T","E","M","R","E","M","R","BOSS","M","?","?","$","M","E","M","M","T","M","$","M","?","M","R","BOSS","M","M","?","?","?","M","R","?","T","R","?","$","M","E","R","BOSS","R","$","E","BOSS"],"items_purchased_type":["Card","Relic","Relic","Relic","Card","Card","Card","Potion","Relic","Relic","Relic","Relic","Potion","Card","Card","Card","Potion","Relic","Relic","Relic","Card","Card","Card","Potion","Potion","Relic","Relic","Relic","Card","Card","Card","Relic","Relic","Relic","Card","Card","Card","Card"],"build_version":"2020-12-22","purchased_purges":5,"victory":true,"max_hp_per_floor":[65,65,65,65,65,65,65,65,65,65,65,65,65,65,65,65,65,65,65,65,80,80,80,80,80,80,80,80,80,80,80,80,80,80,80,80,80,80,80,80,80,80,80,80,80,80,80,80,80,80,80,80,80,80,80],"card_choices":[{"not_picked":["DoubleEdge","Alleviate"],"picked":"GearUp","floor":1},{"not_picked":["FastForward","Rewind"],"picked":"MoonPhase","floor":3},{"not_picked":["Foresight","BottledTime"],"picked":"Spin","floor":4},{"not_picked":["Revamp","DualDimension"],"picked":"Ricochet","floor":5},{"not_picked":["TimeWarp","FanOfKnives"],"picked":"WasteNot","floor":6},{"not_picked":["Starlight","Gouge"],"picked":"Spin","floor":7},{"not_picked":["FloweringNight","Alleviate"],"picked":"Rewind","floor":10},{"not_picked":["Foresight","TimeWarp"],"picked":"PendulumOfEternity","floor":11},{"not_picked":["ShatteredReality","Potential"],"picked":"Misdirection","floor":13},{"not_picked":["RealityMarble+1","Spin"],"picked":"Comet","floor":14},{"not_picked":["Initiator","PendulumOfEternity"],"picked":"Dilation","floor":16},{"not_picked":["Ricochet","ShatteredReality"],"picked":"Potential","floor":18},{"not_picked":["Starlight","Rearm+1"],"picked":"Luminosity+1","floor":21},{"not_picked":["Ricochet","ShatteredReality+1"],"picked":"DoubleEdge","floor":21},{"not_picked":["FastForward+1","Potential+1"],"picked":"SpecialFormula","floor":21},{"not_picked":["RealityMarble+1","Comet"],"picked":"Initiator","floor":21},{"not_picked":["Spin","BottledTime"],"picked":"Reset","floor":21},{"not_picked":["Defy","Desolation"],"picked":"Advance","floor":22},{"not_picked":["Ricochet","ShatteredReality"],"picked":"Alleviate","floor":22},{"not_picked":["RealityMarble+1","Rearm"],"picked":"Comet","floor":23},{"not_picked":["TimeWarp","Gouge"],"picked":"DualDimension","floor":24},{"not_picked":["TimeWarp","Revamp"],"picked":"Duplication","floor":24},{"not_picked":["WasteNot+1","RealityMarble+1"],"picked":"Moonlight","floor":25},{"not_picked":["Starlight","ShatteredReality"],"picked":"Collapse+1","floor":25},{"not_picked":["Revamp","Unruled"],"picked":"Foresight+1","floor":27},{"not_picked":["Defy","Potential"],"picked":"Contraction","floor":27},{"not_picked":["DoubleEdge","Comet"],"picked":"TimeWarp","floor":29},{"not_picked":["Spin+1","Starlight+1"],"picked":"ReturningBlade","floor":29},{"not_picked":["ShatteredReality+1","Rewind+1"],"picked":"Misdirection+1","floor":30},{"not_picked":["Initiator","Defy"],"picked":"Luminosity+1","floor":30},{"not_picked":["Collapse","DoubleEdge"],"picked":"Contraction+1","floor":31},{"not_picked":["Replace+1","ShatteredReality"],"picked":"MurderousAura+1","floor":31},{"not_picked":["LightFlow","Duplication"],"picked":"Solidify","floor":33},{"not_picked":["BottledTime","RealityMarble+1"],"picked":"Desolation+1","floor":35},{"not_picked":["BottledTime+1","TimeWarp"],"picked":"Moonlight+1","floor":35},{"not_picked":["Potential","Unruled"],"picked":"MoonPhase+1","floor":36},{"not_picked":["Potential+1","BottledTime"],"picked":"Foresight+1","floor":36},{"not_picked":["ShatteredReality","Spin"],"picked":"LightFlow","floor":37},{"not_picked":["Read","Potential"],"picked":"Alleviate+1","floor":38},{"not_picked":["DoubleEdge","Defy"],"picked":"TimeWarp+1","floor":40},{"not_picked":["GearUp+1","Ricochet+1","Potential"],"picked":"SKIP","floor":40},{"not_picked":["TimeWarp","BottledTime+1"],"picked":"MurderousAura+1","floor":45},{"not_picked":["Moonlight+1","StarChef+1","Collapse+1"],"picked":"SKIP","floor":45},{"not_picked":["Moonlight","Potential"],"picked":"FastForward","floor":47},{"not_picked":["SilverBlades+1","ShatteredReality"],"picked":"Replace","floor":47},{"not_picked":["Replace+1","DualDimension"],"picked":"TheWorld","floor":48},{"not_picked":["Defy","GearUp"],"picked":"Misdirection+1","floor":54}],"player_experience":852937,"relics_obtained":[{"floor":6,"key":"PreservedInsect"},{"floor":10,"key":"Calipers"},{"floor":13,"key":"Frozen Egg 2"},{"floor":23,"key":"CeramicFish"},{"floor":37,"key":"Pocketwatch"},{"floor":38,"key":"TungstenRod"},{"floor":43,"key":"Du-Vu Doll"},{"floor":48,"key":"MawBank"},{"floor":54,"key":"Gambling Chip"}],"event_choices":[{"damage_healed":0,"gold_gain":100,"player_choice":"Pray","damage_taken":0,"max_hp_gain":0,"max_hp_loss":0,"event_name":"Golden Shrine","floor":2,"gold_loss":0},{"damage_healed":0,"gold_gain":0,"player_choice":"Ignored","damage_taken":0,"max_hp_gain":0,"max_hp_loss":0,"event_name":"Ghosts","floor":19,"gold_loss":0},{"damage_healed":0,"gold_gain":0,"player_choice":"Trade","damage_taken":0,"relics_obtained":["NlothsMask"],"max_hp_gain":0,"max_hp_loss":0,"event_name":"FaceTrader","floor":20,"gold_loss":0},{"damage_healed":0,"gold_gain":0,"player_choice":"Fight","damage_taken":0,"max_hp_gain":0,"max_hp_loss":0,"event_name":"MindBloom","floor":37,"gold_loss":0},{"damage_healed":0,"gold_gain":0,"player_choice":"Fight","damage_taken":0,"max_hp_gain":0,"max_hp_loss":0,"event_name":"Mysterious Sphere","floor":38,"gold_loss":0},{"damage_healed":20,"gold_gain":0,"player_choice":"Writhe","damage_taken":0,"max_hp_gain":0,"max_hp_loss":0,"event_name":"Winding Halls","floor":39,"gold_loss":0,"cards_obtained":["Writhe"]},{"damage_healed":0,"gold_gain":0,"player_choice":"Ignored","damage_taken":0,"max_hp_gain":0,"max_hp_loss":0,"event_name":"NoteForYourself","floor":42,"gold_loss":0}],"is_beta":false,"boss_relics":[{"not_picked":["Coffee Dripper","Philosopher\u0027s Stone"],"picked":"Ectoplasm"},{"not_picked":["Calling Bell","Pandora\u0027s Box"],"picked":"SplendidAttire"}],"items_purged_floors":[8,21,28,46,53],"is_endless":false,"potions_floor_spawned":[1,3,4,10,11,18,25,29,30,31,33,37,38,47,48],"ascension_level":0}}