{"host":"bjzqjr1ycgj8gt55","time":1610303433,"event":{"mods":["100% Spire Juice","BaseMod","Better Altar","Better Match","Better Sensory Stone","Better Skull","Better Third Choice","Better Vampires","Block Reminder","Colored Map","Colored Powertips","GifTheSpireLib","Hermit","Infinite Spire","Minty Spire (QoL Compilation)","Rare Cards Sparkle","Red Circlet Mod","Shade Mod","Shop Mod","Spicy Shops","StSLib","The Cursed","The Jungle","The Marked","The Necromancer","Waifu the Spire","everything is the same but u backflip on backflip","slay the spire mod where everything is the same but ironclad has a cowboy hat"],"gold_per_floor":[116,136,136,49,49,49,88,88,88,102,277,277,21,37,37,160,160,173,173,18,0,0,31,46,64,64,95,95,126,141,160,160,263,263,280,330,2,2,2,2,35,35,105,119,135,60,76,91,91,91],"floor_reached":51,"playtime":1974,"items_purged":["Doubt"],"score":783,"play_id":"3cb59716-6bb7-47f7-a62a-2e0df60a3fc3","local_time":"20210110123033","is_ascension_mode":false,"campfire_choices":[{"floor":6,"key":"REST"},{"data":"Grasp_Heart","floor":15,"key":"SMITH"},{"floor":28,"key":"RECALL"},{"floor":32,"key":"REST"},{"floor":40,"key":"REST"},{"floor":42,"key":"REST"},{"floor":49,"key":"REST"}],"circlet_count":0,"master_deck":["Strike_W","Strike_W","Strike_W","Strike_W","Defend_W","Defend_W","Defend_W","Defend_W","Negative_Energy_Arrows","Bone_Wall","Grasp_Heart+1","Blood_Curse","Negative_Energy_Javelin","infinitespire:SevenWalls","Negative_Energy_Mist","Bone_Bullets","Injury","Thousand_Bone_Knives","Purity","Negative_Energy_Burst","Summon_Vampire_Lady","Corrupt","Negative_Energy_Shield","Slay_Living","Summon_Lich","Siphon_Strength","Summon_Death_Knight","infinitespire:Punishment","Requiem","Finger_Of_Death+1","Grasp_Heart+1","Negative_Energy_Sphere","Negative_Energy_Sphere+1"],"relics":["Vampire_Amulet","Bloody Idol","Gremlin Horn","Singing Bowl","infinitespire:Bottled Soul","Fusion Hammer","MutagenicStrength","Vajra","Pantograph","FossilizedHelix","Turnip","Velvet Choker","infinitespire:CursedDice","Bottled Flame","Dream Catcher","Pen Nib","infinitespire:BottledMercury"],"acts_visited":["Exordium","TheCity","TheBeyond"],"potions_floor_usage":[14,23,24,27,29,33,41,48,50,50,50],"damage_taken":[{"damage":6,"enemies":"Jaw Worm","floor":1,"turns":3},{"damage":0,"enemies":"2 Louse","floor":2,"turns":2},{"damage":9,"enemies":"Gremlin Nob","floor":7,"turns":4},{"damage":0,"enemies":"Small Slimes","floor":10,"turns":2},{"damage":12,"enemies":"Gremlin Gang","floor":14,"turns":4},{"damage":27,"enemies":"The Guardian","floor":16,"turns":9},{"damage":10,"enemies":"Spheric Guardian","floor":18,"turns":5},{"damage":26,"enemies":"Slavers","floor":23,"turns":6},{"damage":16,"enemies":"2 Thieves","floor":24,"turns":3},{"damage":22,"enemies":"3 Cultists","floor":25,"turns":6},{"damage":4,"enemies":"Gremlin Leader","floor":27,"turns":6},{"damage":4,"enemies":"Slavers","floor":29,"turns":4},{"damage":4,"enemies":"Snake Plant","floor":30,"turns":3},{"damage":15,"enemies":"Centurion and Healer","floor":31,"turns":7},{"damage":84,"enemies":"Automaton","floor":33,"turns":11},{"damage":6,"enemies":"Orb Walker","floor":35,"turns":3},{"damage":3,"enemies":"Mind Bloom Boss Battle","floor":36,"turns":7},{"damage":51,"enemies":"Reptomancer","floor":41,"turns":5},{"damage":3,"enemies":"3 Shapes","floor":44,"turns":2},{"damage":33,"enemies":"Jaw Worm Horde","floor":45,"turns":4},{"damage":6,"enemies":"3 Darklings","floor":47,"turns":3},{"damage":36,"enemies":"Sphere and 2 Shapes","floor":48,"turns":5},{"damage":90,"enemies":"Awakened One","floor":50,"turns":11}],"seed_played":"-1737025515497948529","potions_obtained":[{"floor":2,"key":"EntropicBrew"},{"floor":23,"key":"Swift Potion"},{"floor":24,"key":"AttackPotion"},{"floor":29,"key":"ColorlessPotion"},{"floor":33,"key":"ColorlessPotion"},{"floor":35,"key":"SneckoOil"},{"floor":45,"key":"FearPotion"},{"floor":48,"key":"BlessingOfTheForge"}],"is_trial":false,"path_per_floor":["M","M","?","$","?","R","E","?","T","M","?","?","$","M","R","B",null,"M","?","$","?","?","E","M","M","T","E","R","E","M","M","R","B",null,"M","?","$","?","AVR","R","E","R","T","M","M","?","M","M","R","B",null],"character_chosen":"NECROMANCER","items_purchased":["Negative_Energy_Mist","Bone_Bullets","infinitespire:Bottled Soul","Vajra","Bottled Flame"],"campfire_rested":5,"item_purchase_floors":[4,4,13,20,37],"current_hp_per_floor":[71,75,58,58,58,75,68,68,68,74,74,74,74,70,70,45,77,74,74,74,74,73,74,72,64,64,75,75,83,83,75,83,25,83,85,87,87,87,87,89,65,89,89,91,77,77,83,70,95,29],"gold":91,"neow_bonus":"ONE_RANDOM_RARE_CARD","is_daily":false,"chose_seed":false,"campfire_upgraded":1,"win_rate":0.0,"timestamp":1610303433,"path_taken":["M","M","?","$","?","R","E","?","T","M","?","?","$","M","R","BOSS","M","?","$","?","?","E","M","M","T","E","R","E","M","M","R","BOSS","M","?","$","?","AVR","R","E","R","T","M","M","?","M","M","R","BOSS"],"items_purchased_type":["Card","Card","Relic","Relic","Relic"],"build_version":"2020-12-22","purchased_purges":1,"victory":true,"max_hp_per_floor":[75,75,75,75,75,75,75,75,75,77,77,77,77,77,77,77,77,77,77,77,77,77,79,79,79,79,81,81,83,83,83,83,83,83,85,87,87,87,87,89,89,89,89,91,93,93,95,95,95,95],"card_choices":[{"not_picked":["Bone_Armor","Blood_Whip"],"picked":"Blood_Curse","floor":1},{"not_picked":["Acid_Javelin","Chill_Blood"],"picked":"Negative_Energy_Javelin","floor":2},{"not_picked":["infinitespire:FutureSight","infinitespire:SealOfDarkness+"],"picked":"infinitespire:SevenWalls","floor":3},{"not_picked":["Negative_Energy_Burst","Blood_Is_Power"],"picked":"Thousand_Bone_Knives","floor":7},{"not_picked":["Jack Of All Trades","Transmutation"],"picked":"Purity","floor":8},{"not_picked":["Consume_Illness","Toxic_Smoke_Screen","Deaths_Shadow"],"picked":"Singing Bowl","floor":10},{"not_picked":["Whirlwind_of_Bones","Negative_Energy_Mist"],"picked":"Negative_Energy_Burst","floor":14},{"not_picked":["Hellfire","Detonate_Bones"],"picked":"Summon_Vampire_Lady","floor":16},{"not_picked":["Negative_Energy_Mist","Bone_Bullets"],"picked":"Corrupt","floor":18},{"not_picked":["Strike_from_Beyond","Chill_Blood","Blood_for_Blood"],"picked":"Singing Bowl","floor":23},{"not_picked":["Corrupt","Blood_Whip"],"picked":"Negative_Energy_Shield","floor":24},{"not_picked":["Negative_Energy_Sphere","Negative_Energy_Javelin"],"picked":"Slay_Living","floor":25},{"not_picked":["Blood_Wake","Summon_Undead+1","Toxic_Smoke_Screen"],"picked":"Singing Bowl","floor":27},{"not_picked":["Toxic_Smoke_Screen","Vampiric_Strike","Consume_Illness"],"picked":"Singing Bowl","floor":29},{"not_picked":["Chill_Blood","Consume_Illness+1"],"picked":"Summon_Lich","floor":30},{"not_picked":["Negative_Energy_Javelin+1","Bone_Armor"],"picked":"Siphon_Strength","floor":31},{"not_picked":["Detonate_Bones","Grasp_Heart"],"picked":"Summon_Death_Knight","floor":33},{"not_picked":["Shackles_Of_Pain+1","Chill_Blood+1","Bone_Armor+1"],"picked":"Singing Bowl","floor":35},{"not_picked":["Necrotic_Claws+1","Slay_Living+1","Spectral_Walk+1"],"picked":"Singing Bowl","floor":36},{"not_picked":["Uncharnel+1","Vampiric_Strike+1","Bone_Shift"],"picked":"Singing Bowl","floor":40},{"not_picked":["Toxic_Smoke_Screen+1","Spectral_Walk+1"],"picked":"Requiem","floor":41},{"not_picked":["Blood_Shield+1","Negative_Energy_Javelin"],"picked":"Finger_Of_Death+1","floor":42},{"not_picked":["Acid_Javelin+1","Blood_for_Blood","Summon_Undead_Army+1"],"picked":"Singing Bowl","floor":44},{"not_picked":["Bone_Armor","Toxic_Smoke_Screen+1","Bones_to_Steel"],"picked":"Singing Bowl","floor":45},{"not_picked":["Blood_Wake+1","Reap_The_Weak+1"],"picked":"Grasp_Heart+1","floor":46},{"not_picked":["Shackles_Of_Pain","Vampiric_Strike+1","Plague_Bolt"],"picked":"Singing Bowl","floor":47},{"not_picked":["Bone_Shift+1","Plague_Bolt+1"],"picked":"Negative_Energy_Sphere","floor":48},{"not_picked":["Negative_Energy_Shield+1","Chill_Blood"],"picked":"Negative_Energy_Sphere+1","floor":49}],"player_experience":145352,"relics_obtained":[{"floor":7,"key":"Gremlin Horn"},{"floor":9,"key":"Singing Bowl"},{"floor":23,"key":"Pantograph"},{"floor":27,"key":"FossilizedHelix"},{"floor":29,"key":"Turnip"},{"floor":36,"key":"infinitespire:CursedDice"},{"floor":41,"key":"Pen Nib"},{"floor":43,"key":"infinitespire:BottledMercury"}],"event_choices":[{"damage_healed":0,"gold_gain":0,"player_choice":"Take Wound","damage_taken":0,"relics_obtained":["Golden Idol"],"max_hp_gain":0,"max_hp_loss":0,"event_name":"Golden Idol","floor":5,"gold_loss":0,"cards_obtained":["Injury"]},{"damage_healed":0,"gold_gain":1,"player_choice":"1","damage_taken":0,"max_hp_gain":0,"max_hp_loss":0,"event_name":"betterStone:BetterStone","floor":8,"gold_loss":0},{"damage_healed":0,"gold_gain":175,"player_choice":"AGREE","damage_taken":102,"max_hp_gain":0,"max_hp_loss":0,"event_name":"betterThird:BetterSerpent","floor":11,"gold_loss":0},{"damage_healed":0,"gold_gain":0,"player_choice":"3","damage_taken":0,"max_hp_gain":0,"max_hp_loss":0,"event_name":"betterMatch:BetterMatch","floor":12,"gold_loss":0,"cards_obtained":[]},{"damage_healed":0,"gold_gain":0,"player_choice":"Inject Mutagens","damage_taken":0,"relics_obtained":["MutagenicStrength"],"max_hp_gain":0,"max_hp_loss":0,"event_name":"Drug Dealer","floor":19,"gold_loss":0},{"damage_healed":0,"gold_gain":0,"player_choice":"Paid Fearfully","damage_taken":0,"max_hp_gain":0,"max_hp_loss":0,"event_name":"Masked Bandits","floor":21,"gold_loss":18},{"damage_healed":0,"gold_gain":0,"player_choice":" GoldIdol ","damage_taken":1,"relics_obtained":["Bloody Idol"],"max_hp_gain":74,"max_hp_loss":73,"event_name":"betterAltar:BetterAltar","floor":22,"potions_obtained":[],"relics_lost":["Golden Idol"],"gold_loss":0},{"damage_healed":0,"gold_gain":0,"player_choice":"Fight","damage_taken":0,"max_hp_gain":0,"max_hp_loss":0,"event_name":"MindBloom","floor":36,"gold_loss":0},{"damage_healed":0,"gold_gain":0,"player_choice":"2","damage_taken":0,"max_hp_gain":0,"max_hp_loss":0,"event_name":"betterMatch:BetterMatch","floor":46,"gold_loss":0,"cards_obtained":["betterMatch:RareCard"]}],"is_beta":false,"boss_relics":[{"not_picked":["Runic Pyramid","Ectoplasm"],"picked":"Fusion Hammer"},{"not_picked":["Philosopher\u0027s Stone","SlaversCollar"],"picked":"Velvet Choker"}],"items_purged_floors":[37],"is_endless":false,"potions_floor_spawned":[2,16,23,24,29,33,35,45,48],"ascension_level":0}}