{"host":"08t08ld674si40tv","time":1610240663,"event":{"mods":["AchievementEnabler","BaseMod","Colored Map","Minty Spire (QoL Compilation)","StSLib","SuperFastMode"],"gold_per_floor":[111,128,128,47,58,93,112,112,112,112,112,112,141,151,151,151,151],"floor_reached":16,"playtime":261,"items_purged":[],"score":220,"play_id":"989e6188-ea5f-478f-9ff0-553ce3fadf06","local_time":"20210110100423","is_ascension_mode":true,"campfire_choices":[{"data":"Fiend Fire","floor":8.0,"key":"SMITH"},{"data":"1","floor":10.0,"key":"LIFT"},{"data":"2","floor":12.0,"key":"LIFT"},{"data":"3","floor":15,"key":"LIFT"}],"circlet_count":0,"master_deck":["AscendersBane","Strike_R","Strike_R","Strike_R","Strike_R","Defend_R","Defend_R","Defend_R","Defend_R","Bash","Fiend Fire+1","Spot Weakness","Inflame","Fire Breathing","Shrug It Off","Sword Boomerang","Bloodletting"],"relics":["Black Blood","Girya","Mango","Bottled Lightning"],"acts_visited":["Exordium"],"potions_floor_usage":[],"damage_taken":[{"damage":3.0,"enemies":"2 Louse","floor":1.0,"turns":2.0},{"damage":6.0,"enemies":"Cultist","floor":2.0,"turns":3.0},{"damage":26.0,"enemies":"Jaw Worm","floor":5.0,"turns":4.0},{"damage":11.0,"enemies":"Gremlin Nob","floor":6.0,"turns":3.0},{"damage":25.0,"enemies":"Exordium Thugs","floor":7.0,"turns":4.0},{"damage":27.0,"enemies":"3 Sentries","floor":13.0,"turns":5.0},{"damage":20,"enemies":"2 Fungi Beasts","floor":14,"turns":5},{"damage":42,"enemies":"The Guardian","floor":16,"turns":5}],"seed_played":"8159091525678587612","potions_obtained":[{"floor":1.0,"key":"AttackPotion"},{"floor":6.0,"key":"Fire Potion"},{"floor":13,"key":"Energy Potion"}],"is_trial":false,"path_per_floor":["M","M","?","$","M","E","M","R","T","R","$","R","E","M","R","B"],"character_chosen":"IRONCLAD","items_purchased":["Fire Breathing"],"campfire_rested":0,"item_purchase_floors":[4],"current_hp_per_floor":[75,75,75,75,61,62,49,49,63,63,63,63,48,40,40,0,0],"gold":151,"neow_bonus":"ONE_RANDOM_RARE_CARD","is_daily":false,"chose_seed":false,"campfire_upgraded":1,"win_rate":0.0,"timestamp":1610240663,"path_taken":["M","M","?","$","?","E","?","R","T","R","?","R","E","M","R","BOSS"],"items_purchased_type":["Card"],"build_version":"2020-12-22","purchased_purges":0,"victory":false,"max_hp_per_floor":[75,75,75,75,75,75,75,75,89,89,89,89,89,89,89,89,89],"card_choices":[{"not_picked":["Carnage","Clothesline"],"picked":"Spot Weakness","floor":1.0},{"not_picked":["Pummel","Burning Pact"],"picked":"Inflame","floor":2.0},{"not_picked":["Twin Strike","Thunderclap","Havoc"],"picked":"SKIP","floor":5.0},{"not_picked":["Sword Boomerang","Exhume","Clash"],"picked":"SKIP","floor":6.0},{"not_picked":["Twin Strike","Flex"],"picked":"Shrug It Off","floor":7.0},{"not_picked":["Sword Boomerang","Hemokinesis","Spot Weakness"],"picked":"SKIP","floor":13},{"not_picked":["Hemokinesis","Spot Weakness"],"picked":"Sword Boomerang","floor":13},{"not_picked":["Armaments","Sword Boomerang"],"picked":"Bloodletting","floor":14}],"player_experience":212646,"relics_obtained":[{"floor":6.0,"key":"Girya"},{"floor":9.0,"key":"Mango"},{"floor":13,"key":"Bottled Lightning"}],"event_choices":[{"cards_removed":["Strike_R"],"damage_healed":0.0,"max_hp_gain":0.0,"max_hp_loss":0.0,"gold_gain":0.0,"event_name":"Purifier","player_choice":"Purged","floor":3.0,"gold_loss":0.0,"damage_taken":0.0}],"is_beta":false,"boss_relics":[],"items_purged_floors":[],"is_endless":false,"potions_floor_spawned":[1,6,13],"killed_by":"The Guardian","ascension_level":20}}