{"host":"a3oe3gstxz77c7qu","time":1610237171,"event":{"mods":["2.2 Compatiblity","Act Like it!","BaseMod","Bestiary","Better Altar","Better Match","Better Note","Better Skull","Better Third Choice","Block Reminder","Curses Come First","Custom Start","Dark Map","Downfall","Friendly Minions","GifTheSpireLib","Hermit","Jorbs\u0027s Wanderer Trilogy","Lobotomy","LobotomyExtend","Marisa????????","Minty Spire (QoL Compilation)","Permanent Neow","Quick Restart","Relic Stats","Replay The Spire","StSLib","The Bug Knight","The Disciple","Uncapped","Unknown Chances","Wandering Minibosses"],"gold_per_floor":[327,99,116,126,182,15,15,38,57,57,85,10,28,28,59,71,71,71,71],"floor_reached":16,"playtime":984,"items_purged":[],"score":132,"play_id":"c4985199-9a0d-49b8-8fb8-53ea7a5c07c9","local_time":"20210110000611","is_ascension_mode":true,"campfire_choices":[{"floor":1,"key":"RECALL"},{"data":"Guardian:RefractedBeam","floor":11,"key":"SMITH"}],"circlet_count":0,"master_deck":["Guardian:Strike_Guardian","Guardian:Strike_Guardian","Guardian:Strike_Guardian","Guardian:Defend_Guardian","Guardian:Defend_Guardian","Guardian:Defend_Guardian","Guardian:Defend_Guardian","Guardian:CurlUp","Guardian:TwinSlam","Guardian:RefractedBeam+1","Guardian:StasisStrike","Guardian:PiercingHide","Guardian:PrimingBeam"],"relics":["Guardian:ModeShifter","LetterFromLob","Strawberry","HandDrill","ReplayTheSpireMod:Lightbulb","Dream Catcher","downfall:HeartBlessingRed","ReplayFunnel"],"acts_visited":["Exordium"],"potions_floor_usage":[],"damage_taken":[{"damage":0,"enemies":"Small Slimes","floor":2,"turns":5},{"damage":0,"enemies":"2 Louse","floor":3,"turns":2},{"damage":18,"enemies":"Gremlin Nob","floor":4,"turns":4},{"damage":0,"enemies":"downfall:FleeingMerchant","floor":5,"turns":4},{"damage":1,"enemies":"Jaw Worm","floor":8,"turns":6},{"damage":18,"enemies":"3 Sentries","floor":10,"turns":8},{"damage":0,"enemies":"Gremlin Gang","floor":12,"turns":4},{"damage":24,"enemies":"Lagavulin","floor":14,"turns":6},{"damage":11,"enemies":"3 Louse","floor":15,"turns":3},{"damage":26,"enemies":"downfall:Silent","floor":16,"turns":4}],"seed_played":"-253580835689599970","potions_obtained":[{"floor":4,"key":"sneckomod:MuddlingPotion"},{"floor":10,"key":"Elixir"},{"floor":14,"key":"Explosive Potion"},{"floor":15,"key":"Toxic Potion"}],"is_trial":false,"path_per_floor":["R","M","M","?","$","?","T","M","?","E","R","M","M","E","M","B"],"character_chosen":"GUARDIAN","items_purchased":["HandDrill"],"campfire_rested":0,"item_purchase_floors":[5],"current_hp_per_floor":[6,80,80,80,69,69,74,74,73,73,55,55,55,55,31,20,0,0,0],"gold":71,"neow_bonus":"ONE_RANDOM_RARE_CARD","is_daily":false,"chose_seed":false,"campfire_upgraded":1,"win_rate":0.0,"timestamp":1610237171,"path_taken":["R","M","M","?","$","?","T","M","?","E","R","?","M","E","M","BOSS"],"items_purchased_type":["Relic"],"build_version":"2020-12-22","purchased_purges":0,"victory":false,"max_hp_per_floor":[80,80,80,80,87,87,92,92,92,92,92,92,92,92,92,92,92,92,92],"relic_stats":{"Dream Catcher":0,"counters":[10,46],"HandDrill":[10],"obtain_stats":[{"ReplayFunnel":14,"Dream Catcher":10,"downfall:HeartBlessingRed":11,"Strawberry":4,"Guardian:ModeShifter":0,"LetterFromLob":2,"HandDrill":5,"ReplayTheSpireMod:Lightbulb":7},{"ReplayFunnel":8,"Dream Catcher":6,"downfall:HeartBlessingRed":6,"Strawberry":3,"Guardian:ModeShifter":0,"LetterFromLob":1,"HandDrill":4,"ReplayTheSpireMod:Lightbulb":4},{"ReplayFunnel":39,"Dream Catcher":29,"downfall:HeartBlessingRed":29,"Strawberry":11,"Guardian:ModeShifter":0,"LetterFromLob":5,"HandDrill":15,"ReplayTheSpireMod:Lightbulb":15}]},"card_choices":[{"not_picked":["Guardian:WalkerClaw","Guardian:ChargeCore"],"picked":"Guardian:RefractedBeam","floor":2},{"not_picked":["Guardian:Planning","Guardian:Gem_Purple"],"picked":"Guardian:Gem_Red","floor":3},{"not_picked":["Guardian:ChargeCore","Guardian:CrystalBeam","Guardian:Recover"],"picked":"SKIP","floor":5},{"not_picked":["Guardian:RefractedBeam","Guardian:Incinerate"],"picked":"Guardian:StasisStrike","floor":8},{"not_picked":["Guardian:GemFire","Guardian:DecasProtection"],"picked":"Guardian:Gem_Red","floor":10},{"not_picked":["Guardian:TemporalStrike","Guardian:Reroute","Guardian:SentryBeam"],"picked":"SKIP","floor":12},{"not_picked":["Guardian:Gem_Purple","Guardian:Gem_Lightblue"],"picked":"Guardian:PiercingHide","floor":14},{"not_picked":["Guardian:PolyBeam","Guardian:CrystalBeam"],"picked":"Guardian:PrimingBeam","floor":15}],"player_experience":951534,"relics_obtained":[{"floor":2,"key":"LetterFromLob"},{"floor":4,"key":"Strawberry"},{"floor":7,"key":"ReplayTheSpireMod:Lightbulb"},{"floor":10,"key":"Dream Catcher"},{"floor":14,"key":"ReplayFunnel"}],"event_choices":[{"damage_healed":0,"gold_gain":0,"player_choice":"Donut","damage_taken":0,"max_hp_gain":5,"max_hp_loss":0,"event_name":"Big Fish","floor":6,"gold_loss":0}],"is_beta":false,"boss_relics":[],"items_purged_floors":[],"is_endless":false,"potions_floor_spawned":[4,10,14,15],"killed_by":"downfall:Silent","ascension_level":4}}