{"host":"w3q5ijqu8eoknil3","time":1610258270,"event":{"mods":["AchievementEnabler","BaseMod","Block Reminder","Colored Map","Colored Powertips","Curses Come First","Minty Spire (QoL Compilation)","Quick Restart","Relic Stats","StSLib","ojb\u0027s Better Paths Mod","ojb\u0027s Info Mod","slay the spire mod where everything is the same but ironclad has a cowboy hat"],"gold_per_floor":[109,109,123,133,151,180,180,211,211,211,229,229,16,31,31,31,31],"floor_reached":16,"playtime":532,"items_purged":[],"score":207,"play_id":"28de7b2e-9194-41d0-bcd6-eceaac7e0cbd","local_time":"20210110055750","is_ascension_mode":true,"campfire_choices":[{"data":"Catalyst","floor":7,"key":"SMITH"},{"data":"Strike_G","floor":12,"key":"PURGE"},{"data":"Strike_G","floor":15,"key":"PURGE"}],"circlet_count":0,"master_deck":["AscendersBane","Strike_G","Strike_G","Strike_G","Defend_G","Defend_G","Defend_G","Defend_G","Defend_G","Survivor","Neutralize","Flying Knee","Deadly Poison","Catalyst+1","Skewer","Dash","Poisoned Stab+1","Terror","Corpse Explosion","PiercingWail","Terror"],"relics":["Coffee Dripper","Du-Vu Doll","Unceasing Top","Peace Pipe"],"acts_visited":["Exordium"],"potions_floor_usage":[6,8,14,16],"damage_taken":[{"damage":0,"enemies":"Small Slimes","floor":1,"turns":6},{"damage":7,"enemies":"Jaw Worm","floor":3,"turns":5},{"damage":11,"enemies":"Cultist","floor":4,"turns":4},{"damage":0,"enemies":"2 Fungi Beasts","floor":5,"turns":4},{"damage":29,"enemies":"3 Sentries","floor":6,"turns":6},{"damage":5,"enemies":"Lagavulin","floor":8,"turns":6},{"damage":4,"enemies":"Large Slime","floor":11,"turns":4},{"damage":0,"enemies":"Lots of Slimes","floor":14,"turns":2},{"damage":8,"enemies":"Slime Boss","floor":16,"turns":4}],"seed_played":"-5259493483740867571","potions_obtained":[{"floor":1,"key":"ColorlessPotion"},{"floor":6,"key":"LiquidBronze"},{"floor":11,"key":"AttackPotion"},{"floor":14,"key":"Fire Potion"}],"is_trial":false,"path_per_floor":["M","?","M","M","M","E","R","E","T","?","M","R","$","M","R","B"],"character_chosen":"THE_SILENT","items_purchased":["Corpse Explosion","PiercingWail"],"campfire_rested":0,"item_purchase_floors":[13,13],"current_hp_per_floor":[59,59,52,41,41,12,12,7,7,7,3,3,3,3,3,0,0],"gold":31,"neow_bonus":"BOSS_RELIC","is_daily":false,"chose_seed":false,"campfire_upgraded":1,"win_rate":0.0,"timestamp":1610258270,"path_taken":["M","?","M","M","M","E","R","E","T","?","M","R","$","M","R","BOSS"],"items_purchased_type":["Card","Card"],"build_version":"2020-12-22","purchased_purges":0,"victory":false,"max_hp_per_floor":[66,66,66,66,66,66,66,66,66,66,66,66,66,66,66,66,66],"relic_stats":{"Peace Pipe":2,"counters":[9,41],"obtain_stats":[{"Du-Vu Doll":6,"Peace Pipe":9,"Coffee Dripper":0,"Unceasing Top":8,"Ring of the Snake":0},{"Du-Vu Doll":5,"Peace Pipe":6,"Coffee Dripper":0,"Unceasing Top":6,"Ring of the Snake":0},{"Du-Vu Doll":25,"Peace Pipe":31,"Coffee Dripper":0,"Unceasing Top":31,"Ring of the Snake":0}],"Unceasing Top":[2]},"card_choices":[{"not_picked":["Expertise","Dagger Throw"],"picked":"Flying Knee","floor":1},{"not_picked":["Slice","PiercingWail"],"picked":"Deadly Poison","floor":3},{"not_picked":["Setup","Outmaneuver"],"picked":"Catalyst","floor":4},{"not_picked":["Acrobatics","Deflect"],"picked":"Skewer","floor":5},{"not_picked":["Concentrate","Tactician"],"picked":"Dash","floor":6},{"not_picked":["Dagger Throw","Underhanded Strike"],"picked":"Poisoned Stab","floor":8},{"not_picked":["PiercingWail","Sucker Punch"],"picked":"Terror","floor":11},{"not_picked":["Distraction","Escape Plan"],"picked":"Terror","floor":14}],"player_experience":946208,"relics_obtained":[{"floor":6,"key":"Du-Vu Doll"},{"floor":8,"key":"Unceasing Top"},{"floor":9,"key":"Peace Pipe"}],"event_choices":[{"damage_healed":0,"gold_gain":0,"player_choice":"Leave","damage_taken":0,"max_hp_gain":0,"max_hp_loss":0,"event_name":"The Cleric","floor":2,"gold_loss":0},{"damage_healed":0,"gold_gain":0,"player_choice":"Forge","damage_taken":0,"max_hp_gain":0,"max_hp_loss":0,"event_name":"Accursed Blacksmith","floor":10,"gold_loss":0,"cards_upgraded":["Poisoned Stab"]}],"is_beta":false,"boss_relics":[],"items_purged_floors":[],"is_endless":false,"potions_floor_spawned":[1,6,11,14],"killed_by":"Slime Boss","ascension_level":17}}