{"host":"dwppbb1tkuy5qbmv","time":1610288313,"event":{"mods":["AchievementEnabler","BaseMod","Better Third Choice","BetterRewards","Minty Spire (QoL Compilation)","Shop Mod","StSLib","UnlockEverythingMod"],"gold_per_floor":[115,115,13,23,0,0,26,0,0,27,38,55,55,74,74,74,74],"floor_reached":16,"playtime":1320,"items_purged":[],"score":142,"play_id":"1fc51287-1e02-47a3-abb0-09bf98010530","local_time":"20210110221833","is_ascension_mode":true,"campfire_choices":[{"floor":6,"key":"RECALL"},{"data":"Prepared","floor":13,"key":"SMITH"},{"floor":15,"key":"REST"}],"circlet_count":0,"master_deck":["Strike_G","Strike_G","Strike_G","Strike_G","Strike_G","Defend_G","Defend_G","Defend_G","Defend_G","Survivor","Neutralize","Outmaneuver","Infinite Blades","Dodge and Roll","PiercingWail","Accuracy","Enlightenment","Acrobatics","Prepared+1","Outmaneuver","Escape Plan"],"relics":["Ring of the Snake","NeowsBlessing","betterThird:SlimedRelic","Incense Burner","Nunchaku"],"acts_visited":["Exordium"],"potions_floor_usage":[],"damage_taken":[{"damage":0,"enemies":"Jaw Worm","floor":1,"turns":1},{"damage":0,"enemies":"Small Slimes","floor":4,"turns":1},{"damage":0,"enemies":"Lagavulin","floor":7,"turns":2},{"damage":18,"enemies":"3 Sentries","floor":10,"turns":11},{"damage":0,"enemies":"2 Louse","floor":11,"turns":5},{"damage":2,"enemies":"Large Slime","floor":12,"turns":8},{"damage":2,"enemies":"Lots of Slimes","floor":14,"turns":8},{"damage":58,"enemies":"Slime Boss","floor":16,"turns":14}],"seed_played":"-8774809699463083779","potions_obtained":[{"floor":10,"key":"Weak Potion"},{"floor":12,"key":"Strength Potion"}],"is_trial":false,"path_per_floor":["M","?","$","M","?","R","E","?","T","E","M","M","R","M","R","B"],"character_chosen":"THE_SILENT","items_purchased":["Infinite Blades","Dodge and Roll"],"campfire_rested":1,"item_purchase_floors":[3,3],"current_hp_per_floor":[70,63,63,63,52,52,52,58,58,40,40,38,38,36,58,0,0],"gold":74,"neow_bonus":"THREE_ENEMY_KILL","is_daily":false,"chose_seed":false,"campfire_upgraded":1,"win_rate":0.0,"timestamp":1610288313,"path_taken":["M","?","$","M","?","R","E","?","T","E","M","M","R","M","R","BOSS"],"items_purchased_type":["Card","Card"],"build_version":"2020-12-22","purchased_purges":0,"victory":false,"max_hp_per_floor":[70,70,70,70,70,70,70,76,76,76,76,76,76,76,76,76,76],"card_choices":[{"not_picked":["Bane","Deflect"],"picked":"Outmaneuver","floor":1},{"not_picked":["Crippling Poison","Skewer"],"picked":"PiercingWail","floor":4},{"not_picked":["Flying Knee","Skewer"],"picked":"Accuracy","floor":7},{"not_picked":["Choke","PiercingWail"],"picked":"Acrobatics","floor":10},{"not_picked":["Underhanded Strike","Bane"],"picked":"Prepared","floor":11},{"not_picked":["Dash","Poisoned Stab"],"picked":"Outmaneuver","floor":12},{"not_picked":["Choke","Footwork"],"picked":"Escape Plan","floor":14}],"player_experience":95903,"relics_obtained":[{"floor":7,"key":"Incense Burner"},{"floor":10,"key":"Nunchaku"}],"event_choices":[{"cards_removed":["Defend_G"],"damage_healed":0,"gold_gain":0,"player_choice":"Card Removal","damage_taken":7,"max_hp_gain":0,"max_hp_loss":0,"event_name":"Golden Wing","floor":2,"gold_loss":0},{"damage_healed":0,"gold_gain":0,"player_choice":"Slimed","damage_taken":11,"max_hp_gain":0,"max_hp_loss":0,"event_name":"betterThird:BetterGoop","floor":5,"gold_loss":23},{"damage_healed":0,"gold_gain":0,"player_choice":"RENOUNCE","damage_taken":26,"max_hp_gain":0,"max_hp_loss":0,"event_name":"betterThird:BetterSerpent","floor":8,"gold_loss":26,"cards_obtained":["Enlightenment"]}],"is_beta":false,"boss_relics":[],"items_purged_floors":[],"is_endless":false,"potions_floor_spawned":[10,12],"killed_by":"Slime Boss","ascension_level":1}}