{"host":"5x08nt64u3vxxcfi","time":1610270775,"event":{"mods":["BaseMod","Minty Spire (QoL Compilation)","StSLib","SuperFastMode"],"gold_per_floor":[111,111,36,56,79,79,154,172,172,172,212,232,246,216,216,335,335,359,2,92,112,112,112],"floor_reached":22,"playtime":555,"items_purged":["Strike_G","Strike_G"],"score":458,"play_id":"b76c6dda-be22-47ed-ab35-0eea04605f56","local_time":"20210110182615","is_ascension_mode":true,"campfire_choices":[{"data":"Neutralize","floor":6.0,"key":"SMITH"},{"floor":15,"key":"REST"}],"circlet_count":0,"master_deck":["AscendersBane","Strike_G","Strike_G","Strike_G","Defend_G","Defend_G","Defend_G","Defend_G","Defend_G","Survivor","Neutralize+1","Accuracy","Deflect","Accuracy","Corpse Explosion","Dagger Throw","Infinite Blades","Accuracy","Sucker Punch","Burst","Backflip+1","Apotheosis","Cloak And Dagger","Quick Slash","Infinite Blades"],"relics":["HoveringKite","Golden Idol","Regal Pillow","Gremlin Horn","Cursed Key"],"acts_visited":["TheCity"],"potions_floor_usage":[16,18,21],"damage_taken":[{"damage":0.0,"enemies":"2 Louse","floor":1.0,"turns":3.0},{"damage":7.0,"enemies":"Small Slimes","floor":4.0,"turns":5.0},{"damage":13.0,"enemies":"Cultist","floor":5.0,"turns":6.0},{"damage":10.0,"enemies":"2 Fungi Beasts","floor":8.0,"turns":6.0},{"damage":21.0,"enemies":"Lagavulin","floor":11.0,"turns":8.0},{"damage":1.0,"enemies":"Blue Slaver","floor":12.0,"turns":4.0},{"damage":13.0,"enemies":"Large Slime","floor":13.0,"turns":6.0},{"damage":2,"enemies":"Looter","floor":14,"turns":4},{"damage":32,"enemies":"Hexaghost","floor":16,"turns":10},{"damage":32,"enemies":"3 Byrds","floor":18,"turns":4},{"damage":2,"enemies":"Chosen","floor":21,"turns":5},{"damage":11,"enemies":"Centurion and Healer","floor":22,"turns":3}],"seed_played":"-8346194692195809598","potions_obtained":[{"floor":1.0,"key":"Strength Potion"},{"floor":11.0,"key":"Energy Potion"},{"floor":13.0,"key":"Weak Potion"},{"floor":16,"key":"ColorlessPotion"},{"floor":18,"key":"ColorlessPotion"}],"is_trial":false,"path_per_floor":["M","?","$","M","M","R","?","M","T","?","E","M","M","M","R","B",null,"M","$","?","M","M"],"character_chosen":"THE_SILENT","items_purchased":["Apotheosis","Cloak And Dagger","Quick Slash"],"campfire_rested":1,"item_purchase_floors":[19,19,19],"current_hp_per_floor":[63,63,63,56,43,43,32,22,22,43,22,21,8,6,40,8,51,19,19,7,5,0,0],"gold":112,"neow_bonus":"BOSS_RELIC","is_daily":false,"chose_seed":false,"campfire_upgraded":1,"win_rate":0.0,"timestamp":1610270775,"path_taken":["M","?","$","M","M","R","?","M","T","?","E","M","M","M","R","BOSS","M","$","?","?","M"],"items_purchased_type":["Card","Card","Card"],"build_version":"2020-12-22","purchased_purges":2,"victory":false,"max_hp_per_floor":[70,65,65,65,65,65,65,65,65,65,65,65,65,65,65,65,65,65,65,65,65,65,65],"card_choices":[{"not_picked":["Flechettes","Quick Slash"],"picked":"Accuracy","floor":1.0},{"not_picked":["Concentrate","Deadly Poison"],"picked":"Deflect","floor":4.0},{"not_picked":["Deadly Poison","Well Laid Plans"],"picked":"Accuracy","floor":5.0},{"not_picked":["Deflect","Tactician"],"picked":"Corpse Explosion","floor":8.0},{"not_picked":["Deadly Poison","Noxious Fumes"],"picked":"Dagger Throw","floor":11.0},{"not_picked":["Expertise","Dodge and Roll"],"picked":"Infinite Blades","floor":12.0},{"not_picked":["Expertise","Eviscerate"],"picked":"Accuracy","floor":13.0},{"not_picked":["Masterful Stab","Outmaneuver"],"picked":"Sucker Punch","floor":14},{"not_picked":["Venomology","Grand Finale"],"picked":"Burst","floor":16},{"not_picked":["Deadly Poison","Heel Hook"],"picked":"Backflip+1","floor":18},{"not_picked":["Sucker Punch","Choke"],"picked":"Infinite Blades","floor":21}],"player_experience":86681,"relics_obtained":[{"floor":9.0,"key":"Regal Pillow"},{"floor":11.0,"key":"Gremlin Horn"}],"event_choices":[{"damage_healed":0.0,"max_hp_gain":0.0,"max_hp_loss":5.0,"gold_gain":0.0,"event_name":"Golden Idol","player_choice":"Lose Max HP","floor":2.0,"gold_loss":0.0,"damage_taken":0.0,"relics_obtained":["Golden Idol"]},{"damage_healed":0.0,"max_hp_gain":0.0,"max_hp_loss":0.0,"gold_gain":75.0,"event_name":"World of Goop","player_choice":"Gather Gold","floor":7.0,"gold_loss":0.0,"damage_taken":11.0},{"damage_healed":21.0,"max_hp_gain":0.0,"max_hp_loss":0.0,"gold_gain":0.0,"event_name":"Big Fish","player_choice":"Banana","floor":10.0,"gold_loss":0.0,"damage_taken":0.0},{"damage_healed":0,"gold_gain":90,"player_choice":"GOLD ","damage_taken":12,"max_hp_gain":0,"max_hp_loss":0,"event_name":"Knowing Skull","floor":20,"potions_obtained":[],"gold_loss":0,"cards_obtained":[]}],"is_beta":false,"boss_relics":[{"not_picked":["Coffee Dripper","Fusion Hammer"],"picked":"Cursed Key"}],"items_purged_floors":[3,19],"is_endless":false,"potions_floor_spawned":[1,11,13,16,18],"killed_by":"Centurion and Healer","ascension_level":12}}