{"host":"91blwi3hgehj6ch9","time":1610322235,"event":{"mods":["2.2 Compatiblity","AchievementEnabler","BaseMod","Colored Map","DeckTracker","Keyboard Shortcuts","Minty Spire (QoL Compilation)","Permanent Neow","Quick Restart","StSLib","SuperFastMode"],"gold_per_floor":[110,110,35,45,63,63,73,73,125,138,138,149,167,14,14,14,14],"floor_reached":16,"playtime":578,"items_purged":["Defend_G"],"score":155,"play_id":"a4fc00e0-fcd9-4cfd-a06d-c1b9ca202f30","local_time":"20210111084355","is_ascension_mode":true,"campfire_choices":[{"data":"Acrobatics","floor":6.0,"key":"SMITH"},{"floor":15,"key":"REST"}],"circlet_count":0,"master_deck":["AscendersBane","Strike_G","Strike_G","Strike_G","Strike_G","Defend_G","Defend_G+1","Defend_G","Defend_G","Survivor","Neutralize","Acrobatics+1","PiercingWail+1","Masterful Stab","Backflip","Dash"],"relics":["Sozu","Nunchaku","Potion Belt","Vajra"],"acts_visited":["Exordium"],"potions_floor_usage":[],"damage_taken":[{"damage":3.0,"enemies":"Small Slimes","floor":1.0,"turns":5.0},{"damage":2.0,"enemies":"Cultist","floor":4.0,"turns":5.0},{"damage":2.0,"enemies":"2 Louse","floor":5.0,"turns":3.0},{"damage":0.0,"enemies":"Large Slime","floor":7.0,"turns":8.0},{"damage":8.0,"enemies":"Exordium Thugs","floor":10.0,"turns":6.0},{"damage":8,"enemies":"Exordium Wildlife","floor":12,"turns":7},{"damage":0,"enemies":"Large Slime","floor":13,"turns":5},{"damage":38,"enemies":"Hexaghost","floor":16,"turns":15}],"seed_played":"96750051641378127","potions_obtained":[],"is_trial":false,"path_per_floor":["M","?","$","M","M","R","M","?","T","M","?","M","M","$","R","B"],"character_chosen":"THE_SILENT","items_purchased":["Vajra"],"campfire_rested":1,"item_purchase_floors":[14],"current_hp_per_floor":[60,60,60,58,56,56,56,44,44,36,22,14,14,14,35,0,0],"gold":14,"neow_bonus":"BOSS_RELIC","is_daily":false,"chose_seed":false,"campfire_upgraded":1,"win_rate":0.0,"timestamp":1610322235,"path_taken":["M","?","$","?","M","R","M","?","T","M","?","M","M","?","R","BOSS"],"items_purchased_type":["Relic"],"build_version":"2020-12-22","purchased_purges":1,"victory":false,"max_hp_per_floor":[70,70,70,70,70,70,70,70,70,70,70,70,70,70,70,70,70],"card_choices":[{"not_picked":["Poisoned Stab","Flying Knee"],"picked":"Acrobatics","floor":1.0},{"not_picked":["Poisoned Stab","Blur"],"picked":"PiercingWail","floor":4.0},{"not_picked":["Backflip","Bane"],"picked":"Masterful Stab","floor":5.0},{"not_picked":["Crippling Poison","Outmaneuver","Riddle With Holes"],"picked":"SKIP","floor":7.0},{"not_picked":["Crippling Poison","Outmaneuver","Riddle With Holes"],"picked":"SKIP","floor":7.0},{"not_picked":["Crippling Poison","Outmaneuver","Riddle With Holes"],"picked":"SKIP","floor":7.0},{"not_picked":["Outmaneuver","Skewer"],"picked":"Backflip","floor":10},{"not_picked":["Cloak And Dagger","Calculated Gamble"],"picked":"Dash","floor":12},{"not_picked":["Distraction","Dodge and Roll","Calculated Gamble"],"picked":"SKIP","floor":13}],"player_experience":146293,"relics_obtained":[{"floor":9.0,"key":"Potion Belt"}],"event_choices":[{"cards_removed":["Strike_G"],"damage_healed":0.0,"max_hp_gain":0.0,"max_hp_loss":0.0,"gold_gain":0.0,"event_name":"Purifier","player_choice":"Purged","floor":2.0,"gold_loss":0.0,"damage_taken":0.0},{"damage_healed":0.0,"max_hp_gain":0.0,"max_hp_loss":0.0,"gold_gain":0.0,"event_name":"Scrap Ooze","player_choice":"Success","floor":8.0,"gold_loss":0.0,"damage_taken":12.0,"relics_obtained":["Nunchaku"]},{"damage_healed":0,"gold_gain":0,"player_choice":"Entered Light","damage_taken":14,"max_hp_gain":0,"max_hp_loss":0,"event_name":"Shining Light","floor":11,"gold_loss":0,"cards_upgraded":["PiercingWail","Defend_G"]}],"is_beta":false,"boss_relics":[],"items_purged_floors":[3],"is_endless":false,"potions_floor_spawned":[5,7,13],"killed_by":"Hexaghost","ascension_level":13}}