{"host":"3lu18h28pc0a6dwf","time":1610305198,"event":{"mods":["2.2 Compatiblity","Act Like it!","BaseMod","Colored Map","Downfall","Jorbs\u0027s Wanderer Trilogy","Melee Mod","Minty Spire (QoL Compilation)","Rare Cards Sparkle","Replay The Spire","StSLib","The Cursed","Treasure Hunter"],"gold_per_floor":[99,99,64,64,64,82,82,82,100,135,135,150,75,88,101,203,203,203,221,421,437,33,33,60,71,89,89,89,89],"floor_reached":27,"playtime":1641,"items_purged":[],"score":213,"play_id":"7ca0f717-701a-4e38-b9c8-afeb6b10973d","local_time":"20210110135958","is_ascension_mode":false,"campfire_choices":[{"floor":1,"key":"RECALL"},{"floor":13,"key":"REST"},{"data":"Guardian:WalkerClaw","floor":18,"key":"SMITH"}],"circlet_count":0,"master_deck":["Guardian:Strike_Guardian","Guardian:Strike_Guardian","Guardian:Strike_Guardian","Guardian:Strike_Guardian","Guardian:Defend_Guardian","Guardian:Defend_Guardian","Guardian:Defend_Guardian","Guardian:Defend_Guardian","Guardian:CurlUp","Guardian:TwinSlam","Guardian:Gem_Red","Guardian:PolyBeam","Pain","Guardian:EvasiveProtocol","Guardian:SentryBeam","Guardian:Gem_Purple","Guardian:MultiBeam","Guardian:WalkerClaw+1","Guardian:AncientConstruct","Guardian:Gem_Blue","Guardian:Gem_Cyan","Guardian:Gem_Fragmented","Guardian:Gem_Purple","Guardian:Gem_Orange","Guardian:RevengeProtocol+1"],"relics":["Guardian:ModeShifter","downfall:HeartsMalice","WarpedTongs","Bottled Lightning","Boot","Iron Hammer","downfall:HeartBlessingRed","Ring of Chaos","Guardian:SackOfGems","Sundial","Happy Flower"],"acts_visited":["Exordium","TheCity"],"potions_floor_usage":[16,16,16,22,26],"damage_taken":[{"damage":0,"enemies":"Jaw Worm","floor":2,"turns":1},{"damage":0,"enemies":"downfall:FleeingMerchant","floor":3,"turns":1},{"damage":0,"enemies":"Cultist","floor":5,"turns":1},{"damage":7,"enemies":"2 Louse","floor":6,"turns":2},{"damage":10,"enemies":"Red Slaver","floor":9,"turns":3},{"damage":15,"enemies":"Replay:BlueRogue","floor":10,"turns":7},{"damage":12,"enemies":"Exordium Thugs","floor":12,"turns":3},{"damage":15,"enemies":"2 Fungi Beasts","floor":14,"turns":3},{"damage":12,"enemies":"Exordium Wildlife","floor":15,"turns":2},{"damage":28,"enemies":"downfall:Defect","floor":16,"turns":6},{"damage":17,"enemies":"Spheric Guardian","floor":19,"turns":4},{"damage":23,"enemies":"Snake Plant","floor":21,"turns":5},{"damage":4,"enemies":"downfall:FleeingMerchant","floor":22,"turns":4},{"damage":0,"enemies":"Chosen and Byrds","floor":25,"turns":1},{"damage":20,"enemies":"Cultist and Chosen","floor":26,"turns":5},{"damage":22,"enemies":"Gremlin Leader","floor":27,"turns":2}],"seed_played":"-8890102810072995031","potions_obtained":[{"floor":6,"key":"sneckomod:MuddlingPotion"},{"floor":9,"key":"Reflective Coating"},{"floor":14,"key":"SpeedPotion"},{"floor":21,"key":"AttackPotion"},{"floor":25,"key":"Explosive Potion"}],"is_trial":false,"path_per_floor":["R_BF","M","$","?","M","M","T","?","M","E","T","M","R","M","M","B",null,"R","M","?","M","$","T","T","M","M","E"],"character_chosen":"GUARDIAN","items_purchased":["Guardian:PolyBeam","Guardian:SackOfGems","Guardian:RevengeProtocol+1"],"campfire_rested":1,"item_purchase_floors":[3,22,22],"current_hp_per_floor":[80,80,80,80,80,73,73,73,63,48,48,36,60,45,33,5,80,80,63,63,40,36,36,36,36,16,0,0,0],"gold":89,"neow_bonus":"THREE_ENEMY_KILL","is_daily":false,"chose_seed":false,"campfire_upgraded":1,"win_rate":0.0,"timestamp":1610305198,"path_taken":["R_BF","M","$","?","?","M","T","?","M","E","?","?","R","M","M","BOSS","R","M","?","M","$","?","T","M","?","E"],"items_purchased_type":["Card","Relic","Card"],"build_version":"2020-12-22","purchased_purges":0,"victory":false,"max_hp_per_floor":[80,80,80,80,80,80,80,80,80,80,80,80,80,80,80,80,80,80,80,80,80,80,80,80,80,80,80,80,80],"card_choices":[{"not_picked":["Guardian:ChargeCore","Guardian:Suspension","Guardian:Gem_Lightblue"],"picked":"SKIP","floor":2},{"not_picked":["Guardian:Gem_Green","Guardian:ShieldCharger"],"picked":"Guardian:Gem_Red","floor":3},{"not_picked":["Guardian:Gem_Green","Guardian:BronzeOrb"],"picked":"Guardian:EvasiveProtocol","floor":5},{"not_picked":["Guardian:EvasiveProtocol","Guardian:VentSteam"],"picked":"Guardian:SentryBeam","floor":6},{"not_picked":["TH:ElvenBoots","TH:PixieDust"],"picked":"SKIP","floor":7},{"not_picked":["Guardian:Gem_Lightblue","Guardian:Preprogram"],"picked":"Guardian:Gem_Purple","floor":9},{"not_picked":["Guardian:ShieldSpikes","Guardian:GuardianWhirl"],"picked":"Guardian:MultiBeam","floor":10},{"not_picked":["TH:Mimic","TH:DeckOfManyThings"],"picked":"SKIP","floor":10},{"not_picked":["TH:Mimic","TH:CursedSword"],"picked":"SKIP","floor":11},{"not_picked":["Guardian:Gem_Green","Guardian:Planning","Guardian:EvasiveProtocol"],"picked":"SKIP","floor":12},{"not_picked":["Guardian:CrystalBeam","Guardian:Gem_Red"],"picked":"Guardian:WalkerClaw","floor":14},{"not_picked":["Guardian:PiercingHide","Guardian:ChargeCore"],"picked":"Guardian:AncientConstruct","floor":15},{"not_picked":["Guardian:StasisStrike","Guardian:TimeSifter"],"picked":"Guardian:Gem_Orange","floor":16},{"not_picked":["Guardian:Suspension","Guardian:RollAttack","Guardian:PiercingHide+1"],"picked":"SKIP","floor":19},{"not_picked":["Guardian:CrystalBeam+1","Guardian:Clone","Guardian:RollAttack+1"],"picked":"SKIP","floor":21},{"not_picked":["Guardian:Suspension+1","Guardian:Recover","Guardian:ShieldCharger"],"picked":"SKIP","floor":22},{"not_picked":["TH:CursedSword","TH:ElvenBoots"],"picked":"SKIP","floor":23},{"not_picked":["TH:BikiniMail","TH:CursedSword"],"picked":"SKIP","floor":24},{"not_picked":["Guardian:Suspension+1","Guardian:PrimingBeam+1","Guardian:ShieldCharger"],"picked":"SKIP","floor":25},{"not_picked":["Guardian:ShieldCharger","Guardian:ShieldSpikes+1","Guardian:Gem_Red"],"picked":"SKIP","floor":26}],"player_experience":231164,"relics_obtained":[{"floor":7,"key":"Bottled Lightning"},{"floor":10,"key":"Boot"},{"floor":11,"key":"Iron Hammer"},{"floor":23,"key":"Sundial"},{"floor":24,"key":"Happy Flower"}],"event_choices":[],"is_beta":false,"boss_relics":[{"not_picked":["Empty Cage","Kintsugi"],"picked":"Ring of Chaos"}],"items_purged_floors":[],"is_endless":false,"potions_floor_spawned":[6,9,14,15,21,25],"killed_by":"Gremlin Leader","ascension_level":0}}