{"host":"r5d2dd2phecx262s","time":1610306689,"event":{"mods":["2.2 Compatiblity","AchievementEnabler","BaseMod","Curses Come First","Minty Spire (QoL Compilation)","Relic Stats","StSLib"],"gold_per_floor":[114,114,184,234,284,309,309,38,92,122,184,217,17,40,40,129,129,145,195,210,19,43,43,43,43],"floor_reached":24,"playtime":782,"items_purged":["Injury"],"score":420,"play_id":"c404cf33-c513-4641-9969-ba7863dbdae9","local_time":"20210110162449","is_ascension_mode":true,"campfire_choices":[{"floor":7.0,"key":"REST"},{"floor":15,"key":"REST"},{"floor":23,"key":"REST"}],"circlet_count":0,"master_deck":["AscendersBane","Strike_B","Strike_B","Strike_B","Strike_B","Defend_B","Defend_B","Defend_B","Defend_B","Zap","Dualcast","Fusion","Conserve Battery","Capacitor","Chill","Go for the Eyes","Loop","Ball Lightning","Coolheaded","Thunder Strike","Cold Snap","Ball Lightning","Conserve Battery","Redo"],"relics":["Cracked Core","NeowsBlessing","SsserpentHead","Tiny Chest","Kunai","Cables","MawBank","Golden Idol","Busted Crown","MutagenicStrength","Membership Card"],"acts_visited":["Exordium","TheCity"],"potions_floor_usage":[22,24,24],"damage_taken":[{"damage":0.0,"enemies":"Jaw Worm","floor":1.0,"turns":1.0},{"damage":0.0,"enemies":"Cultist","floor":3.0,"turns":1.0},{"damage":0.0,"enemies":"3 Sentries","floor":6.0,"turns":1.0},{"damage":0.0,"enemies":"Small Slimes","floor":10.0,"turns":3.0},{"damage":5.0,"enemies":"Looter","floor":12.0,"turns":4.0},{"damage":1,"enemies":"2 Fungi Beasts","floor":14,"turns":3},{"damage":31,"enemies":"The Guardian","floor":16,"turns":14},{"damage":23,"enemies":"Chosen","floor":18,"turns":6},{"damage":9,"enemies":"Spheric Guardian","floor":20,"turns":6},{"damage":20,"enemies":"Centurion and Healer","floor":22,"turns":11},{"damage":32,"enemies":"Book of Stabbing","floor":24,"turns":4}],"seed_played":"-5347389408603439213","potions_obtained":[{"floor":6.0,"key":"Fire Potion"},{"floor":12.0,"key":"Swift Potion"},{"floor":22,"key":"GamblersBrew"}],"is_trial":false,"path_per_floor":["M","?","M","?","?","E","R","$","T","M","?","M","$","M","R","B",null,"M","?","M","$","M","R","E"],"character_chosen":"DEFECT","items_purchased":["Cables","Loop","Ball Lightning","Membership Card","Conserve Battery"],"campfire_rested":3,"item_purchase_floors":[8,13,13,21,21],"current_hp_per_floor":[64,64,64,29,29,29,50,50,50,50,50,45,45,44,65,34,62,39,39,30,30,10,31,0,0],"gold":43,"neow_bonus":"THREE_ENEMY_KILL","is_daily":false,"chose_seed":false,"campfire_upgraded":0,"win_rate":0.0,"timestamp":1610306689,"path_taken":["M","?","?","?","?","E","R","$","T","M","?","M","$","M","R","BOSS","M","?","M","$","M","R","E"],"items_purchased_type":["Relic","Card","Card","Relic","Card"],"build_version":"2020-12-22","purchased_purges":1,"victory":false,"max_hp_per_floor":[71,71,71,71,71,71,71,71,71,71,71,71,71,71,71,71,71,71,71,71,71,71,71,71,71],"relic_stats":{"SsserpentHead":250,"Busted Crown":6,"counters":[11,54],"Golden Idol":38,"Tiny Chest":0,"Kunai":[9],"MawBank":48,"obtain_stats":[{"SsserpentHead":2,"Busted Crown":17,"NeowsBlessing":0,"Golden Idol":11,"MutagenicStrength":19,"Tiny Chest":4,"Kunai":6,"Membership Card":21,"Cracked Core":0,"MawBank":9,"Cables":8},{"SsserpentHead":1,"Busted Crown":7,"NeowsBlessing":0,"Golden Idol":4,"MutagenicStrength":8,"Tiny Chest":2,"Kunai":3,"Membership Card":9,"Cracked Core":0,"MawBank":3,"Cables":3},{"SsserpentHead":1,"Busted Crown":27,"NeowsBlessing":0,"Golden Idol":6,"MutagenicStrength":33,"Tiny Chest":2,"Kunai":3,"Membership Card":39,"Cracked Core":0,"MawBank":3,"Cables":3}],"Cables":[45,19,16,0,10]},"card_choices":[{"not_picked":["Steam","Gash"],"picked":"Fusion","floor":1.0},{"not_picked":["Fusion","Leap"],"picked":"Conserve Battery","floor":3.0},{"not_picked":["Conserve Battery","FTL"],"picked":"Capacitor","floor":6.0},{"not_picked":["Hologram","Gash"],"picked":"Chill","floor":10.0},{"not_picked":["Streamline","Reinforced Body"],"picked":"Go for the Eyes","floor":12.0},{"not_picked":["Sweeping Beam","Lockon"],"picked":"Coolheaded","floor":14},{"not_picked":["Biased Cognition","Multi-Cast"],"picked":"Thunder Strike","floor":16},{"not_picked":[],"picked":"Cold Snap","floor":18},{"not_picked":[],"picked":"Ball Lightning","floor":20},{"not_picked":[],"picked":"Redo","floor":22}],"player_experience":1595607,"relics_obtained":[{"floor":6.0,"key":"Kunai"},{"floor":9.0,"key":"MawBank"}],"event_choices":[{"damage_healed":0.0,"max_hp_gain":0.0,"max_hp_loss":0.0,"gold_gain":0.0,"event_name":"FaceTrader","player_choice":"Trade","floor":2.0,"gold_loss":0.0,"damage_taken":0.0,"relics_obtained":["SsserpentHead"]},{"damage_healed":0.0,"max_hp_gain":0.0,"max_hp_loss":0.0,"gold_gain":0.0,"event_name":"Scrap Ooze","player_choice":"Success","floor":4.0,"gold_loss":0.0,"damage_taken":35.0,"relics_obtained":["Tiny Chest"]},{"damage_healed":0.0,"max_hp_gain":0.0,"max_hp_loss":0.0,"gold_gain":0.0,"event_name":"Golden Wing","player_choice":"Ignored","floor":5.0,"gold_loss":0.0,"damage_taken":0.0},{"damage_healed":0.0,"max_hp_gain":0.0,"max_hp_loss":0.0,"gold_gain":0.0,"event_name":"Golden Idol","player_choice":"Take Wound","floor":11.0,"gold_loss":0.0,"damage_taken":0.0,"relics_obtained":["Golden Idol"],"cards_obtained":["Injury"]},{"damage_healed":0,"gold_gain":0,"player_choice":"Inject Mutagens","damage_taken":0,"relics_obtained":["MutagenicStrength"],"max_hp_gain":0,"max_hp_loss":0,"event_name":"Drug Dealer","floor":19,"gold_loss":0}],"is_beta":false,"boss_relics":[{"not_picked":["Runic Pyramid","Pandora\u0027s Box"],"picked":"Busted Crown"}],"items_purged_floors":[13],"is_endless":false,"potions_floor_spawned":[6,12,16,22],"killed_by":"Book of Stabbing","ascension_level":18}}