{"host":"dm4yvegl9um2tlqd","time":1610242166,"event":{"mods":["2.2 Compatiblity","BaseMod","Colored Map","DeckTracker","Highlight Path","KOR Keyword Fix","Keyboard Shortcuts","Minty Spire (QoL Compilation)","Permanent Neow","Quick Restart","Random Character Button","StSLib","SuperFastMode","everything is the same but u backflip on backflip"],"gold_per_floor":[365,382,1,16,32,32,52,52,76,102,102,32,42,142,142,239,239,257,307,325,341,352,352,130,160,183,211,230,230,170,23,23,125,125,140,140,157,168,218,248,248,248,298,332,332,25,25,43,43,43],"floor_reached":51,"playtime":2676,"items_purged":["Strike_B","Strike_B"],"score":936,"play_id":"0bcd720c-3ca4-4c9b-8044-430874a40a2a","local_time":"20210110102926","is_ascension_mode":true,"campfire_choices":[{"data":"Chaos","floor":6.0,"key":"SMITH"},{"data":"Defragment","floor":8.0,"key":"SMITH"},{"data":"Fusion","floor":11.0,"key":"SMITH"},{"data":"Loop","floor":15.0,"key":"SMITH"},{"data":"Hologram","floor":23.0,"key":"SMITH"},{"data":"Rainbow","floor":29.0,"key":"SMITH"},{"floor":32.0,"key":"REST"},{"data":"Biased Cognition","floor":42.0,"key":"SMITH"},{"data":"Hologram","floor":47.0,"key":"SMITH"},{"data":"Skim","floor":49.0,"key":"SMITH"}],"circlet_count":0,"master_deck":["Defend_B","Defend_B+1","Defend_B","Defend_B","Zap","Dualcast","Chaos+1","Defragment+1","Hologram+1","Cold Snap","Skim+1","Fusion+1","Hologram+1","Go for the Eyes","Compile Driver","Electrodynamics","Glacier+1","Consume+1","BootSequence+1","Doom and Gloom","Rainbow+1","Biased Cognition+1","CurseOfTheBell","Conserve Battery+1","Leap+1","Undo","Parasite"],"relics":["Cracked Core","Thread and Needle","Blood Vial","Boot","Inserter","ClockworkSouvenir","Juzu Bracelet","Potion Belt","Torii","Happy Flower","Calling Bell","War Paint","Pear","Prayer Wheel","Ginger","Incense Burner","Toy Ornithopter","MealTicket","Oddly Smooth Stone"],"acts_visited":["Exordium","TheCity","TheBeyond"],"potions_floor_usage":[50,50,50,50,50],"damage_taken":[{"damage":0.0,"enemies":"Small Slimes","floor":1.0,"turns":3.0},{"damage":1.0,"enemies":"Cultist","floor":2.0,"turns":3.0},{"damage":0.0,"enemies":"Jaw Worm","floor":4.0,"turns":5.0},{"damage":6.0,"enemies":"Exordium Thugs","floor":5.0,"turns":4.0},{"damage":0.0,"enemies":"Large Slime","floor":7.0,"turns":5.0},{"damage":6.0,"enemies":"3 Sentries","floor":10.0,"turns":6.0},{"damage":9.0,"enemies":"Lots of Slimes","floor":13.0,"turns":4.0},{"damage":13.0,"enemies":"Hexaghost","floor":16.0,"turns":9.0},{"damage":3.0,"enemies":"Shell Parasite","floor":18.0,"turns":5.0},{"damage":12.0,"enemies":"Spheric Guardian","floor":20.0,"turns":5.0},{"damage":1.0,"enemies":"Cultist and Chosen","floor":21.0,"turns":7.0},{"damage":10.0,"enemies":"Snake Plant","floor":22.0,"turns":4.0},{"damage":17.0,"enemies":"Book of Stabbing","floor":25.0,"turns":7.0},{"damage":23.0,"enemies":"Gremlin Leader","floor":27.0,"turns":7.0},{"damage":10.0,"enemies":"Centurion and Healer","floor":28.0,"turns":4.0},{"damage":10.0,"enemies":"Automaton","floor":33.0,"turns":9.0},{"damage":1.0,"enemies":"3 Darklings","floor":35.0,"turns":3.0},{"damage":0.0,"enemies":"3 Shapes","floor":37.0,"turns":6.0},{"damage":20.0,"enemies":"Jaw Worm Horde","floor":38.0,"turns":6.0},{"damage":18.0,"enemies":"Mind Bloom Boss Battle","floor":39.0,"turns":6.0},{"damage":0.0,"enemies":"Nemesis","floor":40.0,"turns":9.0},{"damage":0.0,"enemies":"Giant Head","floor":44.0,"turns":10.0},{"damage":9.0,"enemies":"Writhing Mass","floor":48.0,"turns":7.0},{"damage":0,"enemies":"Donu and Deca","floor":50,"turns":11}],"seed_played":"-3707634796328632114","potions_obtained":[{"floor":1.0,"key":"LiquidBronze"},{"floor":4.0,"key":"BlessingOfTheForge"},{"floor":16.0,"key":"Explosive Potion"},{"floor":18.0,"key":"Fire Potion"},{"floor":22.0,"key":"Regen Potion"},{"floor":25.0,"key":"Swift Potion"},{"floor":27.0,"key":"LiquidBronze"},{"floor":35.0,"key":"EssenceOfDarkness"},{"floor":39.0,"key":"EntropicBrew"}],"is_trial":false,"path_per_floor":["M","M","$","M","M","R","M","R","T","E","R","$","M","?","R","B",null,"M","?","M","M","M","R","$","E","T","E","M","R","?","$","R","B",null,"M","?","M","M","?","E","?","R","T","E","?","$","R","M","R","B",null],"character_chosen":"DEFECT","items_purchased":["Defragment","Hologram","Thread and Needle","Hologram","Go for the Eyes","ClockworkSouvenir","Happy Flower","Oddly Smooth Stone","AttackPotion"],"campfire_rested":1,"item_purchase_floors":[3,3,3,12,12,24,31,46,46],"current_hp_per_floor":[54,53,53,53,47,47,47,47,47,43,43,43,36,36,36,25,75,72,72,62,63,55,55,55,55,55,34,26,26,26,26,48,40,85,84,84,85,65,49,51,51,51,51,53,85,85,85,76,76,85],"gold":43,"neow_bonus":"TWO_FIFTY_GOLD","is_daily":false,"chose_seed":false,"campfire_upgraded":9,"win_rate":0.0,"timestamp":1610242166,"path_taken":["M","M","$","M","M","R","M","R","T","E","R","$","M","?","R","BOSS","M","?","M","?","M","R","$","E","T","E","M","R","?","?","R","BOSS","M","?","M","M","?","E","?","R","T","E","?","$","R","M","R","BOSS"],"items_purchased_type":["Card","Card","Relic","Card","Card","Relic","Relic","Relic","Potion"],"build_version":"2020-12-22","purchased_purges":2,"victory":true,"max_hp_per_floor":[75,75,75,75,75,75,75,75,75,75,75,75,75,75,75,75,75,75,75,75,75,75,75,75,75,75,75,75,75,75,75,75,75,85,85,85,85,85,85,85,85,85,85,85,85,85,85,85,85,85],"card_choices":[{"not_picked":["Capacitor","Gash"],"picked":"Chaos","floor":1.0},{"not_picked":["Melter","Steam","Heatsinks"],"picked":"SKIP","floor":2.0},{"not_picked":["Conserve Battery","Static Discharge"],"picked":"Cold Snap","floor":4.0},{"not_picked":["Force Field","Cold Snap"],"picked":"Skim","floor":5.0},{"not_picked":["Rebound","Reprogram"],"picked":"Loop","floor":7.0},{"not_picked":["Sweeping Beam","Thunder Strike"],"picked":"Fusion","floor":10.0},{"not_picked":["Streamline","Lockon"],"picked":"Compile Driver","floor":13.0},{"not_picked":["Biased Cognition","Rainbow"],"picked":"Electrodynamics","floor":16.0},{"not_picked":["Stack","Tempest","Reinforced Body"],"picked":"SKIP","floor":18.0},{"not_picked":["Rebound","Cold Snap","FTL"],"picked":"SKIP","floor":20.0},{"not_picked":["Cold Snap","Barrage"],"picked":"Glacier+1","floor":21.0},{"not_picked":["Sweeping Beam","Steam+1"],"picked":"Consume+1","floor":22.0},{"not_picked":["Fusion+1","Lockon"],"picked":"BootSequence","floor":25.0},{"not_picked":["Rebound+1","Auto Shields+1"],"picked":"Doom and Gloom","floor":27.0},{"not_picked":["Sweeping Beam","FTL"],"picked":"Rainbow","floor":28.0},{"not_picked":["Machine Learning","Electrodynamics"],"picked":"Biased Cognition","floor":33.0},{"not_picked":["Rebound+1","Chaos"],"picked":"Conserve Battery+1","floor":35.0},{"not_picked":["Conserve Battery+1","Beam Cell","Stack+1"],"picked":"SKIP","floor":35.0},{"not_picked":["Barrage","Reprogram+1","Fusion"],"picked":"SKIP","floor":37.0},{"not_picked":["Stack+1","Heatsinks+1","Conserve Battery"],"picked":"SKIP","floor":37.0},{"not_picked":["Sweeping Beam+1","Stack+1"],"picked":"Leap+1","floor":38.0},{"not_picked":["Fission","Skim+1"],"picked":"Double Energy+1","floor":38.0},{"not_picked":["Scrape","Barrage"],"picked":"Undo","floor":40.0},{"not_picked":["Reinforced Body+1","Steam Power","Hello World"],"picked":"SKIP","floor":44.0},{"not_picked":["Streamline","FTL","Hologram"],"picked":"SKIP","floor":48.0},{"not_picked":["Coolheaded","Streamline+1","Rip and Tear+1"],"picked":"SKIP","floor":48.0}],"player_experience":11078,"relics_obtained":[{"floor":9.0,"key":"Blood Vial"},{"floor":10.0,"key":"Boot"},{"floor":25.0,"key":"Juzu Bracelet"},{"floor":26.0,"key":"Potion Belt"},{"floor":27.0,"key":"Torii"},{"floor":34.0,"key":"War Paint"},{"floor":34.0,"key":"Pear"},{"floor":34.0,"key":"Prayer Wheel"},{"floor":39.0,"key":"Ginger"},{"floor":40.0,"key":"Incense Burner"},{"floor":43.0,"key":"Toy Ornithopter"},{"floor":44.0,"key":"MealTicket"}],"event_choices":[{"damage_healed":0.0,"max_hp_gain":0.0,"max_hp_loss":0.0,"gold_gain":100.0,"event_name":"Wheel of Change","player_choice":"Gold","floor":14.0,"gold_loss":0.0,"damage_taken":0.0},{"damage_healed":0.0,"max_hp_gain":0.0,"max_hp_loss":0.0,"gold_gain":100.0,"event_name":"The Joust","player_choice":"Bet on Murderer","floor":19.0,"gold_loss":50.0,"damage_taken":0.0},{"cards_removed":["Strike_B"],"damage_healed":0.0,"max_hp_gain":0.0,"max_hp_loss":0.0,"gold_gain":0.0,"event_name":"Designer","player_choice":"Single Remove","floor":30.0,"gold_loss":60.0,"damage_taken":0.0},{"cards_removed":["Strike_B"],"damage_healed":0.0,"max_hp_gain":0.0,"max_hp_loss":0.0,"gold_gain":0.0,"event_name":"Purifier","player_choice":"Purged","floor":36.0,"gold_loss":0.0,"damage_taken":0.0},{"damage_healed":0.0,"max_hp_gain":0.0,"max_hp_loss":0.0,"gold_gain":0.0,"event_name":"MindBloom","player_choice":"Fight","floor":39.0,"gold_loss":0.0,"damage_taken":0.0},{"cards_removed":["Loop"],"damage_healed":0.0,"max_hp_gain":0.0,"max_hp_loss":0.0,"gold_gain":0.0,"event_name":"Falling","player_choice":"Removed Power","floor":41.0,"gold_loss":0.0,"damage_taken":0.0},{"cards_removed":["Double Energy"],"damage_healed":32.0,"max_hp_gain":0.0,"max_hp_loss":0.0,"gold_gain":0.0,"event_name":"Bonfire Elementals","player_choice":"Offered Uncommon","floor":45.0,"gold_loss":0.0,"damage_taken":0.0}],"is_beta":false,"boss_relics":[{"not_picked":["Busted Crown","Philosopher\u0027s Stone"],"picked":"Inserter"},{"not_picked":["FrozenCore","Cursed Key"],"picked":"Calling Bell"}],"items_purged_floors":[24,46],"is_endless":false,"potions_floor_spawned":[1,4,16,18,22,25,27,35,39],"ascension_level":1}}