{"host":"51mqhfpmwwd4kxyt","time":1610245369,"event":{"mods":["BaseMod","Downfall","Googly Eyes","Highlight Path","Minty Spire (QoL Compilation)","READ ME - Guardian Mod","StSLib","The Cursed","The Servant 0.9.4"],"gold_per_floor":[14,28,40,60,60,88,104,134,134,146,146,208,208,231,231,355,355,379,379,379,379,391,391,391],"floor_reached":23,"playtime":1072,"items_purged":[],"score":244,"play_id":"cfaf1d3a-6ad7-47ec-afd6-c1be18628513","local_time":"20210109212249","is_ascension_mode":true,"campfire_choices":[{"data":"Apotheosis","floor":11,"key":"SMITH"},{"floor":15,"key":"REST"}],"circlet_count":0,"master_deck":["Strike_R","Strike_R","Strike_R","Strike_R","Defend_R","Defend_R","Defend_R","Defend_R","Bash","Apotheosis+1","Ghostly Armor","Combust","Havoc","Shrug It Off","Dual Wield","Seeing Red","Fire Breathing","Barricade","Injury","Battle Trance","Berserk","Fire Breathing"],"relics":["Burning Blood","Pear","Vajra","Blue Candle","Gremlin Horn","Bloody Idol","Sozu","White Beast Statue"],"acts_visited":["Exordium","TheCity"],"potions_floor_usage":[6,12,23],"damage_taken":[{"damage":2,"enemies":"Cultist","floor":1,"turns":5},{"damage":6,"enemies":"Small Slimes","floor":2,"turns":4},{"damage":7,"enemies":"2 Louse","floor":3,"turns":4},{"damage":3,"enemies":"Looter","floor":4,"turns":4},{"damage":21,"enemies":"Lagavulin","floor":6,"turns":9},{"damage":13,"enemies":"Gremlin Gang","floor":7,"turns":7},{"damage":27,"enemies":"3 Sentries","floor":8,"turns":6},{"damage":8,"enemies":"3 Louse","floor":10,"turns":2},{"damage":19,"enemies":"Lagavulin Event","floor":12,"turns":8},{"damage":3,"enemies":"Looter","floor":14,"turns":3},{"damage":25,"enemies":"Slime Boss","floor":16,"turns":8},{"damage":47,"enemies":"2 Thieves","floor":18,"turns":5},{"damage":5,"enemies":"Shell Parasite","floor":22,"turns":7},{"damage":57,"enemies":"Book of Stabbing","floor":23,"turns":5}],"seed_played":"7870138570877535196","potions_obtained":[{"floor":3,"key":"sneckomod:MuddlingPotion"},{"floor":6,"key":"Ancient Potion"},{"floor":8,"key":"champ:CounterPotion"},{"floor":10,"key":"DistilledChaos"}],"is_trial":false,"path_per_floor":["M","M","M","M","$","E","M","E","T","M","R","?","?","M","R","B",null,"M","?","?","?","M","E"],"character_chosen":"IRONCLAD","items_purchased":[],"campfire_rested":1,"item_purchase_floors":[],"current_hp_per_floor":[80,80,79,80,80,75,68,47,47,45,45,32,32,35,62,43,90,49,49,49,49,55,0,0],"gold":391,"neow_bonus":"RANDOM_COLORLESS_2","is_daily":false,"chose_seed":false,"campfire_upgraded":1,"win_rate":0.0,"timestamp":1610245369,"path_taken":["M","M","M","M","$","E","M","E","T","M","R","?","?","M","R","BOSS","M","?","?","?","?","E"],"items_purchased_type":[],"build_version":"2020-12-22","purchased_purges":0,"victory":false,"max_hp_per_floor":[80,80,80,80,80,90,90,90,90,90,90,90,90,90,90,90,90,90,90,90,90,90,90,90],"card_choices":[{"not_picked":["Magnetism","expansioncontent:StudyTheSpire"],"picked":"Apotheosis","floor":0},{"not_picked":["Perfected Strike","Iron Wave"],"picked":"Ghostly Armor","floor":1},{"not_picked":["Entrench","Perfected Strike"],"picked":"Combust","floor":2},{"not_picked":["Cleave","Warcry"],"picked":"Havoc","floor":3},{"not_picked":["Fiend Fire","Sword Boomerang"],"picked":"Shrug It Off","floor":4},{"not_picked":["Cleave","Carnage"],"picked":"Dual Wield","floor":6},{"not_picked":["Anger","Heavy Blade"],"picked":"Seeing Red","floor":7},{"not_picked":["Infernal Blade","Dual Wield"],"picked":"Fire Breathing","floor":8},{"not_picked":["Clothesline","Shrug It Off"],"picked":"Barricade","floor":10},{"not_picked":["True Grit","Iron Wave"],"picked":"Battle Trance","floor":14},{"not_picked":["Fiend Fire","Reaper"],"picked":"Berserk","floor":16},{"not_picked":["Iron Wave+1","Anger+1","Clothesline"],"picked":"SKIP","floor":18},{"not_picked":["Clash","Iron Wave+1"],"picked":"Fire Breathing","floor":22}],"player_experience":369387,"relics_obtained":[{"floor":6,"key":"Pear"},{"floor":8,"key":"Vajra"},{"floor":9,"key":"Blue Candle"},{"floor":12,"key":"Gremlin Horn"}],"event_choices":[{"damage_healed":0,"gold_gain":0,"player_choice":"Searched \u00271\u0027 times","damage_taken":0,"max_hp_gain":0,"max_hp_loss":0,"event_name":"Dead Adventurer","floor":12,"gold_loss":0},{"damage_healed":0,"gold_gain":0,"player_choice":"Take Wound","damage_taken":0,"relics_obtained":["Golden Idol"],"max_hp_gain":0,"max_hp_loss":0,"event_name":"Golden Idol","floor":13,"gold_loss":0,"cards_obtained":["Injury"]},{"damage_healed":0,"gold_gain":0,"player_choice":"Opened","damage_taken":0,"relics_obtained":["White Beast Statue"],"max_hp_gain":0,"max_hp_loss":0,"event_name":"The Mausoleum","floor":19,"gold_loss":0},{"damage_healed":0,"gold_gain":0,"player_choice":"Gave Idol","damage_taken":0,"relics_obtained":["Bloody Idol"],"max_hp_gain":0,"max_hp_loss":0,"event_name":"Forgotten Altar","floor":20,"relics_lost":["Golden Idol"],"gold_loss":0},{"cards_removed":["Strike_R"],"damage_healed":0,"gold_gain":0,"player_choice":"Offered Basic","damage_taken":0,"max_hp_gain":0,"max_hp_loss":0,"event_name":"Bonfire Elementals","floor":21,"gold_loss":0}],"is_beta":false,"boss_relics":[{"not_picked":["Velvet Choker","Black Blood"],"picked":"Sozu"}],"items_purged_floors":[],"is_endless":false,"potions_floor_spawned":[3,6,8,10,18,22],"killed_by":"Book of Stabbing","ascension_level":4}}