{"host":"9d9dhukr2jywmy0f","time":1610302130,"event":{"mods":["2.2 Compatiblity","Alarm Clock","BaseMod","Bestiary","Block Reminder","Colored Map","Colored Powertips","Curses Come First","DeckTracker","Energized Spire","Highlight Path","Key Reminder","Minty Spire (QoL Compilation)","Quick Restart","Rare Cards Sparkle","Relic Sorter","Relic Stats","Spire Birthday Party","StSLib","SuperFastMode","Synergy Search","Unceasing Turn Reminder","Unknown Chances"],"gold_per_floor":[119,169,181,199,213,213,230,230,254,10,85,97,22,22,22,99,99,109,289,300,14,31,31,41,58,58,58,8,25,25,25,25,25,25],"floor_reached":33,"playtime":1034,"items_purged":["Strike_B","Defend_B","Strike_B"],"score":478,"play_id":"b549025f-b649-4977-ac3a-064a3d45cfdb","local_time":"20210111020850","is_ascension_mode":true,"campfire_choices":[{"data":"Genetic Algorithm","floor":6.0,"key":"SMITH"},{"data":"Dualcast","floor":8.0,"key":"SMITH"},{"data":"Zap","floor":15.0,"key":"SMITH"},{"floor":23.0,"key":"REST"},{"floor":30.0,"key":"REST"},{"data":"Ghostly","floor":32.0,"key":"SMITH"}],"circlet_count":0,"master_deck":["AscendersBane","Strike_B","Defend_B","Defend_B","Defend_B","Zap+1","Dualcast+1","Genetic Algorithm+1","Glacier","Ball Lightning","Ball Lightning","Seek","Chill","Coolheaded","Seek","Coolheaded","Ball Lightning","Ghostly+1","Ghostly","Ghostly"],"relics":["Cracked Core","Incense Burner","Bag of Preparation","Happy Flower","Vajra","Philosopher\u0027s Stone","OrangePellets","Smiling Mask"],"acts_visited":["Exordium","TheCity"],"potions_floor_usage":[33],"damage_taken":[{"damage":0.0,"enemies":"2 Louse","floor":1.0,"turns":2.0},{"damage":5.0,"enemies":"Cultist","floor":3.0,"turns":3.0},{"damage":0.0,"enemies":"Jaw Worm","floor":4.0,"turns":5.0},{"damage":1.0,"enemies":"2 Fungi Beasts","floor":5.0,"turns":3.0},{"damage":6.0,"enemies":"Looter","floor":7.0,"turns":3.0},{"damage":0.0,"enemies":"Gremlin Gang","floor":12.0,"turns":3.0},{"damage":4.0,"enemies":"The Guardian","floor":16.0,"turns":12.0},{"damage":14.0,"enemies":"2 Thieves","floor":18.0,"turns":4.0},{"damage":0.0,"enemies":"Chosen","floor":20.0,"turns":5.0},{"damage":4.0,"enemies":"Centurion and Healer","floor":22.0,"turns":6.0},{"damage":14.0,"enemies":"Snecko","floor":24.0,"turns":7.0},{"damage":10.0,"enemies":"3 Cultists","floor":25.0,"turns":6.0},{"damage":0.0,"enemies":"Snake Plant","floor":29.0,"turns":3.0},{"damage":0,"enemies":"Champ","floor":33,"turns":5}],"seed_played":"-7766595508352701850","potions_obtained":[{"floor":1.0,"key":"Strength Potion"},{"floor":4.0,"key":"SkillPotion"},{"floor":12.0,"key":"PotionOfCapacity"},{"floor":22.0,"key":"SkillPotion"},{"floor":29.0,"key":"Swift Potion"}],"is_trial":false,"path_per_floor":["M","?","M","M","M","R","M","R","T","$","?","M","?","T","R","B",null,"M","?","M","$","M","R","M","M","T","?","$","M","R","?","R","B"],"character_chosen":"DEFECT","items_purchased":["Happy Flower","OrangePellets","Coolheaded"],"campfire_rested":2,"item_purchase_floors":[10,21,21],"current_hp_per_floor":[64,58,53,53,52,52,46,46,46,46,35,35,35,35,35,31,56,42,23,23,23,19,38,24,14,14,14,14,14,33,32,32,32,32],"gold":25,"neow_bonus":"ONE_RARE_RELIC","is_daily":false,"chose_seed":false,"campfire_upgraded":4,"win_rate":0.0,"timestamp":1610302130,"path_taken":["M","?","M","M","?","R","M","R","T","$","?","M","?","?","R","BOSS","M","?","?","$","M","R","M","M","T","?","$","M","R","?","R","BOSS"],"items_purchased_type":["Relic","Relic","Card"],"build_version":"2020-11-30","purchased_purges":3,"victory":false,"max_hp_per_floor":[64,64,64,64,64,64,64,64,64,64,64,64,64,64,64,64,64,64,64,64,64,64,64,64,64,64,64,64,64,64,32,32,32,32],"relic_stats":{"OrangePellets":[0],"Happy Flower":[17],"counters":[14,67],"Bag of Preparation":[18],"Smiling Mask":75,"obtain_stats":[{"OrangePellets":21,"Happy Flower":10,"Vajra":14,"Philosopher\u0027s Stone":17,"Incense Burner":0,"Bag of Preparation":9,"Cracked Core":0,"Smiling Mask":26},{"OrangePellets":9,"Happy Flower":5,"Vajra":6,"Philosopher\u0027s Stone":7,"Incense Burner":0,"Bag of Preparation":5,"Cracked Core":0,"Smiling Mask":12},{"OrangePellets":40,"Happy Flower":16,"Vajra":19,"Philosopher\u0027s Stone":31,"Incense Burner":0,"Bag of Preparation":16,"Cracked Core":0,"Smiling Mask":59}]},"card_choices":[{"not_picked":["Consume","Auto Shields"],"picked":"Genetic Algorithm","floor":1.0},{"not_picked":["Steam Power","Cold Snap"],"picked":"Glacier","floor":3.0},{"not_picked":["Redo","Conserve Battery"],"picked":"Ball Lightning","floor":4.0},{"not_picked":["Leap","Reinforced Body","Beam Cell"],"picked":"SKIP","floor":5.0},{"not_picked":["Go for the Eyes","Rebound"],"picked":"Ball Lightning","floor":7.0},{"not_picked":["Leap","Compile Driver"],"picked":"Seek","floor":12.0},{"not_picked":["Lockon","Beam Cell"],"picked":"Chill","floor":18.0},{"not_picked":["Hologram","Rip and Tear","Cold Snap"],"picked":"SKIP","floor":20.0},{"not_picked":["Hello World","Go for the Eyes"],"picked":"Seek","floor":22.0},{"not_picked":["BootSequence","White Noise"],"picked":"Coolheaded","floor":24.0},{"not_picked":["Rebound","Go for the Eyes"],"picked":"Ball Lightning","floor":25.0},{"not_picked":["Beam Cell","Coolheaded","Go for the Eyes"],"picked":"SKIP","floor":29.0}],"player_experience":821265,"relics_obtained":[{"floor":9.0,"key":"Bag of Preparation"},{"floor":14.0,"key":"Vajra"},{"floor":26.0,"key":"Smiling Mask"}],"event_choices":[{"damage_healed":0.0,"max_hp_gain":0.0,"max_hp_loss":0.0,"gold_gain":50.0,"event_name":"FaceTrader","player_choice":"Touch","floor":2.0,"gold_loss":0.0,"damage_taken":6.0},{"damage_healed":0.0,"max_hp_gain":0.0,"max_hp_loss":0.0,"gold_gain":75.0,"event_name":"World of Goop","player_choice":"Gather Gold","floor":11.0,"gold_loss":0.0,"damage_taken":11.0},{"cards_removed":["Strike_B"],"damage_healed":0.0,"max_hp_gain":0.0,"max_hp_loss":0.0,"gold_gain":0.0,"event_name":"The Cleric","player_choice":"Card Removal","floor":13.0,"gold_loss":75.0,"damage_taken":0.0},{"damage_healed":0.0,"max_hp_gain":0.0,"max_hp_loss":0.0,"gold_gain":180.0,"event_name":"Knowing Skull","player_choice":"GOLD GOLD ","floor":19.0,"potions_obtained":[],"gold_loss":0.0,"damage_taken":19.0,"cards_obtained":[]},{"damage_healed":0.0,"max_hp_gain":0.0,"max_hp_loss":0.0,"gold_gain":0.0,"event_name":"Cursed Tome","player_choice":"Ignored","floor":27.0,"gold_loss":0.0,"damage_taken":0.0},{"damage_healed":0.0,"max_hp_gain":0.0,"max_hp_loss":32.0,"gold_gain":0.0,"event_name":"Ghosts","player_choice":"Became a Ghost","floor":31.0,"gold_loss":0.0,"damage_taken":0.0,"cards_obtained":["Ghostly","Ghostly","Ghostly"]}],"is_beta":false,"boss_relics":[{"not_picked":["Tiny House","energizedSpire:NeverEndingSparkler"],"picked":"Philosopher\u0027s Stone"}],"items_purged_floors":[10,21,28],"is_endless":false,"potions_floor_spawned":[1,4,12,18,22,29],"killed_by":"Champ","ascension_level":20}}