{"host":"l2onoeb0kdqo1a9y","time":1610282203,"event":{"mods":["AchievementEnabler","BaseMod","Colored Powertips","Highlight Path","Minty Spire (QoL Compilation)","Quick Restart"],"gold_per_floor":[109,122,134,25,39,64,82,82,161,161,189,189],"floor_reached":11,"playtime":346,"items_purged":["Strike_R"],"score":85,"play_id":"d5b867fc-5adb-4952-b5ef-d9073c9cd885","local_time":"20210110203643","is_ascension_mode":false,"campfire_choices":[{"data":"Armaments","floor":8,"key":"SMITH"},{"floor":10,"key":"REST"}],"circlet_count":0,"master_deck":["Strike_R","Strike_R","Strike_R","Strike_R","Defend_R","Defend_R","Defend_R","Defend_R","Bash","Rage","Armaments+1","Double Tap","Inflame","Shrug It Off","Carnage"],"relics":["Burning Blood","NeowsBlessing","Vajra","Bottled Flame","Magic Flower"],"acts_visited":["Exordium"],"potions_floor_usage":[7],"damage_taken":[{"damage":0.0,"enemies":"Cultist","floor":1.0,"turns":1.0},{"damage":0.0,"enemies":"2 Louse","floor":2.0,"turns":1.0},{"damage":0.0,"enemies":"Small Slimes","floor":3.0,"turns":1.0},{"damage":22.0,"enemies":"Gremlin Gang","floor":5.0,"turns":7.0},{"damage":33.0,"enemies":"3 Sentries","floor":6.0,"turns":12.0},{"damage":23,"enemies":"Exordium Thugs","floor":7,"turns":6},{"damage":18,"enemies":"Gremlin Nob","floor":11,"turns":4}],"seed_played":"4292278358247904876","potions_obtained":[{"floor":1.0,"key":"DuplicationPotion"},{"floor":3.0,"key":"SpeedPotion"}],"is_trial":false,"path_per_floor":["M","M","M","$","M","E","M","R","T","R","E"],"character_chosen":"IRONCLAD","items_purchased":["Inflame"],"campfire_rested":1,"item_purchase_floors":[4],"current_hp_per_floor":[80,80,80,80,64,37,20,20,20,44,32,32],"gold":189,"neow_bonus":"THREE_ENEMY_KILL","is_daily":false,"chose_seed":false,"campfire_upgraded":1,"win_rate":0.0,"timestamp":1610282203,"path_taken":["M","M","?","$","M","E","M","R","T","R","E"],"items_purchased_type":["Card"],"build_version":"2020-12-22","purchased_purges":1,"victory":false,"max_hp_per_floor":[80,80,80,80,80,80,80,80,80,80,80,80],"card_choices":[{"not_picked":["Seeing Red","Headbutt"],"picked":"Rage","floor":1.0},{"not_picked":["Anger","Headbutt"],"picked":"Armaments","floor":2.0},{"not_picked":["Wild Strike","Twin Strike"],"picked":"Double Tap","floor":3.0},{"not_picked":["Ghostly Armor","Sever Soul"],"picked":"Shrug It Off","floor":5.0},{"not_picked":["Sword Boomerang","Seeing Red"],"picked":"Carnage","floor":6.0},{"not_picked":["Sword Boomerang","Intimidate","Immolate"],"picked":"SKIP","floor":7}],"player_experience":107611,"relics_obtained":[{"floor":6.0,"key":"Vajra"},{"floor":9,"key":"Bottled Flame"},{"floor":11,"key":"Magic Flower"}],"event_choices":[],"is_beta":false,"boss_relics":[],"items_purged_floors":[4],"is_endless":false,"potions_floor_spawned":[1,3],"killed_by":"Gremlin Nob","ascension_level":0}}