{"host":"mcdusr64esz012l0","time":1610296461,"event":{"mods":["BaseMod","Minty Spire (QoL Compilation)","Relic Stats"],"gold_per_floor":[114,114,114,131,142,142,169,115,115,135,165,165,177,4,4,81,81,99,115,115,85,10,10,20,54,112,124,152,178,222,234,246,258,258],"floor_reached":33,"playtime":1324,"items_purged":["Strike_B"],"score":590,"play_id":"51c3066c-1998-4040-87a8-5ac222fb3ef6","local_time":"20210110113421","is_ascension_mode":true,"campfire_choices":[{"data":"Static Discharge","floor":6,"key":"SMITH"},{"data":"Defragment","floor":12,"key":"SMITH"},{"data":"Fission","floor":15,"key":"SMITH"},{"floor":23,"key":"REST"},{"floor":27,"key":"REST"},{"floor":32,"key":"REST"}],"circlet_count":0,"master_deck":["AscendersBane","Strike_B","Strike_B","Strike_B","Defend_B","Defend_B","Defend_B","Defend_B","Zap","Dualcast","Core Surge","Undo","Static Discharge+1","Defragment+1","Steam","Barrage","Fission+1","Electrodynamics","Coolheaded","Self Repair","Force Field","Defragment"],"relics":["Cracked Core","Meat on the Bone","Art of War","Regal Pillow","Anchor","Fusion Hammer","Enchiridion","MawBank","Strawberry","Tiny Chest"],"acts_visited":["Exordium","TheCity"],"potions_floor_usage":[7,11,13,25,25],"damage_taken":[{"damage":9,"enemies":"Jaw Worm","floor":1,"turns":3},{"damage":0,"enemies":"2 Louse","floor":4,"turns":3},{"damage":0,"enemies":"Cultist","floor":5,"turns":3},{"damage":22,"enemies":"3 Sentries","floor":7,"turns":5},{"damage":15,"enemies":"Large Slime","floor":10,"turns":5},{"damage":2,"enemies":"Lagavulin","floor":11,"turns":6},{"damage":11,"enemies":"2 Fungi Beasts","floor":13,"turns":3},{"damage":23,"enemies":"Hexaghost","floor":16,"turns":7},{"damage":2,"enemies":"Chosen","floor":18,"turns":4},{"damage":12,"enemies":"2 Thieves","floor":19,"turns":2},{"damage":10,"enemies":"Shelled Parasite and Fungi","floor":24,"turns":4},{"damage":31,"enemies":"Book of Stabbing","floor":25,"turns":4},{"damage":13,"enemies":"Centurion and Healer","floor":28,"turns":2},{"damage":2,"enemies":"Snecko","floor":29,"turns":6},{"damage":18,"enemies":"Slavers","floor":30,"turns":3},{"damage":91,"enemies":"Collector","floor":33,"turns":8}],"seed_played":"-455090452303667292","potions_obtained":[{"floor":4,"key":"Swift Potion"},{"floor":7,"key":"SkillPotion"},{"floor":10,"key":"SpeedPotion"},{"floor":11,"key":"Explosive Potion"},{"floor":16,"key":"SneckoOil"},{"floor":21,"key":"FocusPotion"},{"floor":21,"key":"Regen Potion"},{"floor":25,"key":"Fire Potion"},{"floor":28,"key":"FearPotion"}],"is_trial":false,"path_per_floor":["M","?","?","M","M","R","E","?","T","M","E","R","M","$","R","B",null,"M","M","?","?","$","R","M","E","T","R","M","M","E","$","R","B"],"character_chosen":"DEFECT","items_purchased":["Fission"],"campfire_rested":3,"item_purchase_floors":[14],"current_hp_per_floor":[55,29,29,41,41,41,31,31,31,28,38,38,39,39,39,28,60,58,46,25,25,25,61,58,46,53,78,65,70,59,59,78,0,0],"gold":258,"neow_bonus":"ONE_RANDOM_RARE_CARD","is_daily":false,"chose_seed":false,"campfire_upgraded":3,"win_rate":0.0,"timestamp":1610296461,"path_taken":["M","?","?","M","?","R","E","?","T","M","E","R","M","$","R","BOSS","M","M","?","?","$","R","M","E","T","R","M","?","E","$","R","BOSS"],"items_purchased_type":["Card"],"build_version":"2020-12-22","purchased_purges":1,"victory":false,"max_hp_per_floor":[71,71,71,71,71,71,71,71,71,71,71,71,71,71,71,71,71,71,71,71,71,71,71,71,71,78,78,78,78,78,78,78,78,78],"relic_stats":{"Regal Pillow":17,"counters":[16,68],"Tiny Chest":0,"Art of War":[14],"MawBank":96,"obtain_stats":[{"Regal Pillow":9,"Anchor":11,"Strawberry":26,"Enchiridion":20,"Tiny Chest":30,"Fusion Hammer":17,"Art of War":7,"Cracked Core":0,"MawBank":25,"Meat on the Bone":2},{"Regal Pillow":4,"Anchor":6,"Strawberry":12,"Enchiridion":10,"Tiny Chest":15,"Fusion Hammer":8,"Art of War":4,"Cracked Core":0,"MawBank":12,"Meat on the Bone":1},{"Regal Pillow":14,"Anchor":25,"Strawberry":49,"Enchiridion":41,"Tiny Chest":60,"Fusion Hammer":35,"Art of War":14,"Cracked Core":0,"MawBank":49,"Meat on the Bone":3}],"Meat on the Bone":72},"card_choices":[{"not_picked":["Hologram","Self Repair","BootSequence"],"picked":"SKIP","floor":1},{"not_picked":["White Noise","Beam Cell","Recycle"],"picked":"SKIP","floor":4},{"not_picked":["Undo","Reinforced Body"],"picked":"Static Discharge","floor":5},{"not_picked":["Leap","Hologram"],"picked":"Defragment","floor":7},{"not_picked":["Sweeping Beam","Heatsinks"],"picked":"Steam","floor":10},{"not_picked":["Rip and Tear","Streamline","Heatsinks"],"picked":"SKIP","floor":11},{"not_picked":["Reprogram","Double Energy"],"picked":"Barrage","floor":13},{"not_picked":["Fission","Creative AI"],"picked":"Electrodynamics","floor":16},{"not_picked":["Heatsinks","Skim"],"picked":"Coolheaded","floor":18},{"not_picked":["Sunder","Barrage"],"picked":"Self Repair","floor":19},{"not_picked":["Streamline+1","Gash"],"picked":"Force Field","floor":24},{"not_picked":["Gash","Hologram","Auto Shields"],"picked":"SKIP","floor":25},{"not_picked":["Cold Snap","Hologram","Steam Power+1"],"picked":"SKIP","floor":28},{"not_picked":["Hologram+1","FTL","Rebound+1"],"picked":"SKIP","floor":29},{"not_picked":["Ball Lightning","Barrage"],"picked":"Defragment","floor":30}],"player_experience":1042253,"relics_obtained":[{"floor":7,"key":"Art of War"},{"floor":9,"key":"Regal Pillow"},{"floor":11,"key":"Anchor"},{"floor":20,"key":"Enchiridion"},{"floor":25,"key":"MawBank"},{"floor":26,"key":"Strawberry"},{"floor":30,"key":"Tiny Chest"}],"event_choices":[{"damage_healed":0,"gold_gain":0,"player_choice":"Success","damage_taken":26,"relics_obtained":["Meat on the Bone"],"max_hp_gain":0,"max_hp_loss":0,"event_name":"Scrap Ooze","floor":2,"gold_loss":0},{"damage_healed":0,"gold_gain":0,"player_choice":"1 cards matched","damage_taken":0,"max_hp_gain":0,"max_hp_loss":0,"event_name":"Match and Keep!","floor":3,"gold_loss":0,"cards_obtained":["Undo"]},{"damage_healed":0,"gold_gain":0,"player_choice":"Left Gold","damage_taken":0,"max_hp_gain":0,"max_hp_loss":0,"event_name":"World of Goop","floor":8,"gold_loss":54},{"damage_healed":0,"gold_gain":0,"player_choice":"Obtained Book","damage_taken":21,"max_hp_gain":0,"max_hp_loss":0,"event_name":"Cursed Tome","floor":20,"gold_loss":0},{"damage_healed":0,"gold_gain":0,"player_choice":"Bought 2 Potions","damage_taken":0,"max_hp_gain":0,"max_hp_loss":0,"event_name":"The Woman in Blue","floor":21,"gold_loss":0}],"is_beta":false,"boss_relics":[{"not_picked":["Ectoplasm","Snecko Eye"],"picked":"Fusion Hammer"}],"items_purged_floors":[22],"is_endless":false,"potions_floor_spawned":[4,7,10,11,16,25,28],"killed_by":"Collector","ascension_level":20}}