{"host":"ek3xvuouaw6vk9if","time":1610311836,"event":{"mods":["BaseMod","BetterRewards","Minty Spire (QoL Compilation)","Permanent Neow","Quick Restart","Relic Stats","Replay The Spire","StSLib","The Bladedancer"],"gold_per_floor":[119,134,151,151,171,171,202,214,250,276,302,5,38,38,38,38,38],"floor_reached":16,"playtime":1768,"items_purged":[],"score":112,"play_id":"3d7118fa-429e-4079-bc51-0b292b7be384","local_time":"20210110155036","is_ascension_mode":false,"campfire_choices":[{"data":"blademaster:AspectOfWind","floor":6,"key":"SMITH"},{"floor":8,"key":"REST"},{"floor":15,"key":"REST"}],"circlet_count":0,"master_deck":["blademaster:Strike+1","blademaster:Strike","blademaster:Defend","blademaster:Defend","blademaster:Defend","blademaster:Defend","blademaster:RagingBlow+1","blademaster:HighVoltage","blademaster:RollingTyphoon","blademaster:Quickstep","blademaster:FuriousStrike","blademaster:Cut","blademaster:AspectOfWind+1","blademaster:AwakeningStrike","blademaster:BrainBloom","blademaster:DaggerAndCloak","blademaster:Cut"],"relics":["blademaster:DancersAmulet","MawBank","Boot","Unceasing Top","Whetstone"],"acts_visited":["Exordium"],"potions_floor_usage":[7,11,11,16],"damage_taken":[{"damage":2,"enemies":"Small Slimes","floor":1,"turns":7},{"damage":0,"enemies":"2 Louse","floor":2,"turns":3},{"damage":0,"enemies":"Jaw Worm","floor":3,"turns":3},{"damage":5,"enemies":"Lots of Slimes","floor":5,"turns":7},{"damage":46,"enemies":"3 Sentries","floor":7,"turns":17},{"damage":2,"enemies":"Exordium Wildlife","floor":10,"turns":2},{"damage":9,"enemies":"Gremlin Gang","floor":11,"turns":2},{"damage":25,"enemies":"Gremlin Nob","floor":13,"turns":4},{"damage":27,"enemies":"Slime Boss","floor":16,"turns":7}],"seed_played":"4805802773880159395","potions_obtained":[{"floor":2,"key":"SteroidPotion"},{"floor":3,"key":"SkillPotion"},{"floor":7,"key":"BlessingOfTheForge"},{"floor":11,"key":"Cursed Concoction"}],"is_trial":false,"path_per_floor":["M","M","M","?","M","R","E","R","T","M","M","$","E","?","R","B"],"character_chosen":"THE_BLADEMASTER","items_purchased":["Unceasing Top"],"campfire_rested":2,"item_purchase_floors":[12],"current_hp_per_floor":[73,73,73,66,61,61,15,37,37,35,26,26,1,1,23,0,0],"gold":38,"neow_bonus":"TRANSFORM_CARD","is_daily":false,"chose_seed":false,"campfire_upgraded":1,"win_rate":0.0,"timestamp":1610311836,"path_taken":["M","M","M","?","M","R","E","R","T","M","M","$","E","?","R","BOSS"],"items_purchased_type":["Relic"],"build_version":"2020-12-22","purchased_purges":0,"victory":false,"max_hp_per_floor":[75,75,75,75,75,75,75,75,75,75,75,75,75,75,75,75,75],"relic_stats":{"counters":[9,52],"Whetstone":["blademaster:Strike","blademaster:RagingBlow"],"MawBank":60,"Boot":[18],"obtain_stats":[{"blademaster:BonusComboPerk":13,"blademaster:RandomBladePerk":7,"blademaster:DancersAmulet":0,"Whetstone":13,"MawBank":7,"Boot":9,"Unceasing Top":12},{"blademaster:BonusComboPerk":8,"blademaster:RandomBladePerk":5,"blademaster:DancersAmulet":0,"Whetstone":8,"MawBank":5,"Boot":5,"Unceasing Top":7},{"blademaster:BonusComboPerk":45,"blademaster:RandomBladePerk":37,"blademaster:DancersAmulet":0,"Whetstone":45,"MawBank":37,"Boot":37,"Unceasing Top":41}],"Unceasing Top":[0]},"card_choices":[{"not_picked":["blademaster:SlyStabs","blademaster:AwakeningDefend"],"picked":"blademaster:Quickstep","floor":1},{"not_picked":["blademaster:Thrust","blademaster:KiBarrier"],"picked":"blademaster:FuriousStrike","floor":2},{"not_picked":["blademaster:AncestralHealing","blademaster:Momentum"],"picked":"blademaster:Cut","floor":3},{"not_picked":["blademaster:BladeDance","blademaster:SharpBlades"],"picked":"blademaster:AspectOfWind","floor":5},{"not_picked":["blademaster:ColdBlood","blademaster:Bloodbath"],"picked":"blademaster:AwakeningStrike","floor":7},{"not_picked":["blademaster:OneTrickPony","blademaster:Thrust"],"picked":"blademaster:BrainBloom","floor":10},{"not_picked":["blademaster:ThunderSlash","blademaster:Reversal"],"picked":"blademaster:DaggerAndCloak","floor":11},{"not_picked":["blademaster:Hailwind","blademaster:ThunderSlash"],"picked":"blademaster:Cut","floor":13}],"player_experience":513306,"relics_obtained":[{"floor":7,"key":"MawBank"},{"floor":7,"key":"blademaster:RandomBladePerk"},{"floor":9,"key":"Boot"},{"floor":13,"key":"Whetstone"},{"floor":13,"key":"blademaster:BonusComboPerk"}],"event_choices":[{"cards_removed":["blademaster:Strike"],"damage_healed":0,"gold_gain":0,"player_choice":"Card Removal","damage_taken":7,"max_hp_gain":0,"max_hp_loss":0,"event_name":"Golden Wing","floor":4,"gold_loss":0},{"damage_healed":0,"gold_gain":0,"player_choice":"Ignored","damage_taken":0,"max_hp_gain":0,"max_hp_loss":0,"event_name":"Golden Idol","floor":14,"gold_loss":0}],"is_beta":false,"boss_relics":[],"items_purged_floors":[],"is_endless":false,"potions_floor_spawned":[2,3,7,11],"killed_by":"Slime Boss","ascension_level":0}}