{"host":"15dd7v8o90xso62x","time":1610312250,"event":{"mods":["BaseMod","Minty Spire (QoL Compilation)","Quick Restart","StSLib","SuperFastMode"],"gold_per_floor":[115,128,139,139,154,189,189,215,269,269,285,296,313,313,313,313,313],"floor_reached":16,"playtime":445,"items_purged":[],"score":228,"play_id":"212163cf-2dbd-48c7-9522-453f140b327a","local_time":"20210111055730","is_ascension_mode":true,"campfire_choices":[{"data":"Bludgeon","floor":7.0,"key":"SMITH"},{"floor":10.0,"key":"REST"},{"data":"Double Tap","floor":15.0,"key":"SMITH"}],"circlet_count":0,"master_deck":["AscendersBane","Strike_R","Strike_R","Strike_R","Strike_R","Strike_R","Defend_R","Defend_R","Defend_R","Defend_R","Bash","Bludgeon+1","Wild Strike","Ghostly Armor","Clothesline","Double Tap+1","Rage","Carnage","Flame Barrier"],"relics":["Burning Blood","WingedGreaves","Blue Candle","Lantern","MealTicket"],"acts_visited":[],"potions_floor_usage":[16,16],"damage_taken":[{"damage":3.0,"enemies":"2 Louse","floor":1.0,"turns":3.0},{"damage":0.0,"enemies":"Cultist","floor":2.0,"turns":2.0},{"damage":2.0,"enemies":"Jaw Worm","floor":3.0,"turns":3.0},{"damage":8.0,"enemies":"3 Louse","floor":5.0,"turns":4.0},{"damage":45.0,"enemies":"Gremlin Nob","floor":6.0,"turns":5.0},{"damage":30.0,"enemies":"Lagavulin","floor":8.0,"turns":6.0},{"damage":0.0,"enemies":"2 Fungi Beasts","floor":11.0,"turns":3.0},{"damage":9.0,"enemies":"Exordium Thugs","floor":12.0,"turns":4.0},{"damage":6.0,"enemies":"Blue Slaver","floor":13.0,"turns":3.0},{"damage":27,"enemies":"The Guardian","floor":16,"turns":11}],"seed_played":"6257976650479360568","potions_obtained":[{"floor":3.0,"key":"LiquidBronze"},{"floor":8.0,"key":"AttackPotion"},{"floor":13.0,"key":"BlessingOfTheForge"}],"is_trial":false,"path_per_floor":["M","M","M","?","M","E","R","E","T","R","M","M","M","?","R","B"],"character_chosen":"IRONCLAD","items_purchased":[],"campfire_rested":1,"item_purchase_floors":[],"current_hp_per_floor":[71,75,75,75,73,34,34,10,10,32,38,35,35,31,31,4,4],"gold":313,"neow_bonus":"ONE_RANDOM_RARE_CARD","is_daily":false,"chose_seed":false,"campfire_upgraded":2,"win_rate":0.0,"timestamp":1610312250,"path_taken":["M","M","M","?","M","E","R","E","T","R","?","M","M","?","R","BOSS"],"items_purchased_type":[],"build_version":"2020-12-22","purchased_purges":0,"victory":false,"max_hp_per_floor":[75,75,75,75,75,75,75,75,75,75,75,75,75,75,75,75,75],"card_choices":[{"not_picked":["Searing Blow","Armaments"],"picked":"Wild Strike","floor":1.0},{"not_picked":["Wild Strike","Feel No Pain"],"picked":"Ghostly Armor","floor":2.0},{"not_picked":["Sword Boomerang","Wild Strike"],"picked":"Clothesline","floor":3.0},{"not_picked":["Shrug It Off","Thunderclap"],"picked":"Double Tap","floor":5.0},{"not_picked":["Searing Blow","Wild Strike","Flex"],"picked":"SKIP","floor":6.0},{"not_picked":["Warcry","Exhume","Flex"],"picked":"SKIP","floor":8.0},{"not_picked":["Wild Strike","Heavy Blade"],"picked":"Rage","floor":11.0},{"not_picked":["Hemokinesis","Ghostly Armor"],"picked":"Carnage","floor":12.0},{"not_picked":["Flex","Wild Strike"],"picked":"Flame Barrier","floor":13.0}],"player_experience":1018096,"relics_obtained":[{"floor":6.0,"key":"Blue Candle"},{"floor":8.0,"key":"Lantern"},{"floor":9.0,"key":"MealTicket"}],"event_choices":[{"damage_healed":0.0,"max_hp_gain":0.0,"max_hp_loss":0.0,"gold_gain":0.0,"event_name":"WeMeetAgain","player_choice":"Gave Potion","floor":4.0,"gold_loss":0.0,"damage_taken":0.0,"relics_obtained":["WingedGreaves"]},{"damage_healed":0.0,"max_hp_gain":0.0,"max_hp_loss":0.0,"gold_gain":0.0,"event_name":"The Woman in Blue","player_choice":"Bought 0 Potions","floor":14.0,"gold_loss":0.0,"damage_taken":0.0}],"is_beta":false,"boss_relics":[],"items_purged_floors":[],"is_endless":false,"potions_floor_spawned":[3,8,13],"killed_by":"The Guardian","ascension_level":20}}