{"host":"w3q5ijqu8eoknil3","time":1610252247,"event":{"mods":["AchievementEnabler","BaseMod","Block Reminder","Colored Map","Colored Powertips","Curses Come First","Minty Spire (QoL Compilation)","Quick Restart","Relic Stats","StSLib","ojb\u0027s Better Paths Mod","ojb\u0027s Info Mod","slay the spire mod where everything is the same but ironclad has a cowboy hat"],"gold_per_floor":[110,127,127,150,174,174,174],"floor_reached":6,"playtime":155,"items_purged":[],"score":67,"play_id":"d2829e95-b666-408c-873f-89b5cfbce0a9","local_time":"20210110041727","is_ascension_mode":true,"campfire_choices":[],"circlet_count":0,"master_deck":["AscendersBane","Strike_G","Strike_G","Strike_G","Strike_G","Strike_G","Defend_G","Defend_G","Defend_G","Defend_G","Defend_G","Survivor","Neutralize","Predator","Blur","Catalyst"],"relics":["Ring of the Snake","NeowsBlessing","Golden Idol","Juzu Bracelet"],"acts_visited":["Exordium"],"potions_floor_usage":[6,6,6],"damage_taken":[{"damage":0,"enemies":"Cultist","floor":1,"turns":1},{"damage":0,"enemies":"Small Slimes","floor":2,"turns":1},{"damage":0,"enemies":"Jaw Worm","floor":5,"turns":1},{"damage":75,"enemies":"Lagavulin","floor":6,"turns":8}],"seed_played":"6641316633676169572","potions_obtained":[{"floor":1,"key":"SneckoOil"},{"floor":2,"key":"EntropicBrew"}],"is_trial":false,"path_per_floor":["M","M","?","T","M","E"],"character_chosen":"THE_SILENT","items_purchased":[],"campfire_rested":0,"item_purchase_floors":[],"current_hp_per_floor":[59,59,59,59,59,0,0],"gold":174,"neow_bonus":"THREE_ENEMY_KILL","is_daily":false,"chose_seed":false,"campfire_upgraded":0,"win_rate":0.0,"timestamp":1610252247,"path_taken":["M","?","?","?","M","E"],"items_purchased_type":[],"build_version":"2020-12-22","purchased_purges":0,"victory":false,"max_hp_per_floor":[66,66,60,60,60,60,60],"relic_stats":{"counters":[4,11],"Golden Idol":5,"Juzu Bracelet":0,"obtain_stats":[{"NeowsBlessing":0,"Golden Idol":3,"Juzu Bracelet":4,"Ring of the Snake":0},{"NeowsBlessing":0,"Golden Idol":2,"Juzu Bracelet":2,"Ring of the Snake":0},{"NeowsBlessing":0,"Golden Idol":2,"Juzu Bracelet":2,"Ring of the Snake":0}],"Ring of the Snake":[8]},"card_choices":[{"not_picked":["Footwork","Dagger Throw"],"picked":"Predator","floor":1},{"not_picked":["Tactician","Prepared"],"picked":"Blur","floor":2},{"not_picked":["Slice","Cloak And Dagger"],"picked":"Catalyst","floor":5}],"player_experience":946208,"relics_obtained":[{"floor":4,"key":"Juzu Bracelet"}],"event_choices":[{"damage_healed":0,"gold_gain":0,"player_choice":"Lose Max HP","damage_taken":0,"relics_obtained":["Golden Idol"],"max_hp_gain":0,"max_hp_loss":6,"event_name":"Golden Idol","floor":3,"gold_loss":0}],"is_beta":false,"boss_relics":[],"items_purged_floors":[],"is_endless":false,"potions_floor_spawned":[1,2],"killed_by":"Lagavulin","ascension_level":17}}