{"host":"91blwi3hgehj6ch9","time":1610247099,"event":{"mods":["2.2 Compatiblity","AchievementEnabler","BaseMod","Colored Map","DeckTracker","Keyboard Shortcuts","Minty Spire (QoL Compilation)","Permanent Neow","Quick Restart","StSLib","SuperFastMode"],"gold_per_floor":[118,118,118,118,43,77,112,135,135,153,53,53,72,72,72,161,161,176,176,176,176,51,51,51,51,51,71,86,110,37,71,71,71,71],"floor_reached":33,"playtime":1900,"items_purged":["Strike_G","Defend_G","Strike_G"],"score":533,"play_id":"f57a4433-91ef-428b-a3f6-2f6545bc9a9b","local_time":"20210110115139","is_ascension_mode":true,"campfire_choices":[{"data":"Blade Dance","floor":12.0,"key":"SMITH"},{"data":"Dagger Spray","floor":15.0,"key":"SMITH"},{"data":"Phantasmal Killer","floor":23.0,"key":"SMITH"},{"data":"Envenom","floor":25.0,"key":"SMITH"},{"data":"Concentrate","floor":32,"key":"SMITH"}],"circlet_count":0,"master_deck":["AscendersBane","Strike_G","Defend_G","Defend_G","Defend_G","Defend_G","Survivor","Neutralize","Dagger Spray+1","Poisoned Stab","Cloak And Dagger","Blade Dance+1","Leg Sweep","Phantasmal Killer+1","Dagger Throw","Terror","Envenom+1","Acrobatics","Concentrate+1","Well Laid Plans"],"relics":["Ring of the Snake","NeowsBlessing","WingedGreaves","Golden Idol","Lizard Tail","Regal Pillow","Gremlin Horn","Sundial","Cursed Key","HornCleat"],"acts_visited":["Exordium","TheCity"],"potions_floor_usage":[31],"damage_taken":[{"damage":0.0,"enemies":"Jaw Worm","floor":1.0,"turns":1.0},{"damage":0.0,"enemies":"Lagavulin","floor":6.0,"turns":1.0},{"damage":0.0,"enemies":"Gremlin Nob","floor":7.0,"turns":1.0},{"damage":1.0,"enemies":"2 Louse","floor":8.0,"turns":3.0},{"damage":0.0,"enemies":"Small Slimes","floor":10.0,"turns":2.0},{"damage":0.0,"enemies":"Exordium Wildlife","floor":13.0,"turns":2.0},{"damage":49.0,"enemies":"Slime Boss","floor":16.0,"turns":15.0},{"damage":0.0,"enemies":"3 Byrds","floor":18.0,"turns":5.0},{"damage":4.0,"enemies":"Chosen","floor":20.0,"turns":4.0},{"damage":11.0,"enemies":"Snake Plant","floor":27.0,"turns":3.0},{"damage":2.0,"enemies":"Snecko","floor":28.0,"turns":3.0},{"damage":0.0,"enemies":"Cultist and Chosen","floor":29.0,"turns":5.0},{"damage":24,"enemies":"Slavers","floor":31,"turns":5},{"damage":37,"enemies":"Automaton","floor":33,"turns":6}],"seed_played":"5129831951182923045","potions_obtained":[{"floor":7.0,"key":"EssenceOfSteel"},{"floor":10.0,"key":"SmokeBomb"},{"floor":18.0,"key":"Weak Potion"},{"floor":27.0,"key":"PowerPotion"}],"is_trial":false,"path_per_floor":["M","?","?","?","$","E","E","M","T","M","$","R","M","?","R","B",null,"M","?","M","T","$","R","T","R","T","M","M","M","$","E","R","B"],"character_chosen":"THE_SILENT","items_purchased":["Concentrate"],"campfire_rested":0,"item_purchase_floors":[30],"current_hp_per_floor":[63,60,60,43,43,43,43,42,42,42,42,42,42,42,42,35,61,61,61,57,57,57,57,57,57,57,46,44,44,44,20,20,0,0],"gold":71,"neow_bonus":"THREE_ENEMY_KILL","is_daily":false,"chose_seed":false,"campfire_upgraded":5,"win_rate":0.0,"timestamp":1610247099,"path_taken":["M","?","?","?","$","E","E","M","T","M","$","R","M","?","R","BOSS","M","?","M","?","$","R","?","R","T","?","M","M","$","E","R","BOSS"],"items_purchased_type":["Card"],"build_version":"2020-12-22","purchased_purges":3,"victory":false,"max_hp_per_floor":[70,70,70,70,70,70,70,70,70,70,70,70,70,70,70,70,70,70,70,70,70,70,70,70,70,70,70,70,70,70,70,70,70,70],"card_choices":[{"not_picked":["Bane","Catalyst"],"picked":"Dagger Spray","floor":1.0},{"not_picked":["Bullet Time","Slice","Deflect"],"picked":"SKIP","floor":6.0},{"not_picked":["Masterful Stab","Expertise"],"picked":"Poisoned Stab","floor":7.0},{"not_picked":["Distraction","Riddle With Holes"],"picked":"Cloak And Dagger","floor":8.0},{"not_picked":["Poisoned Stab","Leg Sweep"],"picked":"Blade Dance","floor":10.0},{"not_picked":["Heel Hook","Dagger Throw"],"picked":"Leg Sweep","floor":13.0},{"not_picked":["A Thousand Cuts","Night Terror"],"picked":"Phantasmal Killer","floor":16.0},{"not_picked":["Slice","Outmaneuver"],"picked":"Dagger Throw","floor":18.0},{"not_picked":["Backstab","Choke"],"picked":"Acrobatics","floor":27.0},{"not_picked":["Cloak And Dagger","All Out Attack","Deadly Poison"],"picked":"SKIP","floor":28.0},{"not_picked":["Cloak And Dagger","Quick Slash","Glass Knife"],"picked":"SKIP","floor":29.0},{"not_picked":["Dagger Throw","Deflect"],"picked":"Well Laid Plans","floor":31}],"player_experience":143891,"relics_obtained":[{"floor":6.0,"key":"Lizard Tail"},{"floor":7.0,"key":"Regal Pillow"},{"floor":9.0,"key":"Gremlin Horn"},{"floor":31,"key":"HornCleat"}],"event_choices":[{"damage_healed":0.0,"max_hp_gain":0.0,"max_hp_loss":0.0,"gold_gain":0.0,"event_name":"Scrap Ooze","player_choice":"Success","floor":2.0,"gold_loss":0.0,"damage_taken":3.0,"relics_obtained":["WingedGreaves"]},{"damage_healed":0.0,"max_hp_gain":0.0,"max_hp_loss":0.0,"gold_gain":0.0,"event_name":"Liars Game","player_choice":"Ignored","floor":3.0,"gold_loss":0.0,"damage_taken":0.0},{"damage_healed":0.0,"max_hp_gain":0.0,"max_hp_loss":0.0,"gold_gain":0.0,"event_name":"Golden Idol","player_choice":"Take Damage","floor":4.0,"gold_loss":0.0,"damage_taken":17.0,"relics_obtained":["Golden Idol"]},{"damage_healed":0.0,"max_hp_gain":0.0,"max_hp_loss":0.0,"gold_gain":0.0,"event_name":"Dead Adventurer","player_choice":"Searched \u00271\u0027 times","floor":14.0,"gold_loss":0.0,"damage_taken":0.0,"relics_obtained":["Sundial"]},{"damage_healed":0.0,"max_hp_gain":0.0,"max_hp_loss":0.0,"gold_gain":0.0,"cards_transformed":["Strike_G","Strike_G"],"event_name":"Drug Dealer","player_choice":"Became Test Subject","floor":19.0,"gold_loss":0.0,"damage_taken":0.0,"cards_obtained":["Terror","Envenom"]}],"is_beta":false,"boss_relics":[{"not_picked":["Philosopher\u0027s Stone","SlaversCollar"],"picked":"Cursed Key"}],"items_purged_floors":[5,11,22],"is_endless":false,"potions_floor_spawned":[7,10,18,20,27],"killed_by":"Automaton","ascension_level":13}}