{"host":"bpkhhmvsfrvlto2l","time":1610250959,"event":{"mods":["2.2 Compatiblity","AchievementEnabler","Act Like it!","AlwaysNeverKeys","Aspiration","BaseMod","Better Silent Start","Challenge The Spire","Colored Map","Colored Powertips","Custom Start","Downfall","Energized Spire","Friendly Minions","GifTheSpireLib","Halation","Hubris","Infinite Spire","Ironclad Rager","Mimic Mod","Minty Spire (QoL Compilation)","Permanent Neow","Quick Restart","Random Character Button","Relic Sorter","Replay The Spire","Spikes Relics","StSLib","Stuff the Spire","Swap Starting Deck Mod","Trackpad"],"gold_per_floor":[99,109,123,140,140,175,212,197,197,197,212,73,86,86,99,99,99,99],"floor_reached":16,"playtime":563,"items_purged":[],"score":102,"play_id":"0f0775e5-86c5-49e0-8215-c67f5b313091","local_time":"20210109225559","is_ascension_mode":false,"campfire_choices":[{"data":"Slimebound:Split","floor":1,"key":"SMITH"},{"floor":9,"key":"REST"}],"circlet_count":0,"master_deck":["Slimebound:Strike_Slimebound","Slimebound:Strike_Slimebound+1","Slimebound:Strike_Slimebound+1","Slimebound:Tackle","Slimebound:Defend_Slimebound","Slimebound:Defend_Slimebound+1","Slimebound:Defend_Slimebound","Slimebound:Defend_Slimebound","Slimebound:Split+1","Slimebound:CorrosiveSpit","Languid","Slimebound:AcidTongue","Slimebound:Gluttony","infinitespire:DeathsTouch","Slimebound:SamplingLick","StuffTheSpire:Perfection","Slimebound:Schlurp","Slimebound:Grow","Slimebound:GrowthPunch"],"relics":["Slimebound:AbsorbEndCombat","halation:PinkSoulGem","StuffTheSpire:Expresso","infinitespire:Lucky Rock"],"acts_visited":["Exordium"],"potions_floor_usage":[8,16,16,16],"damage_taken":[{"damage":10,"enemies":"Cultist","floor":2,"turns":4},{"damage":19,"enemies":"Small Slimes","floor":3,"turns":3},{"damage":15,"enemies":"2 Louse","floor":4,"turns":3},{"damage":28,"enemies":"3 Sentries","floor":6,"turns":3},{"damage":10,"enemies":"2 Fungi Beasts","floor":7,"turns":8},{"damage":12,"enemies":"downfall:FleeingMerchant","floor":8,"turns":4},{"damage":16,"enemies":"2 Fungi Beasts","floor":11,"turns":3},{"damage":14,"enemies":"downfall:FleeingMerchant","floor":12,"turns":4},{"damage":22,"enemies":"Exordium Wildlife","floor":13,"turns":5},{"damage":5,"enemies":"3 Louse","floor":15,"turns":2},{"damage":51,"enemies":"downfall:Ironclad","floor":16,"turns":8}],"seed_played":"6764178063164104602","potions_obtained":[{"floor":2,"key":"SpeedPotion"},{"floor":4,"key":"FearPotion"},{"floor":6,"key":"Reflective Coating"},{"floor":13,"key":"LiquidMemories"}],"is_trial":false,"path_per_floor":["R","M","M","M","?","E","MIM","$","R","?","M","$","M","?","M","B"],"character_chosen":"SLIMEBOUND","items_purchased":["Slimebound:Grow","AttackPotion"],"campfire_rested":1,"item_purchase_floors":[12,12],"current_hp_per_floor":[60,58,49,46,31,11,25,33,51,51,47,53,43,43,38,0,0,0],"gold":99,"neow_bonus":"ONE_RARE_RELIC","is_daily":false,"chose_seed":false,"campfire_upgraded":1,"win_rate":0.0,"timestamp":1610250959,"path_taken":["R","M","M","?","?","E","MIM","$","R","?","M","$","M","?","M","BOSS"],"items_purchased_type":["Card","Potion"],"build_version":"2020-12-22","purchased_purges":0,"victory":false,"max_hp_per_floor":[60,60,60,60,60,60,60,60,60,60,60,60,60,60,60,60,60,60],"card_choices":[{"not_picked":["Slimebound:SplitAcid","Slimebound:Equalize"],"picked":"Slimebound:AcidTongue","floor":2},{"not_picked":["Slimebound:ServeAndProtect","Slimebound:Chomp","Slimebound:RollThrough"],"picked":"SKIP","floor":3},{"not_picked":["Slimebound:ComboTackle","Slimebound:LeechingTouch"],"picked":"Slimebound:Gluttony","floor":4},{"not_picked":["infinitespire:Oblivion","ReplayTheSpireMod:??????????????????????"],"picked":"infinitespire:DeathsTouch","floor":5},{"not_picked":["Slimebound:LeadByExample","Slimebound:LeechEnergy"],"picked":"Slimebound:SamplingLick","floor":6},{"not_picked":["StuffTheSpire:Harmony","StuffTheSpire:Rapture"],"picked":"StuffTheSpire:Perfection","floor":10},{"not_picked":["Slimebound:Dissolve","Slimebound:ViciousTackle"],"picked":"Slimebound:Schlurp","floor":11},{"not_picked":["Slimebound:FinishingTackle","Slimebound:ViciousTackle","Slimebound:Chomp"],"picked":"SKIP","floor":12},{"not_picked":["Slimebound:AcidTongue","Slimebound:RollThrough","Slimebound:SlimeSpikes"],"picked":"SKIP","floor":13},{"not_picked":["Slimebound:FinishingTackle","Slimebound:CheckThePlaybook"],"picked":"Slimebound:GrowthPunch","floor":15}],"player_experience":60110,"relics_obtained":[{"floor":6,"key":"infinitespire:Lucky Rock"},{"floor":7,"key":"halation:LettersToHer"}],"event_choices":[],"is_beta":false,"boss_relics":[],"items_purged_floors":[],"is_endless":false,"potions_floor_spawned":[2,4,6,13],"killed_by":"downfall:Ironclad","ascension_level":0}}