{"host":"t6w2q9o6m1ipuhb5","time":1610255080,"event":{"mods":["2.2 Compatiblity","Abigail Mod","AchievementEnabler","Act Like it!","Arknights The Spire","BaseMod","BetterRewards","CapriCore","Chen","Colored Map","Colored Powertips","Downfall","Friendly Minions","Gensokyo","GifTheSpireLib","Hermit","Hubris","Infinite Spire","KinomotoSakuraMod(????)","Kiyohime????","Koishi","Marisa????????","Mimic Mod","Minty Spire (QoL Compilation)","MostiFishMod","Onozuka Komachi Mod","Permanent Neow","Prisma Mod","Quick Restart","Reimu??????","Remilia_Scarlet Moed?????·?????3.3.5","Remilia??????","Replay The Spire","StSLib","SuperFastMode","Td1madao Mod","The Administrix","The Alterego","The Animator","The Bug Knight","The Construct","The Cursed","The Immortal","The Marked","The Mystic","The Senshi","The Servant 0.9.4","The Wild Card","Waifu the Spire","WarShipGirlsR/????R mod","Yakumo Yukari mod"],"gold_per_floor":[111,130,130,130,130,24,24,50,50,17,17,35,55,67,67,164,164,181,191,207,207,226,226,70,82,158,189,208,458,493,493,493,588,588,598,598,598,617,617,642,642,723,737,749,778,778,778,778,877,877,892,892,957,970,970,970,994,994,1042,1066,1066,1084,1084,1118,1118,1221,1221,1247,1247,592,606,606,634,634,658,693,693,714,722,747,761,761,921,921,921,921],"floor_reached":85,"playtime":14466,"items_purged":[],"score":2019,"play_id":"de493f61-af8f-4a96-ab04-27ee1e22e469","local_time":"20210110000440","is_ascension_mode":false,"campfire_choices":[{"data":"MokouMod:Sear","floor":7.0,"key":"SMITH"},{"data":"MokouMod:HeatSpark","floor":11.0,"key":"SMITH"},{"floor":15.0,"key":"DIG"},{"floor":23.0,"key":"RECALL"},{"floor":32.0,"key":"REST"},{"floor":42.0,"key":"REST"},{"floor":49.0,"key":"REST"},{"floor":57.0,"key":"REST"},{"floor":66.0,"key":"REST"},{"floor":75.0,"key":"DIG"},{"floor":83.0,"key":"DIG"}],"circlet_count":0,"master_deck":["MokouMod:Strike+1","MokouMod:Strike+1","MokouMod:Strike+1","MokouMod:Strike+1","MokouMod:Defend","MokouMod:Defend+1","MokouMod:Defend+1","MokouMod:Defend+1","MokouMod:HeatSpark+1","MokouMod:UncontrollableSolarReaction","MokouMod:Combust","MokouMod:Sear+1","MokouMod:Ember","MokouMod:Geothermal","MokouMod:Afterburner","MokouMod:ScorchedEarth","MokouMod:ScorchingColumn+1","MokouMod:FujiyamaVolcano","MokouMod:ResonatingAura","MokouMod:WarmUp+1","MokouMod:BlazingComet","MokouMod:ResoluteFlare","MokouMod:IllusoryBattlefield","Gensokyo:Shovel","MokouMod:AdaptivePyromancy+1","MokouMod:PhoenixForm","MokouMod:ShiftIgnition+1","MokouMod:InfernalWave","MokouMod:RoaringFlare+1","MokouMod:Geothermal","MokouMod:Refresh","MokouMod:SearingShot+1","MokouMod:SearingShot+1","MokouMod:Overheat+1","ReplayTheSpireMod:Book of Names","MokouMod:Overheat+1","MokouMod:BlazingComet","MokouMod:ResonanceReactor+1","MokouMod:SacredFire+1","MokouMod:IllusoryBattlefield+1","MokouMod:WarmUp+1","MokouMod:SacredFire","MokouMod:Geothermal","MokouMod:SearingShot","MokouMod:FujiyamaVolcano","MokouMod:FujiyamaVolcano","MokouMod:FujiyamaVolcano","MokouMod:SearingShot","ReplayTheSpireMod:Book of Names","MokouMod:Scorch","MokouMod:FusionFlare","infinitespire:Punishment","Pot Of Greed+1","Pot Of Greed+1","Pot Of Greed+1","Pot Of Greed+1","Pot Of Greed+1","MokouMod:Sear+1","MokouMod:BurningDraft+1","MokouMod:BurningDraft+1","infinitespire:UltimateForm","infinitespire:Starlight+1","MokouMod:BlazingComet","MokouMod:HeatCyclone+1","Pot Of Greed+1","MokouMod:BurningHiddenBullet","infinitespire:FutureSight+1","MokouMod:InfernalWave","MokouMod:GuidingSmoke","MokouMod:SearingShot","MokouMod:SacredFire","MokouMod:ResonatingAura+1","MokouMod:UncontrollableSolarReaction","MokouMod:Rebirth+1"],"relics":["MokouMod:PhoenixFeather","DaveBox","Civilization","SynthV:TestCard","hubris:Towel","Pen Nib","Kunai","ScarletDevilRocket","hubris:Backtick","MiniHakkero","hubris:GlazedTorus","Fusion Hammer","Prayer Wheel","PreservedInsect","Ring of Fury","Black Star","Mastiff:ReiMu","hubris:Teleporter","Bag of Preparation","HollowMod:LifeEnderRelic","Bronze Scales","Blood Vial","Akabeko","hubris:Icosahedron","hubris:VirtuousBlindfold","ReplayTheSpireMod:TigerMarble","Gremlin Food","infinitespire:Lucky Rock","Mummified Hand","Omamori","Counterbalance","Mastiff:ReiMu","Oddly Smooth Stone","DaCapo","MetatronsCube","Garlic","Pear","Replay:Bandana","Toxic Egg 2","Ancient Tea Set","Nunchaku","MealTicket","Regal Pillow","Iron Hammer","hubris:ToyBattleship","Replay:Rubber Ducky","hubris:KleinBottle","hubris:EvacipatedBox","hubris:FruitBowl","hubris:Macrotransations","construct:BoolHorns","RuthlessExorcism:ReiMu","Replay:Ringing Soul","HollowMod:PaleOreRelic","Lantern","Potion Belt","Pantograph","Art of War","theSenshi:SailorFukuRelic","hubris:SphereOfDissonance","Pocketwatch","Incense Burner","Replay:Arrowhead","Tiny Chest","Happy Flower","Centennial Puzzle","Bag of Marbles","ArrowTower","hubris:TenFootPole","Grinning Jar","HollowMod:StagPassRelic","infinitespire:Midas Blood","Blue Doll","DianDianMeat","Shovel","Replay:Baseball","Strawberry","Replay:Multitool","DianPoetry","Simple Rune","hubris:SlimyHat","infinitespire:Broken Mirror","ReplayTheSpireMod:Lightbulb","TheAbacus","Dream Catcher","War Paint","Replay:Mystery Machine","infinitespire:FocusingShard","Peace Pipe","infinitespire:Bottled Soul","Question Card","hubris:MysteriousPyramids","Replay:Bottled Eggs","Lizard Tail","Ying","BionicSphere","Bottled Tornado","Replay:Bronze Core","hubris:MobiusCoin","Frozen Egg 2","HandDrill","White Beast Statue","hubris:CrystalStatue","theSenshi:FeatherClipsRelic","Sundial","ReplayTheSpireMod:Shallot","Replay:WaspNest","Snack Pack","Onion Ring","Eternal Feather","infinitespire:CheckeredPen","InkBottle","Philosopher\u0027s Stone"],"acts_visited":["Exordium","Gensokyo:Gensokyo","Gensokyo:Gensokyoer","Gensokyo:Gensokyoest","TheCity","TheCity"],"potions_floor_usage":[],"damage_taken":[{"damage":3.0,"enemies":"Gensokyo:2_Kodama","floor":1.0,"turns":4.0},{"damage":0.0,"enemies":"Gensokyo:3_Fairies","floor":2.0,"turns":2.0},{"damage":0.0,"enemies":"Gensokyo:Aya","floor":8.0,"turns":2.0},{"damage":0.0,"enemies":"Gensokyo:Gryphon","floor":12.0,"turns":1.0},{"damage":0.0,"enemies":"Gensokyo:Python_and_Kodama","floor":13.0,"turns":2.0},{"damage":15.0,"enemies":"Gensokyo:5_Fairies","floor":14.0,"turns":4.0},{"damage":0.0,"enemies":"Gensokyo:Yukari","floor":16.0,"turns":3.0},{"damage":0.0,"enemies":"Gensokyo:2_Gloops","floor":18.0,"turns":1.0},{"damage":0.0,"enemies":"Gensokyo:CosmicMonolith","floor":19.0,"turns":1.0},{"damage":0.0,"enemies":"Gensokyo:Mirror_and_Dog","floor":20.0,"turns":1.0},{"damage":0.0,"enemies":"Gensokyo:Slime_Group","floor":22.0,"turns":2.0},{"damage":0.0,"enemies":"Gensokyo:Wraith","floor":25.0,"turns":2.0},{"damage":0.0,"enemies":"Nightmare","floor":27.0,"turns":2.0},{"damage":0.0,"enemies":"Gensokyo:Monolith_and_Dog","floor":28.0,"turns":1.0},{"damage":0.0,"enemies":"Gensokyo:Tenshi","floor":30.0,"turns":1.0},{"damage":0.0,"enemies":"Gensokyo:Eiki","floor":33.0,"turns":2.0},{"damage":0.0,"enemies":"Gensokyo:3_Bats","floor":35.0,"turns":1.0},{"damage":0.0,"enemies":"Gensokyo:3_Boulders","floor":38.0,"turns":1.0},{"damage":35.0,"enemies":"Nightmare","floor":40.0,"turns":3.0},{"damage":0.0,"enemies":"Gensokyo:Dusk_and_Dawn","floor":44.0,"turns":1.0},{"damage":0.0,"enemies":"Gensokyo:4_Bats","floor":45.0,"turns":2.0},{"damage":5.0,"enemies":"Gensokyo:Marisa","floor":46.0,"turns":1.0},{"damage":3.0,"enemies":"Gensokyo:Scarlet_Devils","floor":50.0,"turns":2.0},{"damage":0.0,"enemies":"Gensokyo:3_Fairies","floor":52.0,"turns":2.0},{"damage":0.0,"enemies":"Gensokyo:2_Kodama","floor":55.0,"turns":1.0},{"damage":117.0,"enemies":"Nightmare_Alpha","floor":58.0,"turns":4.0},{"damage":0.0,"enemies":"Gensokyo:Gryphon","floor":61.0,"turns":2.0},{"damage":0.0,"enemies":"Gensokyo:Gryphon","floor":63.0,"turns":1.0},{"damage":0.0,"enemies":"Gensokyo:Cirno","floor":65.0,"turns":4.0},{"damage":0.0,"enemies":"Gensokyo:Yukari","floor":67.0,"turns":1.0},{"damage":0.0,"enemies":"3 Byrds","floor":69.0,"turns":1.0},{"damage":0.0,"enemies":"Spheric Guardian","floor":72.0,"turns":1.0},{"damage":0.0,"enemies":"Replay:Snechameleon","floor":74.0,"turns":1.0},{"damage":0.0,"enemies":"Centurion and Healer","floor":77.0,"turns":1.0},{"damage":0.0,"enemies":"Centurion and Healer","floor":79.0,"turns":1.0},{"damage":0.0,"enemies":"Snecko","floor":82.0,"turns":1.0},{"damage":0.0,"enemies":"Champ","floor":84.0,"turns":1.0}],"seed_played":"-1678366006396297848","potions_obtained":[{"floor":0.0,"key":"Flashbang"},{"floor":0.0,"key":"SkillPotion"},{"floor":0.0,"key":"SneckoOil"},{"floor":8.0,"key":"LiquidBronze"},{"floor":14.0,"key":"LiquidMemories"},{"floor":38.0,"key":"ColorlessPotion"},{"floor":50.0,"key":"Fruit Juice"},{"floor":52.0,"key":"Explosive Potion"}],"is_trial":false,"path_per_floor":["M","M","?","?","?","$","R","E","T","COS","R","M","M","M","R_BF","B",null,"M","M","M","AVR","M","R","COS","M","T","NM","M","?","E","?","R","B",null,"M","?","?","M","AVR","NM","R","T","M","M","E","?","?","R","B",null,"M","?","?","M","?","R","NM","T","T","MIM","$","M","AVR","E","R","B",null,"M","?","$","M","?","E","R","T","MIM","?","M","?","T","M","R","B",null],"character_chosen":"MKU","items_purchased":["MokouMod:Sear","MokouMod:Ember","MetatronsCube","Garlic","Pear","Replay:Bandana","Toxic Egg 2","Ancient Tea Set","Nunchaku","MealTicket","Regal Pillow","Iron Hammer","hubris:ToyBattleship","Replay:Rubber Ducky","hubris:KleinBottle","hubris:EvacipatedBox","hubris:FruitBowl","hubris:Macrotransations","construct:BoolHorns","RuthlessExorcism:ReiMu","Replay:Ringing Soul","HollowMod:PaleOreRelic","Lantern","Potion Belt","LifebloodPotion","Flashbang","Pantograph","Art of War","theSenshi:SailorFukuRelic","hubris:SphereOfDissonance","Pocketwatch","Incense Burner","Replay:Arrowhead","Tiny Chest","Happy Flower","Centennial Puzzle","Bag of Marbles","ArrowTower","hubris:TenFootPole","Grinning Jar","HollowMod:StagPassRelic","infinitespire:Midas Blood","Blue Doll","DianDianMeat","Shovel","Replay:Baseball","Strawberry","Replay:Multitool","DianPoetry","Simple Rune","hubris:SlimyHat","infinitespire:Broken Mirror","ReplayTheSpireMod:Lightbulb","TheAbacus","Dream Catcher","War Paint","Replay:Mystery Machine","infinitespire:FocusingShard","Peace Pipe","infinitespire:Bottled Soul","Question Card","hubris:MysteriousPyramids","Replay:Bottled Eggs","Lizard Tail","hubris:MobiusCoin","Frozen Egg 2","HandDrill"],"campfire_rested":5,"item_purchase_floors":[6,6,62,62,62,62,62,62,62,62,62,62,62,62,62,62,62,62,62,62,62,62,62,62,62,62,62,62,62,62,62,62,62,62,62,62,62,62,62,62,62,62,62,62,62,62,62,62,62,62,62,62,62,62,62,62,62,62,62,62,62,62,62,62,71,71,71],"current_hp_per_floor":[74,82,82,82,82,82,82,91,91,91,91,101,113,120,120,143,161,186,212,240,240,270,270,270,301,301,333,367,345,380,380,380,417,417,457,457,457,500,500,509,544,544,590,640,686,686,686,691,745,748,806,806,806,866,869,869,813,813,813,877,5,117,134,282,704,883,1448,1612,1612,1612,1785,1785,1943,1943,1943,2106,2106,2245,2242,2242,2387,2387,2561,2561,2561,2561],"gold":921,"neow_bonus":"THREE_SMALL_POTIONS","is_daily":false,"chose_seed":false,"campfire_upgraded":2,"win_rate":0.0,"timestamp":1610255080,"path_taken":["M","M","?","?","?","?","R","E","T","COS","R","M","M","M","R_BF","BOSS","M","M","M","AVR","M","R","COS","M","T","NM","M","?","E","?","R","BOSS","M","?","?","M","AVR","NM","R","T","M","?","E","?","?","R","BOSS","M","?","?","M","?","R","NM","?","T","?","?","?","AVR","E","R","BOSS","M","?","$","M","?","E","R","?","MIM","?","?","?","?","M","R","BOSS"],"items_purchased_type":["Card","Card","Relic","Relic","Relic","Relic","Relic","Relic","Relic","Relic","Relic","Relic","Relic","Relic","Relic","Relic","Relic","Relic","Relic","Relic","Relic","Relic","Relic","Relic","Potion","Potion","Relic","Relic","Relic","Relic","Relic","Relic","Relic","Relic","Relic","Relic","Relic","Relic","Relic","Relic","Relic","Relic","Relic","Relic","Relic","Relic","Relic","Relic","Relic","Relic","Relic","Relic","Relic","Relic","Relic","Relic","Relic","Relic","Relic","Relic","Relic","Relic","Relic","Relic","Relic","Relic","Relic"],"build_version":"2020-12-22","purchased_purges":0,"victory":false,"max_hp_per_floor":[77,85,85,85,85,85,85,94,94,94,94,104,116,138,138,161,161,186,212,240,240,270,270,270,301,301,333,367,345,380,380,380,417,417,457,457,457,500,500,544,544,544,590,640,691,691,691,691,748,748,806,806,806,866,869,869,930,930,930,992,1016,1122,1139,1270,1296,1448,1448,1612,1612,1612,1785,1785,1943,1943,1943,2106,2106,2245,2245,2245,2387,2387,2561,2561,2561,2561],"card_choices":[{"not_picked":["MokouMod:ControlledCombustion","MokouMod:IgnitionBarrier"],"picked":"MokouMod:UncontrollableSolarReaction","floor":1.0},{"not_picked":["MokouMod:RoaringFlare","MokouMod:SearingShot","MokouMod:Singe","MokouMod:BlazingComet"],"picked":"MokouMod:Combust","floor":2.0},{"not_picked":["MokouMod:BurningDraft","MokouMod:EnchantingBambooForest","MokouMod:GuidingSmoke","MokouMod:Overheat"],"picked":"MokouMod:Geothermal","floor":8.0},{"not_picked":["MokouMod:EternalBurstReactor","MokouMod:InfernalWave","MokouMod:Burn","MokouMod:ControlledCombustion"],"picked":"MokouMod:Afterburner","floor":12.0},{"not_picked":["MokouMod:IgneousBlow","MokouMod:Refresh","MokouMod:ResoluteFlare","MokouMod:Singe"],"picked":"MokouMod:ScorchedEarth","floor":13.0},{"not_picked":["MokouMod:TemporalFireSeal+1","MokouMod:IllusoryBattlefield+1","MokouMod:ThermalPressure+1","MokouMod:RetainTemperature+1"],"picked":"MokouMod:ScorchingColumn+1","floor":14.0},{"not_picked":["MokouMod:FlickeringFlame","MokouMod:Meltdown","MokouMod:IcarusDive","MokouMod:Rekindle"],"picked":"MokouMod:FujiyamaVolcano","floor":14.0},{"not_picked":["MokouMod:SacredFire","MokouMod:EnchantingBambooForest","MokouMod:Geothermal","MokouMod:Extinguish"],"picked":"MokouMod:ResonatingAura","floor":16.0},{"not_picked":["MokouMod:FujiyamaVolcano","MokouMod:DanceofFlames+1","MokouMod:InfernalWave+1","MokouMod:Firecracker+1"],"picked":"MokouMod:WarmUp+1","floor":18.0},{"not_picked":["MokouMod:IcarusDive","MokouMod:RisingSunBarrier","MokouMod:RoaringFlare","MokouMod:FujiyamaVolcano"],"picked":"MokouMod:BlazingComet","floor":19.0},{"not_picked":["MokouMod:GuidingSmoke","MokouMod:Afterburner","MokouMod:Refresh","MokouMod:DanceofFlames+1"],"picked":"MokouMod:ResoluteFlare","floor":20.0},{"not_picked":["MokouMod:FlamingFireTalons+1","MokouMod:RoaringFlare","MokouMod:AdaptivePyromancy","MokouMod:ThermalPressure"],"picked":"MokouMod:IllusoryBattlefield","floor":22.0},{"not_picked":["MokouMod:IgneousBlow","MokouMod:Overheat","MokouMod:Refresh","MokouMod:Wildfire"],"picked":"MokouMod:AdaptivePyromancy+1","floor":25.0},{"not_picked":["MokouMod:Burn+1","MokouMod:Overheat","MokouMod:Meltdown","MokouMod:AdaptivePyromancy+1"],"picked":"MokouMod:PhoenixForm","floor":27.0},{"not_picked":["MokouMod:Combust","MokouMod:TemporalFireSeal","MokouMod:FlickeringFlame","MokouMod:RetainTemperature"],"picked":"MokouMod:ShiftIgnition+1","floor":28.0},{"not_picked":["MokouMod:Firecracker","MokouMod:FlickeringFlame","MokouMod:PhoenixForm","MokouMod:Singe"],"picked":"MokouMod:InfernalWave","floor":28.0},{"not_picked":["MokouMod:EternalBurstReactor+1","MokouMod:ScorchedEarth","MokouMod:EnchantingBambooForest","MokouMod:PhoenixFeathers+1"],"picked":"MokouMod:RoaringFlare+1","floor":30.0},{"not_picked":["MokouMod:RadiantBlade","MokouMod:ExplosiveFlame","MokouMod:Rebirth","MokouMod:HouraiForge"],"picked":"MokouMod:Geothermal","floor":33.0},{"not_picked":["MokouMod:RoaringFlare+1","MokouMod:RisingSunBarrier+1","MokouMod:EternalBurstReactor","MokouMod:Afterburner+1"],"picked":"MokouMod:Refresh","floor":35.0},{"not_picked":["MokouMod:ResoluteFlare","MokouMod:EnchantingBambooForest","MokouMod:RoaringFlare","MokouMod:RisingSunBarrier+1"],"picked":"MokouMod:SearingShot+1","floor":35.0},{"not_picked":["MokouMod:FujiyamaVolcano+1","MokouMod:RoaringFlare+1","MokouMod:BlazingComet+1","MokouMod:TemporalFireSeal"],"picked":"MokouMod:SearingShot+1","floor":38.0},{"not_picked":["MokouMod:Sear+1","MokouMod:Afterburner+1","MokouMod:Wildfire","MokouMod:PhoenixFeathers+1"],"picked":"MokouMod:Overheat+1","floor":38.0},{"not_picked":["MokouMod:Extinguish","MokouMod:TemporalFireSeal+1","MokouMod:WarmUp","MokouMod:PhoenixFeathers"],"picked":"MokouMod:Overheat+1","floor":40.0},{"not_picked":["MokouMod:PhoenixFeathers+1","MokouMod:Afterburner+1","MokouMod:Ember+1","MokouMod:ThermalPressure"],"picked":"MokouMod:BlazingComet","floor":44.0},{"not_picked":["MokouMod:ImperishableFlame","MokouMod:ThermalPressure","MokouMod:ControlledCombustion+1","MokouMod:RoaringFlare"],"picked":"MokouMod:ResonanceReactor+1","floor":44.0},{"not_picked":["MokouMod:Afterburner+1","MokouMod:Sear","MokouMod:SubterraneanCore+1","MokouMod:HeartofFire+1"],"picked":"MokouMod:SacredFire","floor":45.0},{"not_picked":["MokouMod:TemporalFireSeal","MokouMod:Overheat+1","MokouMod:FlamingFireTalons+1","MokouMod:FusionFlare+1"],"picked":"MokouMod:IllusoryBattlefield+1","floor":45.0},{"not_picked":["MokouMod:TemporalFireSeal","MokouMod:FusionFlare","MokouMod:IcarusDive","MokouMod:HeatTransfer"],"picked":"MokouMod:WarmUp+1","floor":46.0},{"not_picked":["MokouMod:PhoenixForm","MokouMod:HouraiForge","MokouMod:ResonatingAura","MokouMod:RadiantBlade"],"picked":"MokouMod:SacredFire","floor":50.0},{"not_picked":["MokouMod:WarmUp","MokouMod:Sear","MokouMod:Trailblazer","MokouMod:IndiscriminateIgnition"],"picked":"MokouMod:Geothermal","floor":52.0},{"not_picked":["MokouMod:WarmUp","MokouMod:ShiftIgnition","MokouMod:Ember","MokouMod:Overheat"],"picked":"MokouMod:SearingShot","floor":52.0},{"not_picked":["MokouMod:FlickeringFlame","MokouMod:RoaringFlare","MokouMod:FlareStarter","MokouMod:Singe"],"picked":"MokouMod:FujiyamaVolcano","floor":53.0},{"not_picked":["MokouMod:Scorch","MokouMod:ShiftIgnition","MokouMod:FlareStarter","MokouMod:BurningHiddenBullet"],"picked":"MokouMod:FujiyamaVolcano","floor":53.0},{"not_picked":["MokouMod:IgnitionBarrier","MokouMod:Rekindle","MokouMod:SearingShot","MokouMod:FlareStarter"],"picked":"MokouMod:FujiyamaVolcano","floor":55.0},{"not_picked":["MokouMod:ControlledCombustion","MokouMod:AdaptivePyromancy","MokouMod:ShiftIgnition","MokouMod:ResoluteFlare"],"picked":"MokouMod:SearingShot","floor":55.0},{"not_picked":["infinitespire:Execution","infinitespire:SevenWalls"],"picked":"ReplayTheSpireMod:Book of Names","floor":58.0},{"not_picked":["MokouMod:HeatTransfer","MokouMod:HeatCyclone","MokouMod:Singe","MokouMod:DanceofFlames"],"picked":"MokouMod:Scorch","floor":58.0},{"not_picked":["MokouMod:EternalBurstReactor","MokouMod:UncontrollableSolarReaction","MokouMod:GuidingSmoke","MokouMod:AdaptivePyromancy"],"picked":"MokouMod:FusionFlare","floor":61.0},{"not_picked":["infinitespire:Menacing","infinitespire:Oblivion"],"picked":"infinitespire:Punishment","floor":62.0},{"not_picked":["MokouMod:TemporalFireSeal+1","MokouMod:RetainTemperature+1","MokouMod:RoaringFlare+1","MokouMod:AdaptivePyromancy+1","MokouMod:InfernalWave+1"],"picked":"MokouMod:Sear+1","floor":63.0},{"not_picked":["MokouMod:Firecracker+1","MokouMod:PhoenixFeathers+1","MokouMod:AdaptivePyromancy","MokouMod:Singe","MokouMod:EnchantingBambooForest"],"picked":"MokouMod:BurningDraft+1","floor":63.0},{"not_picked":["MokouMod:BlazingComet","MokouMod:AdaptivePyromancy","MokouMod:IndiscriminateIgnition+1","MokouMod:InfernalWave","MokouMod:CrimsonArmoury+1"],"picked":"MokouMod:BurningDraft+1","floor":63.0},{"not_picked":["MokouMod:IcarusDive","MokouMod:RoaringFlare","MokouMod:Stoke+1","MokouMod:Overheat+1","MokouMod:PhoenixFeathers+1"],"picked":"MokouMod:BlazingComet","floor":65.0},{"not_picked":["MokouMod:BlazingComet","MokouMod:ScorchingColumn","MokouMod:Singe","MokouMod:Scorch","MokouMod:Combust"],"picked":"MokouMod:HeatCyclone+1","floor":66.0},{"not_picked":["MokouMod:Rekindle+1","MokouMod:ResonatingAura","MokouMod:Ventilation+1","MokouMod:Rebirth","MokouMod:RadiantBlade"],"picked":"MokouMod:BurningHiddenBullet","floor":67.0},{"not_picked":["hubris:Rewind","ReplayTheSpireMod:Haul"],"picked":"infinitespire:FutureSight","floor":67.0},{"not_picked":["MokouMod:Firecracker+1","MokouMod:IgneousBlow","MokouMod:BurningDraft+1","MokouMod:Overheat+1","MokouMod:ControlledCombustion+1"],"picked":"MokouMod:InfernalWave","floor":69.0},{"not_picked":["MokouMod:Singe","MokouMod:WarmUp+1","MokouMod:IgneousBlow","MokouMod:Fireball","MokouMod:InfernalWave"],"picked":"MokouMod:GuidingSmoke","floor":69.0},{"not_picked":["MokouMod:HeatTransfer+1","MokouMod:TemporalFireSeal","MokouMod:FusionFlare","MokouMod:FlamingFireTalons+1","MokouMod:Overheat+1"],"picked":"MokouMod:SearingShot","floor":72.0},{"not_picked":["MokouMod:HeatTransfer+1","MokouMod:BurningDraft+1","MokouMod:EternalBurstReactor","MokouMod:FujiyamaVolcano+1","MokouMod:CrimsonFlare"],"picked":"MokouMod:SacredFire","floor":72.0},{"not_picked":["MokouMod:IgnitionBlast+1","MokouMod:FlareStarter+1","MokouMod:IcarusDive+1","MokouMod:TemporalFireSeal","MokouMod:HeatTransfer+1"],"picked":"MokouMod:ResonatingAura+1","floor":74.0},{"not_picked":["MokouMod:EternalBurstReactor","MokouMod:IgnitionBarrier+1","MokouMod:HeatCyclone+1","MokouMod:Singe","MokouMod:Stoke+1"],"picked":"MokouMod:UncontrollableSolarReaction","floor":77.0},{"not_picked":["MokouMod:BlazingComet","MokouMod:FujiyamaVolcano","MokouMod:EternalBurstReactor","MokouMod:BurningHiddenBullet","MokouMod:RoaringFlare","MokouMod:WarmUp+1"],"picked":"SKIP","floor":79.0},{"not_picked":["MokouMod:EternalBurstReactor","MokouMod:FlareStarter+1","MokouMod:FujiyamaVolcano+1","MokouMod:BlazingComet","MokouMod:CrimsonArmoury+1","MokouMod:ThermalPressure+1"],"picked":"SKIP","floor":79.0},{"not_picked":["MokouMod:AdaptivePyromancy","MokouMod:TemporalFireSeal","MokouMod:HeartofFire+1","MokouMod:HeatTransfer+1","MokouMod:WarmUp+1","MokouMod:EternalBurstReactor"],"picked":"SKIP","floor":82.0},{"not_picked":["MokouMod:IgneousBlow","MokouMod:FujiyamaVolcano","MokouMod:UncontrollableSolarReaction","MokouMod:ResoluteFlare","MokouMod:FusionFlare","MokouMod:ImperishableFlame+1"],"picked":"SKIP","floor":82.0},{"not_picked":["MokouMod:Extinguish+1","MokouMod:EnchantingBambooForest+1","MokouMod:PhoenixForm+1","MokouMod:BurningHiddenBullet","MokouMod:SacredFire"],"picked":"MokouMod:Rebirth+1","floor":84.0}],"player_experience":395882,"relics_obtained":[{"floor":1.0,"key":"SynthV:TestCard"},{"floor":8.0,"key":"Pen Nib"},{"floor":9.0,"key":"Kunai"},{"floor":15.0,"key":"ScarletDevilRocket"},{"floor":27.0,"key":"Prayer Wheel"},{"floor":30.0,"key":"PreservedInsect"},{"floor":31.0,"key":"Ring of Fury"},{"floor":40.0,"key":"hubris:Teleporter"},{"floor":40.0,"key":"Bag of Preparation"},{"floor":43.0,"key":"HollowMod:LifeEnderRelic"},{"floor":46.0,"key":"Blood Vial"},{"floor":46.0,"key":"Akabeko"},{"floor":54.0,"key":"ReplayTheSpireMod:TigerMarble"},{"floor":58.0,"key":"Gremlin Food"},{"floor":58.0,"key":"infinitespire:Lucky Rock"},{"floor":59.0,"key":"Mummified Hand"},{"floor":60.0,"key":"Omamori"},{"floor":61.0,"key":"Counterbalance"},{"floor":61.0,"key":"Mastiff:ReiMu"},{"floor":61.0,"key":"Oddly Smooth Stone"},{"floor":61.0,"key":"DaCapo"},{"floor":65.0,"key":"BionicSphere"},{"floor":65.0,"key":"Bottled Tornado"},{"floor":74.0,"key":"hubris:CrystalStatue"},{"floor":74.0,"key":"theSenshi:FeatherClipsRelic"},{"floor":75.0,"key":"Sundial"},{"floor":76.0,"key":"ReplayTheSpireMod:Shallot"},{"floor":77.0,"key":"Replay:WaspNest"},{"floor":77.0,"key":"Snack Pack"},{"floor":77.0,"key":"Onion Ring"},{"floor":77.0,"key":"Eternal Feather"},{"floor":81.0,"key":"infinitespire:CheckeredPen"},{"floor":83.0,"key":"InkBottle"}],"event_choices":[{"damage_healed":0.0,"max_hp_gain":0.0,"max_hp_loss":0.0,"gold_gain":0.0,"event_name":"Ghosts","player_choice":"Ignored","floor":70.0,"gold_loss":0.0,"damage_taken":0.0},{"damage_healed":0.0,"max_hp_gain":0.0,"max_hp_loss":0.0,"gold_gain":0.0,"event_name":"The Mausoleum","player_choice":"Opened","floor":73.0,"gold_loss":0.0,"damage_taken":0.0,"relics_obtained":["White Beast Statue"],"cards_obtained":["Writhe"]},{"damage_healed":0.0,"max_hp_gain":0.0,"max_hp_loss":0.0,"gold_gain":0.0,"event_name":"Upgrade Shrine","player_choice":"Upgraded","floor":78.0,"gold_loss":0.0,"damage_taken":0.0,"cards_upgraded":["MokouMod:Defend"]},{"damage_healed":0.0,"max_hp_gain":0.0,"max_hp_loss":0.0,"gold_gain":0.0,"event_name":"Cursed Tome","player_choice":"Stopped","floor":80.0,"gold_loss":0.0,"damage_taken":9.0}],"is_beta":false,"boss_relics":[{"not_picked":["EE1DDrone","construct:WeddingRing"],"picked":"hubris:Backtick"},{"not_picked":["FixedStarFall","Astrolabe"],"picked":"Black Star"},{"not_picked":["SynthV:MejaisSoulstealer","hubris:RunicObelisk"],"picked":"hubris:VirtuousBlindfold"},{"not_picked":["Cursed Key","hubris:GrandSneckoEye","Runic Pyramid"],"picked":"Replay:Bronze Core"},{"not_picked":["Ring of Chaos","Velvet Choker","Transparent"],"picked":"Philosopher\u0027s Stone"}],"items_purged_floors":[],"is_endless":true,"potions_floor_spawned":[8,13,14,18,20,25,27,28,30,38,46,50,52,55,63,74,77,79,82,84],"ascension_level":0}}