{"host":"s794kqxf2n1qz2yr","time":1610312570,"event":{"mods":["2.2 Compatiblity","AchievementEnabler","Aspiration","BaseMod","Downfall","Friendly Minions","Minty Spire (QoL Compilation)","Permanent Neow","StSLib","The Animator"],"gold_per_floor":[125,142,142,142,142,167,167,198,223,243,243,243,254,269,269,385,385,396,415,415,514,514,514,514],"floor_reached":23,"playtime":1758,"items_purged":[],"score":224,"play_id":"aef9bf1c-e5eb-40f6-bd51-b111a52cf65c","local_time":"20210110210250","is_ascension_mode":false,"campfire_choices":[{"floor":7,"key":"REST"},{"floor":11,"key":"REST"},{"data":"animator:Shuna","floor":15,"key":"SMITH"}],"circlet_count":0,"master_deck":["animator:Strike_TenSura","animator:Defend_TenSura","animator:Defend","animator:Defend","animator:Benimaru","animator:Shuna+1","animator:GazelDwargon+1","animator:Shuna","animator:NononJakuzure","animator:Rimuru","animator:Benimaru","Injury","animator:Elesis","animator:Wiz+1","animator:Archer+1","animator:Yoichi+1","animator:Shuna","animator:Raven+1"],"relics":["animator:LivingPicture","animator:TheMissingPiece","aspiration:HummingbirdHeart","Juzu Bracelet","Toy Ornithopter","Sundial","Bronze Scales","Frozen Egg 2","Astrolabe"],"acts_visited":["Exordium","TheCity"],"potions_floor_usage":[16,16],"damage_taken":[{"damage":0,"enemies":"Cultist","floor":1,"turns":4},{"damage":0,"enemies":"Small Slimes","floor":2,"turns":4},{"damage":39,"enemies":"Gremlin Nob","floor":6,"turns":6},{"damage":2,"enemies":"Lagavulin","floor":8,"turns":11},{"damage":2,"enemies":"2 Louse","floor":10,"turns":2},{"damage":6,"enemies":"Lots of Slimes","floor":13,"turns":4},{"damage":4,"enemies":"Exordium Thugs","floor":14,"turns":5},{"damage":25,"enemies":"Slime Boss","floor":16,"turns":13},{"damage":18,"enemies":"Shell Parasite","floor":18,"turns":5},{"damage":8,"enemies":"Chosen","floor":19,"turns":5},{"damage":4,"enemies":"Slavers","floor":23,"turns":3}],"seed_played":"8919286523239327060","potions_obtained":[{"floor":6,"key":"Slimebound:ThreeZeroPotion"},{"floor":8,"key":"Block Potion"},{"floor":13,"key":"Swift Potion"},{"floor":18,"key":"SteroidPotion"},{"floor":19,"key":"LiquidMemories"}],"is_trial":false,"path_per_floor":["M","M","?","?","?","E","R","E","T","M","R","?","M","M","R","B",null,"M","M","?","?","?","E"],"character_chosen":"THE_ANIMATOR","items_purchased":[],"campfire_rested":2,"item_purchase_floors":[],"current_hp_per_floor":[66,66,66,63,63,25,45,43,43,41,61,61,55,51,51,39,67,49,41,41,41,41,37,37],"gold":514,"neow_bonus":"REMOVE_CARD","is_daily":false,"chose_seed":false,"campfire_upgraded":1,"win_rate":0.0,"timestamp":1610312570,"path_taken":["M","M","?","?","?","E","R","E","T","M","R","?","M","M","R","BOSS","M","M","?","?","?","E"],"items_purchased_type":[],"build_version":"2020-12-22","purchased_purges":0,"victory":false,"max_hp_per_floor":[66,66,66,66,66,67,67,67,67,67,67,67,67,67,67,67,67,67,67,67,67,67,67,67],"card_choices":[{"not_picked":["animator:Shinoa","animator:Souei"],"picked":"animator:GazelDwargon","floor":1},{"not_picked":["animator:Darkness","animator:Shion"],"picked":"animator:Shuna","floor":2},{"not_picked":["animator:Hakurou","animator:IrohaTamaki"],"picked":"animator:Rimuru","floor":6},{"not_picked":["animator:GazelDwargon","animator:Kaijin"],"picked":"animator:Benimaru","floor":8},{"not_picked":["animator:HiiragiShinya","animator:Aisha","animator:IrohaTamaki"],"picked":"SKIP","floor":10},{"not_picked":["animator:Lu","animator:Mitsuba","animator:DolaSchwi"],"picked":"SKIP","floor":13},{"not_picked":["animator:Tet","animator:Yoichi","animator:YachiyoNanami+1"],"picked":"SKIP","floor":14},{"not_picked":["animator:FeridBathory+1","animator:Hans+1"],"picked":"animator:Elesis","floor":16},{"not_picked":["animator:Shion","animator:Hakurou"],"picked":"animator:Shuna","floor":18},{"not_picked":["animator:Yuuichirou","animator:IrohaTamaki+1"],"picked":"animator:Raven+1","floor":19}],"player_experience":300410,"relics_obtained":[{"floor":6,"key":"Toy Ornithopter"},{"floor":8,"key":"Sundial"},{"floor":9,"key":"Bronze Scales"}],"event_choices":[{"damage_healed":0,"gold_gain":0,"player_choice":"Box","damage_taken":0,"relics_obtained":["aspiration:HummingbirdHeart"],"max_hp_gain":0,"max_hp_loss":0,"event_name":"Big Fish","floor":3,"gold_loss":0,"cards_obtained":["Regret"]},{"damage_healed":0,"gold_gain":0,"player_choice":"Success","damage_taken":3,"relics_obtained":["Juzu Bracelet"],"max_hp_gain":0,"max_hp_loss":0,"event_name":"Scrap Ooze","floor":4,"gold_loss":0},{"damage_healed":0,"gold_gain":0,"player_choice":"1 cards matched","damage_taken":0,"max_hp_gain":0,"max_hp_loss":0,"event_name":"Match and Keep!","floor":5,"gold_loss":0,"cards_obtained":["animator:NononJakuzure"]},{"damage_healed":0,"gold_gain":0,"player_choice":"Forge","damage_taken":0,"max_hp_gain":0,"max_hp_loss":0,"event_name":"Accursed Blacksmith","floor":20,"gold_loss":0,"cards_upgraded":["animator:GazelDwargon"]},{"damage_healed":0,"gold_gain":99,"player_choice":"Stole From Cult","damage_taken":0,"max_hp_gain":0,"max_hp_loss":0,"event_name":"Nest","floor":21,"gold_loss":0},{"cards_removed":["Regret"],"damage_healed":0,"gold_gain":0,"player_choice":"Elegance","damage_taken":0,"max_hp_gain":0,"max_hp_loss":0,"event_name":"Back to Basics","floor":22,"gold_loss":0}],"is_beta":false,"boss_relics":[{"not_picked":["Cursed Key","Coffee Dripper"],"picked":"Astrolabe"}],"items_purged_floors":[],"is_endless":false,"potions_floor_spawned":[6,8,13,18,19],"killed_by":"Slavers","ascension_level":0}}