{"host":"cv77zuuuekizn3ic","time":1610268666,"event":{"mods":["AchievementEnabler","BaseMod","Marisa£®ÏF”Í°°ƒß¿Ì…≥£©","Minty Spire (QoL Compilation)","StSLib","Waifu the Spire","everything is the same but u backflip on backflip","slay the spire mod where everything is the same but ironclad has a cowboy hat"],"gold_per_floor":[117,13,33,33,33,33,65,65,65,77,77,104,104,144,144,228,228,249,281,299,224,235,274,295,30,30,69,97,121,121,161,161,242,251,270,304,304,90,312,312,355,375,375,414,423,423,423],"floor_reached":46,"playtime":1933,"items_purged":["Strike_R","Defend_R"],"score":1304,"play_id":"58ecf554-fccf-4734-ae0c-fb411a56e57c","local_time":"20210110165106","is_ascension_mode":true,"campfire_choices":[{"data":"Havoc","floor":6.0,"key":"SMITH"},{"data":"Dark Embrace","floor":8.0,"key":"SMITH"},{"floor":13.0,"key":"REST"},{"data":"Bash","floor":15.0,"key":"SMITH"},{"data":"Offering","floor":32.0,"key":"SMITH"},{"data":"Havoc","floor":40,"key":"SMITH"}],"circlet_count":0,"master_deck":["AscendersBane","Strike_R+1","Strike_R+1","Defend_R","Defend_R","Bash+1","Cleave","Havoc+1","Sword Boomerang","Dark Embrace+1","Pommel Strike+1","Pommel Strike+1","Bludgeon+1","Havoc+1","Shockwave","Rampage+1","Seeing Red","Flame Barrier","Offering+1","Intimidate","Barricade","CurseOfTheBell","Shockwave","Body Slam+1","Rupture+1","Pommel Strike+1","Dark Embrace","Enlightenment"],"relics":["SlaversCollar","Regal Pillow","Molten Egg 2","CeramicFish","Meat on the Bone","Coffee Dripper","Red Mask","Bag of Marbles","TheAbacus","Pantograph","Lantern","White Beast Statue","Darkstone Periapt","Calling Bell","Blood Vial","Singing Bowl","Calipers","Incense Burner","Medical Kit","Eternal Feather","Shuriken"],"acts_visited":["Exordium","TheCity","TheBeyond"],"potions_floor_usage":[44,46],"damage_taken":[{"damage":3.0,"enemies":"2 Louse","floor":1.0,"turns":4.0},{"damage":7.0,"enemies":"Jaw Worm","floor":3.0,"turns":3.0},{"damage":15.0,"enemies":"Lagavulin","floor":7.0,"turns":6.0},{"damage":0.0,"enemies":"Cultist","floor":10.0,"turns":3.0},{"damage":6.0,"enemies":"Gremlin Nob","floor":12.0,"turns":3.0},{"damage":15.0,"enemies":"Lagavulin","floor":14.0,"turns":6.0},{"damage":0.0,"enemies":"Slime Boss","floor":16.0,"turns":4.0},{"damage":6.0,"enemies":"Spheric Guardian","floor":18.0,"turns":3.0},{"damage":9.0,"enemies":"Masked Bandits","floor":19.0,"turns":3.0},{"damage":16.0,"enemies":"3 Byrds","floor":20.0,"turns":4.0},{"damage":12.0,"enemies":"3 Cultists","floor":22.0,"turns":3.0},{"damage":0.0,"enemies":"Gremlin Leader","floor":23.0,"turns":3.0},{"damage":15.0,"enemies":"Centurion and Healer","floor":24.0,"turns":4.0},{"damage":22.0,"enemies":"Slavers","floor":27.0,"turns":3.0},{"damage":0.0,"enemies":"Shelled Parasite and Fungi","floor":28.0,"turns":2.0},{"damage":0.0,"enemies":"Snake Plant","floor":29.0,"turns":2.0},{"damage":6.0,"enemies":"Gremlin Leader","floor":31.0,"turns":2.0},{"damage":41.0,"enemies":"Collector","floor":33.0,"turns":4.0},{"damage":34,"enemies":"3 Shapes","floor":35,"turns":4},{"damage":10,"enemies":"Mind Bloom Boss Battle","floor":36,"turns":5},{"damage":16,"enemies":"Giant Head","floor":41,"turns":5},{"damage":6,"enemies":"3 Darklings","floor":42,"turns":4},{"damage":56,"enemies":"Reptomancer","floor":44,"turns":5},{"damage":25,"enemies":"Spire Growth","floor":46,"turns":3}],"seed_played":"7010550179802258662","potions_obtained":[{"floor":3.0,"key":"Ancient Potion"},{"floor":10.0,"key":"DuplicationPotion"},{"floor":20.0,"key":"GamblersBrew"},{"floor":31.0,"key":"Ancient Potion"},{"floor":33.0,"key":"Strength Potion"},{"floor":35,"key":"Fire Potion"},{"floor":42,"key":"BloodPotion"},{"floor":44,"key":"FearPotion"}],"is_trial":false,"path_per_floor":["M","$","M","?","?","R","E","R","T","M","?","E","R","E","R","B",null,"M","?","M","?","M","E","M","$","T","E","M","M","T","E","R","B",null,"M","?","?","$","?","R","E","M","T","E","?","M"],"character_chosen":"IRONCLAD","items_purchased":["Havoc","TheAbacus","Medical Kit","Body Slam+1"],"campfire_rested":1,"item_purchase_floors":[2,25,38,38],"current_hp_per_floor":[65,65,58,51,28,28,13,13,13,13,13,7,44,29,29,41,67,61,52,48,48,48,48,45,45,45,35,47,47,47,41,41,37,72,54,71,71,71,71,71,57,53,53,27,21,0,0],"gold":423,"neow_bonus":"BOSS_RELIC","is_daily":false,"chose_seed":false,"campfire_upgraded":5,"win_rate":0.0,"timestamp":1610268666,"path_taken":["M","$","M","?","?","R","E","R","T","M","?","E","R","E","R","BOSS","M","?","M","?","?","E","M","$","T","E","M","M","?","E","R","BOSS","M","?","?","$","?","R","E","M","T","E","?","M"],"items_purchased_type":["Card","Relic","Relic","Card"],"build_version":"2020-12-22","purchased_purges":2,"victory":false,"max_hp_per_floor":[75,75,75,75,75,75,75,75,75,75,75,75,75,75,75,75,75,75,75,75,75,75,75,75,75,75,75,75,75,75,75,75,75,81,83,83,83,83,83,83,83,83,83,83,87,87,87],"card_choices":[{"not_picked":["Rupture","Heavy Blade"],"picked":"Cleave","floor":1.0},{"not_picked":["Perfected Strike","Shrug It Off"],"picked":"Sword Boomerang","floor":3.0},{"not_picked":["Cleave","Pommel Strike"],"picked":"Dark Embrace","floor":7.0},{"not_picked":["Warcry","Sentinel"],"picked":"Pommel Strike+1","floor":10.0},{"not_picked":["Dark Embrace","Infernal Blade","Burning Pact"],"picked":"SKIP","floor":12.0},{"not_picked":["Thunderclap+1","Reckless Charge+1"],"picked":"Pommel Strike+1","floor":14.0},{"not_picked":["Limit Break","Reaper+1"],"picked":"Bludgeon+1","floor":16.0},{"not_picked":["Flame Barrier","Battle Trance"],"picked":"Havoc","floor":18.0},{"not_picked":["Clash+1","Sword Boomerang+1","Headbutt+1"],"picked":"SKIP","floor":20.0},{"not_picked":["Twin Strike+1","Clash+1","Ghostly Armor+1"],"picked":"SKIP","floor":22.0},{"not_picked":["Seeing Red","Warcry"],"picked":"Shockwave","floor":23.0},{"not_picked":["Headbutt+1","Perfected Strike+1"],"picked":"Rampage+1","floor":24.0},{"not_picked":["Fiend Fire+1","Clash+1"],"picked":"Seeing Red","floor":27.0},{"not_picked":["Armaments","Burning Pact"],"picked":"Flame Barrier","floor":28.0},{"not_picked":["Clothesline+1","Anger+1"],"picked":"Offering","floor":29.0},{"not_picked":["Body Slam+1","Second Wind"],"picked":"Intimidate","floor":31.0},{"not_picked":["Impervious","Berserk"],"picked":"Barricade","floor":33.0},{"not_picked":["Sever Soul+1","Shockwave+1","Armaments"],"picked":"Singing Bowl","floor":35},{"not_picked":["Intimidate","Infernal Blade"],"picked":"Shockwave","floor":36},{"not_picked":["Pummel+1","True Grit+1"],"picked":"Rupture+1","floor":41},{"not_picked":["Sword Boomerang+1","Shockwave+1"],"picked":"Pommel Strike+1","floor":42},{"not_picked":["Immolate+1","Inflame"],"picked":"Dark Embrace","floor":44},{"not_picked":["Impatience","Jack Of All Trades","Blind"],"picked":"Singing Bowl","floor":45},{"not_picked":["Finesse","HandOfGreed+1","Master of Strategy"],"picked":"Singing Bowl","floor":45},{"not_picked":["Blind","Panacea"],"picked":"Enlightenment","floor":45}],"player_experience":826409,"relics_obtained":[{"floor":7.0,"key":"Regal Pillow"},{"floor":9.0,"key":"Molten Egg 2"},{"floor":12.0,"key":"CeramicFish"},{"floor":14.0,"key":"Meat on the Bone"},{"floor":19.0,"key":"Red Mask"},{"floor":23.0,"key":"Bag of Marbles"},{"floor":26.0,"key":"Pantograph"},{"floor":27.0,"key":"Lantern"},{"floor":30.0,"key":"White Beast Statue"},{"floor":31.0,"key":"Darkstone Periapt"},{"floor":34,"key":"Blood Vial"},{"floor":34,"key":"Singing Bowl"},{"floor":34,"key":"Calipers"},{"floor":36,"key":"Incense Burner"},{"floor":41,"key":"Eternal Feather"},{"floor":44,"key":"Shuriken"}],"event_choices":[{"cards_removed":["Strike_R"],"damage_healed":0.0,"max_hp_gain":0.0,"max_hp_loss":0.0,"gold_gain":0.0,"event_name":"Golden Wing","player_choice":"Card Removal","floor":4.0,"gold_loss":0.0,"damage_taken":7.0},{"damage_healed":0.0,"max_hp_gain":0.0,"max_hp_loss":0.0,"gold_gain":0.0,"event_name":"Shining Light","player_choice":"Entered Light","floor":5.0,"gold_loss":0.0,"damage_taken":23.0,"cards_upgraded":["Strike_R","Strike_R"]},{"damage_healed":0.0,"max_hp_gain":0.0,"max_hp_loss":0.0,"gold_gain":0.0,"event_name":"Liars Game","player_choice":"Ignored","floor":11.0,"gold_loss":0.0,"damage_taken":0.0},{"damage_healed":0.0,"max_hp_gain":0.0,"max_hp_loss":0.0,"gold_gain":0.0,"event_name":"Masked Bandits","player_choice":"Fought Bandits","floor":19.0,"gold_loss":0.0,"damage_taken":0.0},{"cards_removed":["Strike_R"],"damage_healed":0.0,"max_hp_gain":0.0,"max_hp_loss":0.0,"gold_gain":0.0,"event_name":"Beggar","player_choice":"Gave Gold","floor":21.0,"gold_loss":75.0,"damage_taken":0.0},{"damage_healed":0,"gold_gain":0,"player_choice":"Fight","damage_taken":0,"max_hp_gain":0,"max_hp_loss":0,"event_name":"MindBloom","floor":36,"gold_loss":0},{"cards_removed":["Defend_R"],"damage_healed":0,"gold_gain":0,"player_choice":"Removed Skill","damage_taken":0,"max_hp_gain":0,"max_hp_loss":0,"event_name":"Falling","floor":37,"gold_loss":0},{"damage_healed":0,"gold_gain":222,"player_choice":"Wore Mask","damage_taken":0,"max_hp_gain":0,"max_hp_loss":0,"event_name":"Tomb of Lord Red Mask","floor":39,"gold_loss":0},{"damage_healed":0,"gold_gain":0,"player_choice":"Memory 3","damage_taken":10,"max_hp_gain":0,"max_hp_loss":0,"event_name":"SensoryStone","floor":45,"gold_loss":0}],"is_beta":false,"boss_relics":[{"not_picked":["Cursed Key","Busted Crown"],"picked":"Coffee Dripper"},{"not_picked":["Runic Cube","Fusion Hammer"],"picked":"Calling Bell"}],"items_purged_floors":[2,25],"is_endless":false,"potions_floor_spawned":[3,10,20,24,27,31,33,35,36,41,42,44],"killed_by":"Spire Growth","ascension_level":20}}