{"host":"52m1o8iwwagurbjs","time":1610245613,"event":{"mods":["AchievementEnabler","BaseMod","Bestiary","Colored Powertips","GifTheSpireLib","Minty Spire (QoL Compilation)","Quick Restart","RNG Fix","Relic Stats","StSLib"],"gold_per_floor":[109,259,259,52,52,52,87,99,111,139,170,182,228,260,272,380,392,425,352,377,389,351,351,351,351,351,351,351,351],"floor_reached":28,"playtime":804,"items_purged":["Doubt","Strike_G"],"score":494,"play_id":"748abe6f-da84-4764-ba14-4220f9c56531","local_time":"20210109212653","is_ascension_mode":true,"campfire_choices":[{"data":"Phantasmal Killer","floor":6,"key":"SMITH"},{"data":"Noxious Fumes","floor":8,"key":"SMITH"},{"data":"Bouncing Flask","floor":15,"key":"SMITH"},{"floor":23,"key":"REST"},{"data":"Storm of Steel","floor":27,"key":"SMITH"}],"circlet_count":0,"master_deck":["AscendersBane","Strike_G","Strike_G","Strike_G","Strike_G","Defend_G","Defend_G","Defend_G","Defend_G","Defend_G","Survivor","Neutralize","Flying Knee","Slice","Phantasmal Killer+1","Noxious Fumes+1","Deadly Poison","Dodge and Roll","All Out Attack","Bouncing Flask+1","Storm of Steel+1","Calculated Gamble","Ghostly+1","Ghostly","Ghostly","Writhe"],"relics":["Ring of the Snake","NeowsBlessing","Golden Idol","MawBank","Kunai","Pear","Runic Pyramid","Smiling Mask","Tough Bandages","Mercury Hourglass"],"acts_visited":["Exordium","TheCity"],"potions_floor_usage":[13,16,16],"damage_taken":[{"damage":0,"enemies":"Cultist","floor":1,"turns":1},{"damage":0,"enemies":"Lagavulin","floor":7,"turns":1},{"damage":0,"enemies":"Jaw Worm","floor":10,"turns":1},{"damage":2,"enemies":"2 Louse","floor":11,"turns":3},{"damage":19,"enemies":"3 Sentries","floor":13,"turns":7},{"damage":3,"enemies":"Red Slaver","floor":14,"turns":4},{"damage":18,"enemies":"Hexaghost","floor":16,"turns":8},{"damage":31,"enemies":"Spheric Guardian","floor":18,"turns":6},{"damage":26,"enemies":"Shell Parasite","floor":20,"turns":6},{"damage":23,"enemies":"Gremlin Leader","floor":28,"turns":2}],"seed_played":"5592907190538438136","potions_obtained":[{"floor":7,"key":"BlessingOfTheForge"},{"floor":10,"key":"BlessingOfTheForge"},{"floor":11,"key":"SpeedPotion"},{"floor":13,"key":"EssenceOfSteel"},{"floor":18,"key":"CultistPotion"}],"is_trial":false,"path_per_floor":["M","?","?","$","?","R","E","R","T","M","M","$","E","M","R","B",null,"M","?","M","?","$","R","?","?","T","R","E"],"character_chosen":"THE_SILENT","items_purchased":["Slice","Phantasmal Killer"],"campfire_rested":1,"item_purchase_floors":[4,4],"current_hp_per_floor":[59,59,64,64,64,64,64,64,64,64,62,62,53,50,50,32,64,33,33,7,7,7,18,18,18,18,18,0,0],"gold":351,"neow_bonus":"THREE_ENEMY_KILL","is_daily":false,"chose_seed":false,"campfire_upgraded":4,"win_rate":0.0,"timestamp":1610245613,"path_taken":["M","?","?","$","?","R","E","R","T","M","?","?","E","M","R","BOSS","M","?","M","?","$","R","?","?","T","R","E"],"items_purchased_type":["Card","Card"],"build_version":"2020-12-22","purchased_purges":2,"victory":false,"max_hp_per_floor":[66,66,71,71,64,64,64,64,64,64,64,64,74,74,74,74,74,74,74,74,37,37,37,37,37,37,37,37,37],"relic_stats":{"Tough Bandages":[0],"counters":[10,39],"Golden Idol":51,"Kunai":[11],"MawBank":180,"Smiling Mask":50,"obtain_stats":[{"Tough Bandages":24,"Pear":13,"NeowsBlessing":0,"Golden Idol":5,"Kunai":9,"MawBank":7,"Smiling Mask":19,"Ring of the Snake":0,"Runic Pyramid":17,"Mercury Hourglass":26},{"Tough Bandages":9,"Pear":5,"NeowsBlessing":0,"Golden Idol":1,"Kunai":2,"MawBank":2,"Smiling Mask":8,"Ring of the Snake":0,"Runic Pyramid":7,"Mercury Hourglass":9},{"Tough Bandages":37,"Pear":13,"NeowsBlessing":0,"Golden Idol":1,"Kunai":2,"MawBank":2,"Smiling Mask":31,"Ring of the Snake":0,"Runic Pyramid":25,"Mercury Hourglass":37}],"Ring of the Snake":[20],"Mercury Hourglass":[12]},"card_choices":[{"not_picked":["Infinite Blades","Concentrate"],"picked":"Flying Knee","floor":1},{"not_picked":["Poisoned Stab","Backstab"],"picked":"Noxious Fumes","floor":7},{"not_picked":["Infinite Blades","Blade Dance"],"picked":"Deadly Poison","floor":10},{"not_picked":["Choke","Accuracy"],"picked":"Dodge and Roll","floor":11},{"not_picked":["Accuracy","Outmaneuver"],"picked":"All Out Attack","floor":13},{"not_picked":["Deflect","Reflex"],"picked":"Bouncing Flask","floor":14},{"not_picked":["A Thousand Cuts","Phantasmal Killer"],"picked":"Storm of Steel","floor":16},{"not_picked":["Blade Dance","Bouncing Flask","Sucker Punch"],"picked":"SKIP","floor":18},{"not_picked":["Flying Knee+1","Sucker Punch"],"picked":"Calculated Gamble","floor":20}],"player_experience":1105960,"relics_obtained":[{"floor":7,"key":"MawBank"},{"floor":9,"key":"Kunai"},{"floor":13,"key":"Pear"},{"floor":26,"key":"Mercury Hourglass"}],"event_choices":[{"damage_healed":0,"gold_gain":150,"player_choice":"AGREE","damage_taken":0,"max_hp_gain":0,"max_hp_loss":0,"event_name":"Liars Game","floor":2,"gold_loss":0,"cards_obtained":["Doubt"]},{"damage_healed":0,"gold_gain":0,"player_choice":"Donut","damage_taken":0,"max_hp_gain":5,"max_hp_loss":0,"event_name":"Big Fish","floor":3,"gold_loss":0},{"damage_healed":0,"gold_gain":0,"player_choice":"Lose Max HP","damage_taken":0,"relics_obtained":["Golden Idol"],"max_hp_gain":0,"max_hp_loss":7,"event_name":"Golden Idol","floor":5,"gold_loss":0},{"damage_healed":0,"gold_gain":0,"player_choice":"Obtained Relic","damage_taken":0,"relics_obtained":["Smiling Mask"],"max_hp_gain":0,"max_hp_loss":0,"event_name":"Addict","floor":19,"gold_loss":85},{"damage_healed":0,"gold_gain":0,"player_choice":"Became a Ghost","damage_taken":0,"max_hp_gain":0,"max_hp_loss":37,"event_name":"Ghosts","floor":21,"gold_loss":0,"cards_obtained":["Ghostly","Ghostly","Ghostly"]},{"damage_healed":0,"gold_gain":0,"player_choice":"Opened","damage_taken":0,"relics_obtained":["Tough Bandages"],"max_hp_gain":0,"max_hp_loss":0,"event_name":"The Mausoleum","floor":24,"gold_loss":0,"cards_obtained":["Writhe"]},{"damage_healed":0,"gold_gain":0,"player_choice":"Forge","damage_taken":0,"max_hp_gain":0,"max_hp_loss":0,"event_name":"Accursed Blacksmith","floor":25,"gold_loss":0,"cards_upgraded":["Ghostly"]}],"is_beta":false,"boss_relics":[{"not_picked":["HoveringKite","Astrolabe"],"picked":"Runic Pyramid"}],"items_purged_floors":[4,22],"is_endless":false,"potions_floor_spawned":[7,10,11,13,18],"killed_by":"Gremlin Leader","ascension_level":20}}