{"host":"zxkjcgzis4pm3za5","time":1610253177,"event":{"mods":["AchievementEnabler","Act Like it!","BaseMod","Colored Map","Colored Powertips","Friendly Minions","GifTheSpireLib","Minty Spire (QoL Compilation)","Quick Restart","RNG Fix","Random Character Button","Relic Sorter","Relic Stats","StSLib"],"gold_per_floor":[109,284,35,35,54,54,81,81,81,81,91,107,107,134,134,208,208,228,241,261,273,287,320,320,220,268,288,307,342,342,361,361,438,438,449,449,176,195,207,236,236,236,236,236,262,11,11,43,43,43,43,43,20,51,51],"floor_reached":56,"playtime":2277,"items_purged":["Doubt","Strike_B","Strike_B","Strike_B"],"score":2025,"play_id":"568272fb-ae78-46c1-987c-d2dfb117dbf5","local_time":"20210110100257","is_ascension_mode":true,"campfire_choices":[{"data":"Crippling Poison","floor":6.0,"key":"SMITH"},{"data":"Malaise","floor":8.0,"key":"SMITH"},{"data":"Genetic Algorithm","floor":10.0,"key":"SMITH"},{"data":"Go for the Eyes","floor":15.0,"key":"SMITH"},{"data":"Demon Form","floor":24.0,"key":"SMITH"},{"data":"Self Repair","floor":30.0,"key":"SMITH"},{"data":"Master of Strategy","floor":32.0,"key":"SMITH"},{"floor":42.0,"key":"RECALL"},{"data":"Ragnarok","floor":44.0,"key":"SMITH"},{"floor":49.0,"key":"REST"},{"data":"SashWhip","floor":52.0,"key":"SMITH"}],"circlet_count":0,"master_deck":["AscendersBane","Strike_B+1","Defend_B","Defend_B","Defend_B+1","Defend_B","Zap","Dualcast","Genetic Algorithm+1","Go for the Eyes+1","Crippling Poison+1","Malaise+1","Caltrops+1","Self Repair+1","Thunderclap","Demon Form+1","Sucker Punch+1","Glacier","Shrug It Off+1","BowlingBash","Master of Strategy+1","SashWhip+1","Evaluate+1","Perseverance+1","Ragnarok+1","Blur+1","Ball Lightning"],"relics":["Cracked Core","NeowsBlessing","PrismaticShard","Centennial Puzzle","Lizard Tail","Toy Ornithopter","Velvet Choker","Matryoshka","Blood Vial","Toxic Egg 2","Busted Crown","ClockworkSouvenir","Akabeko","Happy Flower","Singing Bowl","Anchor","HornCleat","Art of War"],"acts_visited":["Exordium","TheCity","TheBeyond","TheEnding"],"potions_floor_usage":[55],"damage_taken":[{"damage":0.0,"enemies":"Jaw Worm","floor":1.0,"turns":1.0},{"damage":0.0,"enemies":"2 Louse","floor":5.0,"turns":1.0},{"damage":0.0,"enemies":"3 Sentries","floor":7.0,"turns":1.0},{"damage":0.0,"enemies":"Small Slimes","floor":11.0,"turns":3.0},{"damage":10.0,"enemies":"2 Fungi Beasts","floor":12.0,"turns":3.0},{"damage":11.0,"enemies":"Lagavulin","floor":14.0,"turns":8.0},{"damage":26.0,"enemies":"The Guardian","floor":16.0,"turns":14.0},{"damage":9.0,"enemies":"Shell Parasite","floor":18.0,"turns":6.0},{"damage":6.0,"enemies":"Chosen","floor":19.0,"turns":5.0},{"damage":20.0,"enemies":"Snake Plant","floor":20.0,"turns":5.0},{"damage":2.0,"enemies":"Snecko","floor":21.0,"turns":6.0},{"damage":22.0,"enemies":"3 Cultists","floor":22.0,"turns":6.0},{"damage":5.0,"enemies":"Gremlin Leader","floor":23.0,"turns":7.0},{"damage":3.0,"enemies":"Snake Plant","floor":27.0,"turns":5.0},{"damage":6.0,"enemies":"Shelled Parasite and Fungi","floor":28.0,"turns":5.0},{"damage":28.0,"enemies":"Slavers","floor":29.0,"turns":5.0},{"damage":11.0,"enemies":"Centurion and Healer","floor":31.0,"turns":8.0},{"damage":49.0,"enemies":"Collector","floor":33.0,"turns":11.0},{"damage":10.0,"enemies":"3 Darklings","floor":35.0,"turns":4.0},{"damage":1.0,"enemies":"Orb Walker","floor":38.0,"turns":4.0},{"damage":0.0,"enemies":"Spire Growth","floor":39.0,"turns":7.0},{"damage":35.0,"enemies":"Nemesis","floor":40.0,"turns":11.0},{"damage":49.0,"enemies":"Reptomancer","floor":45.0,"turns":9.0},{"damage":10.0,"enemies":"Giant Head","floor":48.0,"turns":7.0},{"damage":33.0,"enemies":"Donu and Deca","floor":50.0,"turns":10.0},{"damage":18.0,"enemies":"Shield and Spear","floor":54.0,"turns":8.0},{"damage":52,"enemies":"The Heart","floor":55,"turns":11}],"seed_played":"-3923560766808266458","potions_obtained":[{"floor":1.0,"key":"DuplicationPotion"},{"floor":5.0,"key":"SkillPotion"},{"floor":14.0,"key":"Weak Potion"},{"floor":19.0,"key":"ColorlessPotion"},{"floor":21.0,"key":"Fire Potion"},{"floor":23.0,"key":"Regen Potion"},{"floor":28.0,"key":"LiquidMemories"},{"floor":35.0,"key":"PowerPotion"},{"floor":39.0,"key":"FearPotion"},{"floor":48.0,"key":"SneckoOil"}],"is_trial":false,"path_per_floor":["M","?","$","?","M","R","E","R","T","R","M","M","?","E","R","B",null,"M","M","M","M","M","E","R","$","T","M","M","E","R","M","R","B",null,"M","?","$","M","M","E","?","R","T","R","E","$","?","E","R","B",null,"R","$","E","B",null],"character_chosen":"DEFECT","items_purchased":["Go for the Eyes","PrismaticShard","ClockworkSouvenir","Block Potion","SteroidPotion","Ball Lightning"],"campfire_rested":1,"item_purchase_floors":[3,3,37,46,46,53],"current_hp_per_floor":[68,68,68,53,53,53,53,53,53,53,53,43,43,39,39,20,61,64,65,57,62,52,59,59,59,59,65,68,54,54,75,75,36,65,67,67,67,75,75,55,55,55,55,55,23,23,23,32,55,39,68,68,68,64,29],"gold":51,"neow_bonus":"THREE_ENEMY_KILL","is_daily":false,"chose_seed":false,"campfire_upgraded":9,"win_rate":0.0,"timestamp":1610253177,"path_taken":["M","?","$","?","M","R","E","R","T","R","M","M","?","E","R","BOSS","M","M","M","M","M","E","R","$","T","M","M","E","R","?","R","BOSS","M","?","$","M","M","E","?","R","T","R","E","$","?","E","R","BOSS","R","$","E","BOSS"],"items_purchased_type":["Card","Relic","Relic","Potion","Potion","Card"],"build_version":"2020-12-22","purchased_purges":4,"victory":true,"max_hp_per_floor":[75,75,75,75,75,75,75,75,75,75,75,75,75,75,75,75,75,75,75,75,75,75,75,75,75,75,75,75,75,75,75,75,75,75,75,75,75,75,75,75,75,75,75,75,75,75,75,77,77,77,77,77,77,79,79],"relic_stats":{"Blood Vial":22,"Centennial Puzzle":[66],"Lizard Tail":0,"Busted Crown":14,"Happy Flower":[15],"Singing Bowl":4,"counters":[27,171],"Art of War":[3],"obtain_stats":[{"NeowsBlessing":0,"Happy Flower":43,"Singing Bowl":43,"Velvet Choker":17,"PrismaticShard":3,"Akabeko":40,"ClockworkSouvenir":37,"Blood Vial":26,"Centennial Puzzle":7,"Lizard Tail":9,"Anchor":45,"Matryoshka":23,"Busted Crown":34,"HornCleat":48,"Art of War":54,"Toxic Egg 2":29,"Cracked Core":0,"Toy Ornithopter":14},{"NeowsBlessing":0,"Happy Flower":22,"Singing Bowl":22,"Velvet Choker":7,"PrismaticShard":1,"Akabeko":22,"ClockworkSouvenir":19,"Blood Vial":13,"Centennial Puzzle":3,"Lizard Tail":3,"Anchor":23,"Matryoshka":13,"Busted Crown":18,"HornCleat":24,"Art of War":26,"Toxic Egg 2":16,"Cracked Core":0,"Toy Ornithopter":6},{"NeowsBlessing":0,"Happy Flower":126,"Singing Bowl":126,"Velvet Choker":31,"PrismaticShard":1,"Akabeko":126,"ClockworkSouvenir":104,"Blood Vial":66,"Centennial Puzzle":3,"Lizard Tail":3,"Anchor":135,"Matryoshka":66,"Busted Crown":100,"HornCleat":142,"Art of War":160,"Toxic Egg 2":81,"Cracked Core":0,"Toy Ornithopter":17}],"Toy Ornithopter":55},"card_choices":[{"not_picked":["Hello World","Go for the Eyes"],"picked":"Genetic Algorithm","floor":1.0},{"not_picked":["True Grit","Flex"],"picked":"Crippling Poison","floor":5.0},{"not_picked":["Gash","Outmaneuver"],"picked":"Malaise","floor":7.0},{"not_picked":["Power Through","Beam Cell"],"picked":"Caltrops","floor":11.0},{"not_picked":["True Grit","Expertise"],"picked":"Self Repair","floor":12.0},{"not_picked":["Worship","Coolheaded"],"picked":"Thunderclap","floor":14.0},{"not_picked":["Unload","Glass Knife"],"picked":"Demon Form","floor":16.0},{"not_picked":["Reflex+1","Evaluate"],"picked":"Sucker Punch","floor":18.0},{"not_picked":["Intimidate","JustLucky+1"],"picked":"Glacier","floor":19.0},{"not_picked":["Prostrate","Anger"],"picked":"Shrug It Off+1","floor":20.0},{"not_picked":["Beam Cell+1","Go for the Eyes"],"picked":"BowlingBash","floor":21.0},{"not_picked":["Bandage Up","Fire Breathing","Shrug It Off"],"picked":"SKIP","floor":22.0},{"not_picked":["InnerPeace","FollowUp"],"picked":"Master of Strategy","floor":23.0},{"not_picked":["Dramatic Entrance","Poisoned Stab"],"picked":"SashWhip","floor":27.0},{"not_picked":["Dark Embrace","Cold Snap","PathToVictory"],"picked":"SKIP","floor":28.0},{"not_picked":["Flash of Steel","Cleave"],"picked":"Evaluate+1","floor":29.0},{"not_picked":["EmptyBody+1","Evaluate+1"],"picked":"Perseverance+1","floor":31.0},{"not_picked":["Machine Learning","Brilliance"],"picked":"Ragnarok","floor":33.0},{"not_picked":["Redo+1"],"picked":"SKIP","floor":35.0},{"not_picked":["Consecrate"],"picked":"SKIP","floor":38.0},{"not_picked":["Prostrate+1"],"picked":"SKIP","floor":39.0},{"not_picked":["Sever Soul"],"picked":"SKIP","floor":40.0},{"not_picked":[],"picked":"Blur+1","floor":45.0},{"not_picked":["Nirvana"],"picked":"Singing Bowl","floor":48.0},{"not_picked":["Cloak And Dagger+1"],"picked":"Singing Bowl","floor":54.0}],"player_experience":199977,"relics_obtained":[{"floor":7.0,"key":"Centennial Puzzle"},{"floor":9.0,"key":"Lizard Tail"},{"floor":14.0,"key":"Toy Ornithopter"},{"floor":23.0,"key":"Matryoshka"},{"floor":26.0,"key":"Blood Vial"},{"floor":29.0,"key":"Toxic Egg 2"},{"floor":40.0,"key":"Akabeko"},{"floor":43.0,"key":"Happy Flower"},{"floor":43.0,"key":"Singing Bowl"},{"floor":45.0,"key":"Anchor"},{"floor":48.0,"key":"HornCleat"},{"floor":54.0,"key":"Art of War"}],"event_choices":[{"damage_healed":0.0,"max_hp_gain":0.0,"max_hp_loss":0.0,"gold_gain":175.0,"event_name":"Liars Game","player_choice":"AGREE","floor":2.0,"gold_loss":0.0,"damage_taken":0.0,"cards_obtained":["Doubt"]},{"damage_healed":0.0,"max_hp_gain":0.0,"max_hp_loss":0.0,"gold_gain":0.0,"event_name":"Shining Light","player_choice":"Entered Light","floor":4.0,"gold_loss":0.0,"damage_taken":15.0,"cards_upgraded":["Defend_B","Strike_B"]},{"damage_healed":0.0,"max_hp_gain":0.0,"max_hp_loss":0.0,"gold_gain":0.0,"event_name":"Living Wall","player_choice":"Grow","floor":13.0,"gold_loss":0.0,"damage_taken":0.0,"cards_upgraded":["Caltrops"]},{"damage_healed":0.0,"max_hp_gain":0.0,"max_hp_loss":0.0,"gold_gain":0.0,"event_name":"Tomb of Lord Red Mask","player_choice":"Ignored","floor":36.0,"gold_loss":0.0,"damage_taken":0.0},{"damage_healed":0.0,"max_hp_gain":0.0,"max_hp_loss":0.0,"gold_gain":0.0,"event_name":"Mysterious Sphere","player_choice":"Ignored","floor":41.0,"gold_loss":0.0,"damage_taken":0.0},{"damage_healed":0.0,"max_hp_gain":0.0,"max_hp_loss":0.0,"gold_gain":0.0,"event_name":"Upgrade Shrine","player_choice":"Upgraded","floor":47.0,"gold_loss":0.0,"damage_taken":0.0,"cards_upgraded":["Sucker Punch"]}],"is_beta":false,"boss_relics":[{"not_picked":["Cursed Key","Calling Bell"],"picked":"Velvet Choker"},{"not_picked":["SacredBark","Inserter"],"picked":"Busted Crown"}],"items_purged_floors":[3,25,37,46],"is_endless":false,"potions_floor_spawned":[1,5,14,19,21,23,28,35,39,48],"ascension_level":13}}