{"host":"i58uscbei3sy5089","time":1610291686,"event":{"mods":["ATMod(阿瑾Mod)","Act Like it!","BaseMod","Challenge The Spire","Colored Powertips","Conspire","Infinite Spire","Koishi","Lobotomy","LobotomyExtend","Minty Spire (QoL Compilation)","MostiFishMod","Prisma Mod","Quick Restart","Replay The Spire","Shop Mod","Spicy Shops","StSLib","TestMod","The Administrix","The Construct","The Marked","UnlockEverythingMod","WarShipGirlsR/战舰少女R mod","[IsaacMod]以撒尖塔","vexMod","【功能Mod】混沌之环修复补丁","【遗物卡牌】REMEMod","篝火指南"],"gold_per_floor":[153,167,167,186,203,228,228,33,55,68,68,92,92,92,92,209,209,209,84,93,116,116,116,116],"floor_reached":23,"playtime":4124,"items_purged":[],"score":328,"play_id":"8e766be3-d7cc-4774-97ae-5a80265d0b63","local_time":"20210110231446","is_ascension_mode":true,"campfire_choices":[{"floor":7.0,"key":"REST"},{"floor":13.0,"key":"REST"},{"data":"theMarked:EternalStudent","floor":15.0,"key":"SMITH"}],"circlet_count":0,"master_deck":["Crow Ritual","OSAHOGD"],"relics":["theMarked:ArtifactOfAir","testmod-TestBox","HushsDoor","DaveBox","AT_ATBox","REME_ComplimentaryCards","Membership Card","testmod-Charity","BloodBag","CogitoBucket","RabbitCall","SynthV:TestCard","LetterFromLob","MerchantsRug","Gremlin Horn","Replay:Ringing Soul","BookofShadows","Replay:Bottled Eggs","EE1DDrone","MagicBullet_r","Lantern"],"acts_visited":["Exordium","TheCity"],"potions_floor_usage":[],"damage_taken":[{"damage":0.0,"enemies":"Cultist","floor":1.0,"turns":2.0},{"damage":1.0,"enemies":"2 Louse","floor":2.0,"turns":3.0},{"damage":6.0,"enemies":"Small Slimes","floor":4.0,"turns":3.0},{"damage":45.0,"enemies":"Gremlin Gang","floor":5.0,"turns":4.0},{"damage":10.0,"enemies":"3 Sentries","floor":6.0,"turns":4.0},{"damage":8.0,"enemies":"Red Slaver","floor":10.0,"turns":4.0},{"damage":30.0,"enemies":"Lagavulin","floor":12.0,"turns":5.0},{"damage":42.0,"enemies":"Fading Forest","floor":16.0,"turns":11.0},{"damage":12,"enemies":"Chosen","floor":20,"turns":2},{"damage":69,"enemies":"Book of Stabbing","floor":23,"turns":4}],"seed_played":"-8541698253352020329","potions_obtained":[{"floor":2.0,"key":"Swift Potion"},{"floor":4.0,"key":"SpeedPotion"},{"floor":16.0,"key":"PowerPotion"}],"is_trial":false,"path_per_floor":["M","M","?","M","M","E","R","$","T","M","?","E","R","?","R","B",null,"M","$","M","T","?","E"],"character_chosen":"THE_DEFAULT","items_purchased":["MerchantsRug","Gremlin Horn","Replay:Ringing Soul","Crow Ritual"],"campfire_rested":2,"item_purchase_floors":[8,8,8,19],"current_hp_per_floor":[80,80,59,54,12,3,30,33,34,32,32,3,33,33,33,14,85,67,70,62,63,63,0,0],"gold":116,"neow_bonus":"","is_daily":false,"chose_seed":false,"campfire_upgraded":1,"win_rate":0.0,"timestamp":1610291686,"path_taken":["M","?","?","M","M","E","R","$","T","M","?","E","R","?","R","BOSS","M","$","?","?","?","E"],"items_purchased_type":["Relic","Relic","Relic","Card"],"build_version":"2020-12-22","purchased_purges":0,"victory":false,"max_hp_per_floor":[85,86,86,87,90,91,91,94,95,99,99,100,100,100,100,105,108,108,111,115,116,116,116,116],"card_choices":[{"not_picked":["Wellcheers","NakedNest","UniverseFragment"],"picked":"Singing Bowl","floor":1.0},{"not_picked":["ShyLook","FieryBird"],"picked":"OSAHOGD","floor":1.0},{"not_picked":["theMarked:ResourceFulStrike","theMarked:Improvise","theMarked:ElectricStrings"],"picked":"SKIP","floor":1.0},{"not_picked":["ShyLook","Murderer","CrumblingArmor"],"picked":"Singing Bowl","floor":2.0},{"not_picked":["theMarked:ComboAttacks","theMarked:ElectricStrings","theMarked:EmpowerWeapon","theMarked:Parkour"],"picked":"theMarked:EternalStudent","floor":2.0},{"not_picked":["infinitespire:FutureSight","infinitespire:Fortify"],"picked":"Replay:Fractal Strike","floor":3.0},{"not_picked":["ShyLook","SpiderBud","MeatLantern"],"picked":"Singing Bowl","floor":4.0},{"not_picked":["SingingMachine","VoidDream"],"picked":"LongBird","floor":4.0},{"not_picked":["Bomb","theMarked:Indomitable","theMarked:HeightenedSenses","theMarked:RepellingDischarge"],"picked":"theMarked:SoldierForm","floor":4.0},{"not_picked":["LaLuna","PunishingBird","Murderer"],"picked":"Singing Bowl","floor":5.0},{"not_picked":["theMarked:Improvise","theMarked:Parkour","theMarked:GodGivenPower","theMarked:TakeCover","theMarked:EmpowerWeapon"],"picked":"SKIP","floor":5.0},{"not_picked":["Woodsman","PunishingBird","Rudolta"],"picked":"Singing Bowl","floor":6.0},{"not_picked":["theMarked:BanishingStrike","theMarked:Aftermath","theMarked:Parkour","theMarked:Improvise","theMarked:RepellingDischarge"],"picked":"SKIP","floor":6.0},{"not_picked":["BigBird","UniverseFragment","LaLuna"],"picked":"Singing Bowl","floor":10.0},{"not_picked":["Scorched","PunishingBird"],"picked":"MHz","floor":10.0},{"not_picked":["theMarked:Static","theMarked:EmpowerWeapon","theMarked:CreepingChasm","theMarked:ResourceFulStrike","theMarked:Parkour"],"picked":"SKIP","floor":10.0},{"not_picked":["Bloodbath","PunishingBird","CrumblingArmor"],"picked":"Singing Bowl","floor":12.0},{"not_picked":["theMarked:HeightenedSenses","theMarked:WastefulAttack","theMarked:Static","theMarked:Frustration","theMarked:GodGivenPower"],"picked":"SKIP","floor":12.0},{"not_picked":["theMarked:SoldierForm","theMarked:Vacuum","theMarked:MagicAdept","theMarked:ChannelForce"],"picked":"theMarked:DispelDoubt","floor":16.0},{"not_picked":["GalaxyChild","CrumblingArmor","FieryBird"],"picked":"Singing Bowl","floor":16.0},{"not_picked":["MeltingLove","CrumblingArmor"],"picked":"OSAHOGD","floor":20},{"not_picked":["theMarked:SelfDefenseTraining","theMarked:ElectricStrings","theMarked:MysticalArsenal","theMarked:RepellingDischarge","theMarked:TwofoldDefense+1"],"picked":"SKIP","floor":20}],"player_experience":713587,"relics_obtained":[{"floor":1.0,"key":"SynthV:TestCard"},{"floor":1.0,"key":"LetterFromLob"},{"floor":6.0,"key":"AT_BellDemon"},{"floor":9.0,"key":"BookofShadows"},{"floor":12.0,"key":"Replay:Bottled Eggs"},{"floor":21,"key":"Lantern"}],"event_choices":[{"damage_healed":0.0,"max_hp_gain":0.0,"max_hp_loss":0.0,"gold_gain":0.0,"event_name":"Liars Game","player_choice":"Ignored","floor":11.0,"gold_loss":0.0,"damage_taken":0.0}],"is_beta":false,"boss_relics":[{"not_picked":["TimeKeys","testmod-DeterminationOfClimber"],"picked":"EE1DDrone"},{"not_picked":[]}],"items_purged_floors":[],"is_endless":false,"potions_floor_spawned":[2,4,16],"killed_by":"Book of Stabbing","ascension_level":5}}