{"host":"g8a0qo0vjtg6u5wv","time":1610240254,"event":{"mods":["BaseMod","Colored Map","Custom Start","KOR Keyword Fix","Minty Spire (QoL Compilation)","StSLib","SuperFastMode"],"gold_per_floor":[116,136,136,136,311,342,361,361,410,410,430,460,332,342,342,443,443,461,461,461,477,224,251,251,251,277,277,277,297,297,316,316,419,419,433,12,12,12,26,51,51,77,77,87,20,20,51,28,28,28],"floor_reached":51,"playtime":1491,"items_purged":["Doubt","Strike_P","Strike_P"],"score":1088,"play_id":"42a23f68-82b2-4697-8af7-23d0f993be8d","local_time":"20210110095734","is_ascension_mode":true,"campfire_choices":[{"data":"Eruption","floor":8.0,"key":"SMITH"},{"data":"Scrawl","floor":15,"key":"SMITH"},{"data":"MentalFortress","floor":25,"key":"SMITH"},{"data":"ClearTheMind","floor":27,"key":"SMITH"},{"floor":32,"key":"REST"},{"data":"TalkToTheHand","floor":41,"key":"SMITH"},{"data":"Indignation","floor":46,"key":"SMITH"},{"data":"Brilliance","floor":49,"key":"SMITH"}],"circlet_count":0,"master_deck":["Strike_P","Strike_P","Defend_P+1","Defend_P+1","Eruption+1","Vigilance","Indignation+1","Prostrate","Prostrate","FlurryOfBlows","Pray","Scrawl+1","EmptyFist","JustLucky","Brilliance+1","EmptyMind","ClearTheMind+1","Prostrate+1","MentalFortress+1","SpiritShield+1","TalkToTheHand+1","Halt+1","ForeignInfluence+1","Crescendo+1"],"relics":["HolyWater","NeowsBlessing","Toy Ornithopter","Centennial Puzzle","Shuriken","Mango","Runic Pyramid","TheAbacus","Toxic Egg 2","Akabeko","CultistMask","Nilry\u0027s Codex","ClockworkSouvenir","Damaru","Question Card","Omamori","Pantograph","Letter Opener","Ancient Tea Set"],"acts_visited":["Exordium","TheCity","TheBeyond"],"potions_floor_usage":[12,12,16,42,50,50],"damage_taken":[{"damage":0.0,"enemies":"Small Slimes","floor":1.0,"turns":1.0},{"damage":0.0,"enemies":"2 Louse","floor":2.0,"turns":1.0},{"damage":0.0,"enemies":"Lagavulin","floor":6.0,"turns":1.0},{"damage":4.0,"enemies":"Jaw Worm","floor":7.0,"turns":4.0},{"damage":7.0,"enemies":"Lots of Slimes","floor":11.0,"turns":3.0},{"damage":22,"enemies":"3 Sentries","floor":12,"turns":6},{"damage":5,"enemies":"Blue Slaver","floor":14,"turns":3},{"damage":19,"enemies":"Hexaghost","floor":16,"turns":6},{"damage":2,"enemies":"Shell Parasite","floor":18,"turns":3},{"damage":0,"enemies":"3 Byrds","floor":21,"turns":4},{"damage":18,"enemies":"Gremlin Leader","floor":23,"turns":3},{"damage":6,"enemies":"Snake Plant","floor":29,"turns":3},{"damage":0,"enemies":"Chosen and Byrds","floor":31,"turns":1},{"damage":8,"enemies":"Champ","floor":33,"turns":6},{"damage":7,"enemies":"Orb Walker","floor":35,"turns":2},{"damage":2,"enemies":"3 Shapes","floor":39,"turns":3},{"damage":0,"enemies":"Giant Head","floor":40,"turns":4},{"damage":1,"enemies":"Reptomancer","floor":42,"turns":5},{"damage":4,"enemies":"Spire Growth","floor":44,"turns":3},{"damage":0,"enemies":"Nemesis","floor":47,"turns":6},{"damage":0,"enemies":"Donu and Deca","floor":50,"turns":3}],"seed_played":"5962814122963093526","potions_obtained":[{"floor":1.0,"key":"SpeedPotion"},{"floor":7.0,"key":"LiquidBronze"},{"floor":12,"key":"LiquidBronze"},{"floor":14,"key":"SmokeBomb"},{"floor":21,"key":"SteroidPotion"},{"floor":39,"key":"BottledMiracle"},{"floor":40,"key":"Fire Potion"},{"floor":47,"key":"DistilledChaos"}],"is_trial":false,"path_per_floor":["M","M","?","?","?","E","M","R","T","T","M","E","$","M","R","B",null,"M","?","?","M","$","E","?","R","T","R","?","M","?","M","R","B",null,"M","$","?","$","M","E","R","E","T","M","?","R","E","$","R","B",null],"character_chosen":"WATCHER","items_purchased":["EmptyFist","TheAbacus","ClockworkSouvenir","Damaru","Crescendo+1"],"campfire_rested":1,"item_purchase_floors":[13,22,36,36,48],"current_hp_per_floor":[72,72,58,58,58,58,54,54,54,54,47,49,49,44,44,30,86,84,67,67,67,67,49,49,49,49,49,49,43,27,27,54,46,91,84,84,84,84,82,82,82,86,86,82,82,82,82,82,82,91],"gold":28,"neow_bonus":"THREE_ENEMY_KILL","is_daily":false,"chose_seed":false,"campfire_upgraded":7,"win_rate":0.0,"timestamp":1610240254,"path_taken":["M","M","?","?","?","E","M","R","T","?","?","E","$","?","R","BOSS","M","?","?","M","$","E","?","R","T","R","?","?","?","M","R","BOSS","M","$","?","?","M","E","R","E","T","?","?","R","E","?","R","BOSS"],"items_purchased_type":["Card","Relic","Relic","Relic","Card"],"build_version":"2020-12-22","purchased_purges":3,"victory":true,"max_hp_per_floor":[72,72,72,72,72,72,72,72,72,72,72,86,86,86,86,86,86,86,91,91,91,91,91,91,91,91,91,91,91,91,91,91,91,91,91,91,91,91,91,91,91,91,91,91,91,91,91,91,91,91],"card_choices":[{"not_picked":["PathToVictory","Crescendo"],"picked":"Indignation","floor":1.0},{"not_picked":["BowlingBash","Evaluate"],"picked":"Prostrate","floor":2.0},{"not_picked":["Vengeance","BowlingBash","WindmillStrike"],"picked":"SKIP","floor":6.0},{"not_picked":["ClearTheMind","Conclude"],"picked":"FlurryOfBlows","floor":7.0},{"not_picked":["Crescendo","Protect"],"picked":"Pray","floor":11.0},{"not_picked":["FollowUp","Perseverance"],"picked":"Scrawl","floor":12},{"not_picked":["Evaluate","EmptyFist"],"picked":"JustLucky","floor":14},{"not_picked":["Alpha","Establishment"],"picked":"Brilliance","floor":16},{"not_picked":["CarveReality","PathToVictory"],"picked":"EmptyMind","floor":18},{"not_picked":["Crescendo","Prostrate"],"picked":"ClearTheMind","floor":21},{"not_picked":["BowlingBash+1","FlyingSleeves"],"picked":"Prostrate+1","floor":23},{"not_picked":["Vengeance+1","EmptyMind+1","SashWhip"],"picked":"SKIP","floor":29},{"not_picked":["Weave","BowlingBash","FollowUp"],"picked":"SKIP","floor":31},{"not_picked":["Alpha+1","DeusExMachina+1"],"picked":"SpiritShield+1","floor":33},{"not_picked":["FlyingSleeves+1","EmptyBody+1","Conclude"],"picked":"SKIP","floor":35},{"not_picked":["DeceiveReality+1","ClearTheMind+1","CutThroughFate"],"picked":"SKIP","floor":39},{"not_picked":["Prostrate+1","JustLucky+1"],"picked":"TalkToTheHand","floor":40},{"not_picked":["FlyingSleeves+1","Pray+1","CarveReality"],"picked":"Halt+1","floor":42},{"not_picked":["FollowUp+1","CarveReality","Sanctity+1","ThirdEye+1"],"picked":"SKIP","floor":44},{"not_picked":["Tantrum","JustLucky+1","Protect+1"],"picked":"ForeignInfluence+1","floor":47}],"player_experience":554896,"relics_obtained":[{"floor":6.0,"key":"Toy Ornithopter"},{"floor":9.0,"key":"Centennial Puzzle"},{"floor":10.0,"key":"Shuriken"},{"floor":12,"key":"Mango"},{"floor":23,"key":"Toxic Egg 2"},{"floor":26,"key":"Akabeko"},{"floor":30,"key":"Nilry\u0027s Codex"},{"floor":40,"key":"Question Card"},{"floor":42,"key":"Omamori"},{"floor":43,"key":"Pantograph"},{"floor":47,"key":"Ancient Tea Set"}],"event_choices":[{"damage_healed":0.0,"max_hp_gain":0.0,"max_hp_loss":0.0,"gold_gain":0.0,"event_name":"Shining Light","player_choice":"Entered Light","floor":3.0,"gold_loss":0.0,"damage_taken":14.0,"cards_upgraded":["Defend_P","Defend_P"]},{"damage_healed":0.0,"max_hp_gain":0.0,"max_hp_loss":0.0,"gold_gain":0.0,"cards_transformed":["Defend_P"],"event_name":"Living Wall","player_choice":"Change","floor":4.0,"gold_loss":0.0,"damage_taken":0.0,"cards_obtained":["Prostrate"]},{"damage_healed":0.0,"max_hp_gain":0.0,"max_hp_loss":0.0,"gold_gain":175.0,"event_name":"Liars Game","player_choice":"AGREE","floor":5.0,"gold_loss":0.0,"damage_taken":0.0,"cards_obtained":["Doubt"]},{"damage_healed":0,"gold_gain":0,"player_choice":"Shed Blood","damage_taken":22,"max_hp_gain":5,"max_hp_loss":0,"event_name":"Forgotten Altar","floor":19,"gold_loss":0},{"damage_healed":0,"gold_gain":0,"player_choice":"Ignored","damage_taken":0,"max_hp_gain":0,"max_hp_loss":0,"event_name":"Vampires","floor":20,"gold_loss":0},{"damage_healed":0,"gold_gain":0,"player_choice":"Read","damage_taken":0,"max_hp_gain":0,"max_hp_loss":0,"event_name":"The Library","floor":24,"gold_loss":0,"cards_obtained":["MentalFortress"]},{"damage_healed":0,"gold_gain":0,"player_choice":"Trade","damage_taken":0,"relics_obtained":["CultistMask"],"max_hp_gain":0,"max_hp_loss":0,"event_name":"FaceTrader","floor":28,"gold_loss":0},{"damage_healed":0,"gold_gain":0,"player_choice":"Obtained Book","damage_taken":16,"max_hp_gain":0,"max_hp_loss":0,"event_name":"Cursed Tome","floor":30,"gold_loss":0},{"cards_removed":["Defend_P"],"damage_healed":0,"gold_gain":0,"player_choice":"Purged","damage_taken":0,"max_hp_gain":0,"max_hp_loss":0,"event_name":"Purifier","floor":37,"gold_loss":0},{"damage_healed":0,"gold_gain":0,"player_choice":"Paid Gold","damage_taken":0,"relics_obtained":["Letter Opener"],"max_hp_gain":0,"max_hp_loss":0,"event_name":"WeMeetAgain","floor":45,"gold_loss":67}],"is_beta":false,"boss_relics":[{"not_picked":["Calling Bell","Runic Dome"],"picked":"Runic Pyramid"},{"not_picked":["SacredBark","Fusion Hammer"],"picked":"HolyWater"}],"items_purged_floors":[13,22,36],"is_endless":false,"potions_floor_spawned":[1,7,12,14,21,39,40,47],"ascension_level":3}}