{"host":"2i0myh7fqij2ti1z","time":1610296549,"event":{"mods":["Aspiration","BaseMod","Better Third Choice","Colored Powertips","FoggyMod","GifTheSpireLib","Highlight Path","Minty Spire (QoL Compilation)","Permanent Neow","Quick Restart","Random Character Button","Random Character Mod","Relic Sorter","Replay The Spire","Shop Mod","Spicy Shops","StSLib","Stuff the Spire","Transform Curses","Wandering Minibosses","vexMod","óô»ðÖ¸ÄÏ"],"gold_per_floor":[119,493,493,470,470,498,515,540,540,106,441,889,864,548,1065,1162,1162,1172,1172,1022,947,997,1022,1041,1080,1080,1090,657,581,611,611,413,517,517,537,555,555,568,584,618,443,475,557,579,379,389,234,234,957,957],"floor_reached":51,"playtime":1882,"items_purged":["Defend_R","Injury","Strike_R","Strike_R","Defend_R","Defend_R","Defend_R","Strike_R","Strike_R","Strike_R","Whirlwind","Deep Breath+1","Regret","wanderingMiniBosses:FinaleOfPromise+1"],"score":1523,"play_id":"60e5cc57-e73e-4058-b57b-313d393779aa","local_time":"20210111003549","is_ascension_mode":true,"campfire_choices":[],"circlet_count":0,"master_deck":["Crow Ritual","Demon Form","ReplayUltimateDefense","Dual Wield+1","StuffTheSpire:CelestialWarden"],"relics":["Replay:Bronze Core","BargainBundle","WingedGreaves","Iron Hammer","StuffTheSpire:Barrel","Regal Pillow","Molten Egg 2","Chameleon Ring","Divine Protection","Frozen Eye","Medical Kit","Ornamental Fan","CeramicFish","StuffTheSpire:Tea","Mummified Hand","StuffTheSpire:RubySignet","Question Card","Old Coin","Membership Card","ReplayTheSpireMod:Lightbulb","vexMod:GhostlyGear","StuffTheSpire:HeavyRock","StuffTheSpire:Saxophone","Toxic Egg 2","Lizard Tail","Philosopher\u0027s Stone","Replay:Wax Seal","Mango","Shuriken","vexMod:Spyglass","aspiration:HummingbirdHeart","Orichalcum","ClockworkSouvenir","Toy Ornithopter","OrangePellets","vexMod:CursedCompass","Oddly Smooth Stone","Vajra","Singing Bowl","wanderingMiniBosses:Blackblade","Chemical X","StuffTheSpire:Wildfire","Blue Doll"],"acts_visited":["Exordium","TheCity","TheBeyond"],"potions_floor_usage":[],"damage_taken":[{"damage":1,"enemies":"Cultist","floor":1,"turns":3},{"damage":2,"enemies":"3 Sentries","floor":6,"turns":3},{"damage":0,"enemies":"Jaw Worm","floor":7,"turns":2},{"damage":23,"enemies":"Lagavulin","floor":11,"turns":4},{"damage":0,"enemies":"Slime Boss","floor":16,"turns":2},{"damage":2,"enemies":"Chosen","floor":18,"turns":2},{"damage":0,"enemies":"Gremlin Leader","floor":23,"turns":2},{"damage":5,"enemies":"Shell Parasite","floor":24,"turns":2},{"damage":29,"enemies":"Slavers","floor":25,"turns":2},{"damage":0,"enemies":"Centurion and Healer","floor":27,"turns":2},{"damage":0,"enemies":"Book of Stabbing","floor":30,"turns":2},{"damage":0,"enemies":"Collector","floor":33,"turns":3},{"damage":0,"enemies":"Orb Walker","floor":35,"turns":2},{"damage":0,"enemies":"3 Shapes","floor":36,"turns":2},{"damage":0,"enemies":"Writhing Mass","floor":38,"turns":2},{"damage":0,"enemies":"Jaw Worm Horde","floor":39,"turns":2},{"damage":0,"enemies":"R_Hoarder","floor":40,"turns":4},{"damage":0,"enemies":"Reptomancer","floor":42,"turns":2},{"damage":0,"enemies":"Transient","floor":44,"turns":4},{"damage":0,"enemies":"3 Darklings","floor":46,"turns":2},{"damage":0,"enemies":"Awakened One","floor":50,"turns":6}],"seed_played":"-3142267155598320015","potions_obtained":[{"floor":1,"key":"Explosive Potion"},{"floor":6,"key":"SneckoOil"},{"floor":25,"key":"AttackPotion"},{"floor":30,"key":"Reflective Coating"},{"floor":33,"key":"SkillPotion"}],"is_trial":false,"path_per_floor":["M","$","?","$","?","E","M","R","T","$","E","$","?","$","R","B",null,"M","?","$","?","?","E","M","E","T","M","$","R","E","?","R","B",null,"M","M","?","M","M","E","R","E","T","M","$","M","$","?","R","B",null],"character_chosen":"IRONCLAD","items_purchased":["BargainBundle","WingedGreaves","Iron Hammer","StuffTheSpire:Barrel","Regal Pillow","Chameleon Ring","Divine Protection","Frozen Eye","Medical Kit","StuffTheSpire:Tea","Crow Ritual","Mummified Hand","Question Card","Membership Card","ReplayTheSpireMod:Lightbulb","Demon Form","vexMod:GhostlyGear","StuffTheSpire:HeavyRock","StuffTheSpire:Saxophone","Toxic Egg 2","Lizard Tail","vexMod:Spyglass","aspiration:HummingbirdHeart","Orichalcum","ClockworkSouvenir","ReplayUltimateDefense","OrangePellets","Deep Breath+1","Chemical X","StuffTheSpire:Wildfire","Blue Doll"],"campfire_rested":0,"item_purchase_floors":[2,2,2,2,2,4,4,4,4,8,8,8,10,12,12,12,12,14,15,15,15,28,28,28,29,32,32,32,45,47,49],"current_hp_per_floor":[79,79,79,79,79,77,77,77,77,77,54,54,54,54,54,54,80,78,78,78,78,78,78,73,58,58,73,73,73,83,83,83,93,94,94,94,94,94,94,94,94,94,94,96,96,98,98,98,98,98],"gold":957,"neow_bonus":"BOSS_RELIC","is_daily":false,"chose_seed":false,"campfire_upgraded":0,"win_rate":0.0,"timestamp":1610296549,"path_taken":["M","$","?","$","?","E","?","R","T","?","E","$","?","?","R","BOSS","M","?","$","?","?","E","?","E","T","?","$","R","E","?","R","BOSS","M","?","?","?","?","E","R","E","T","?","$","?","?","?","R","BOSS"],"items_purchased_type":["Relic","Relic","Relic","Relic","Relic","Relic","Relic","Relic","Relic","Relic","Card","Relic","Relic","Relic","Relic","Card","Relic","Relic","Relic","Relic","Relic","Relic","Relic","Relic","Relic","Card","Relic","Card","Relic","Relic","Relic"],"build_version":"2020-12-22","purchased_purges":14,"victory":true,"max_hp_per_floor":[80,80,80,80,80,80,80,80,80,80,80,80,80,80,80,80,80,80,80,80,80,80,80,80,94,94,94,94,94,94,94,94,94,94,94,94,94,94,94,94,94,94,94,96,96,98,98,98,98,98],"card_choices":[{"not_picked":["Twin Strike","Headbutt"],"picked":"Whirlwind","floor":1},{"not_picked":["Run Through+1","Feel No Pain","Juggernaut"],"picked":"SKIP","floor":6},{"not_picked":["ReplayTheSpireMod:Muscle Training","Sword Boomerang+1","Heavy Blade+1"],"picked":"SKIP","floor":7},{"not_picked":["StuffTheSpire:Incineration+1","Evolve","Twin Strike+1","Thunderclap+1"],"picked":"SKIP","floor":11},{"not_picked":["Inflame+1","Sentinel+1","Burning Pact+1","Spot Weakness+1"],"picked":"SKIP","floor":18},{"not_picked":["Sever Soul+1","StuffTheSpire:RagingBull+1","StuffTheSpire:Resist","Shrug It Off+1"],"picked":"SKIP","floor":23},{"not_picked":["Shrug It Off+1","Metallicize","StuffTheSpire:Slingshot+1","Sever Soul+1"],"picked":"SKIP","floor":24},{"not_picked":["Whirlwind+1","ReplayTheSpireMod:Corrosion Curse+1","Twin Strike+1"],"picked":"Reaper+1","floor":25},{"not_picked":["ReplayTheSpireMod:Muscle Training+1","StuffTheSpire:Incineration+1","Replay:Undeath\u0027s Touch+1","Blood for Blood+1"],"picked":"SKIP","floor":27},{"not_picked":["Sentinel+1","Fiend Fire+1","Demonic Infusion+1","ReplayTheSpireMod:Stacked+1"],"picked":"SKIP","floor":30},{"not_picked":["Armaments+1","StuffTheSpire:BloodClot+1","StuffTheSpire:Slingshot+1","StuffTheSpire:Incineration+1"],"picked":"SKIP","floor":35},{"not_picked":["StuffTheSpire:Slingshot+1","Twin Strike+1","Clothesline+1","Armaments+1"],"picked":"SKIP","floor":36},{"not_picked":["Evolve+1","StuffTheSpire:Slingshot+1","Run Through+1","Thunderclap+1"],"picked":"SKIP","floor":38},{"not_picked":["Corruption","Cleave+1","StuffTheSpire:Slingshot+1","Fire Breathing+1"],"picked":"SKIP","floor":39},{"not_picked":["Exhume+1","Anger+1","Carnage+1"],"picked":"Dual Wield+1","floor":40},{"not_picked":["StuffTheSpire:Pyroclast+1","Replay:Undeath\u0027s Touch+1","Thunderclap+1","ReplayTheSpireMod:Muscle Training+1"],"picked":"SKIP","floor":42},{"not_picked":[],"picked":"wanderingMiniBosses:FinaleOfPromise","floor":44},{"not_picked":["Flex+1","ReplayTheSpireMod:Limb From Limb+1","StuffTheSpire:Slingshot+1","True Grit+1"],"picked":"Singing Bowl","floor":44},{"not_picked":["Run Through+1","ReplayTheSpireMod:Strike From Hell+1","Clash+1","ReplayReversal+1"],"picked":"Singing Bowl","floor":46}],"player_experience":240459,"relics_obtained":[{"floor":6,"key":"CeramicFish"},{"floor":9,"key":"StuffTheSpire:RubySignet"},{"floor":11,"key":"Old Coin"},{"floor":23,"key":"Replay:Wax Seal"},{"floor":25,"key":"Mango"},{"floor":26,"key":"Shuriken"},{"floor":30,"key":"Toy Ornithopter"},{"floor":40,"key":"Oddly Smooth Stone"},{"floor":42,"key":"Vajra"},{"floor":43,"key":"Singing Bowl"},{"floor":44,"key":"wanderingMiniBosses:Blackblade"}],"event_choices":[{"damage_healed":0,"gold_gain":0,"player_choice":"Gave Potion","damage_taken":0,"relics_obtained":["Ornamental Fan"],"max_hp_gain":0,"max_hp_loss":0,"event_name":"WeMeetAgain","floor":5,"gold_loss":0},{"cards_removed":["Bash"],"damage_healed":0,"gold_gain":0,"player_choice":"Gave Gold","damage_taken":0,"max_hp_gain":0,"max_hp_loss":0,"event_name":"Beggar","floor":21,"gold_loss":75},{"damage_healed":0,"gold_gain":100,"player_choice":"Bet on Murderer","damage_taken":0,"max_hp_gain":0,"max_hp_loss":0,"event_name":"The Joust","floor":22,"gold_loss":50},{"damage_healed":0,"gold_gain":0,"player_choice":"Ignored","damage_taken":0,"max_hp_gain":0,"max_hp_loss":0,"event_name":"Transmorgrifier","floor":31,"gold_loss":0},{"damage_healed":0,"gold_gain":0,"player_choice":"Got Potions","damage_taken":0,"max_hp_gain":0,"max_hp_loss":0,"event_name":"Lab","floor":37,"gold_loss":0},{"cards_removed":["Reaper"],"damage_healed":0,"gold_gain":0,"player_choice":"Removed Attack","damage_taken":0,"max_hp_gain":0,"max_hp_loss":0,"event_name":"Falling","floor":48,"gold_loss":0}],"is_beta":false,"boss_relics":[{"not_picked":["Runic Cube","Sozu"],"picked":"Philosopher\u0027s Stone"},{"not_picked":["Fusion Hammer","Calling Bell"],"picked":"vexMod:CursedCompass"}],"items_purged_floors":[2,4,4,8,10,12,14,14,15,20,28,41,45,49],"is_endless":false,"potions_floor_spawned":[1,6,25,30,33,36,38,40,44],"ascension_level":3}}