{"host":"07e1k1rk6c4zn0bu","time":1610242704,"event":{"mods":["AchievementEnabler","BaseMod","Bestiary","Colored Map","Colored Powertips","DeckTracker","Minty Spire (QoL Compilation)"],"gold_per_floor":[112,112,92,108,119,119,132,132,132,132,132,165,165,177,177,280,280,300,300,310,40,40,40,58,76,101,151,151,151],"floor_reached":28,"playtime":961,"items_purged":[],"score":218,"play_id":"8af0c6b0-d006-4d94-a834-919bcdd2a62c","local_time":"20210109203824","is_ascension_mode":false,"campfire_choices":[{"data":"Deadly Poison","floor":6,"key":"SMITH"},{"data":"Bouncing Flask","floor":8,"key":"SMITH"},{"data":"Riddle With Holes","floor":10,"key":"SMITH"},{"data":"Backstab","floor":15,"key":"SMITH"},{"floor":23,"key":"REST"}],"circlet_count":0,"master_deck":["Strike_G","Strike_G","Strike_G","Strike_G","Defend_G","Defend_G","Defend_G","Defend_G","Survivor","Neutralize","Deadly Poison+1","Riddle With Holes+1","Prepared","Bouncing Flask+1","Distraction","Backstab+1","A Thousand Cuts","Riddle With Holes+1","All Out Attack+1","Pain","Crippling Poison","Necronomicurse","Riddle With Holes+1","Poisoned Stab","Well Laid Plans","Deadly Poison","Heel Hook+1"],"relics":["Ring of the Snake","NeowsBlessing","The Specimen","Ice Cream","Astrolabe","Necronomicon","Dream Catcher","Tough Bandages","Regal Pillow"],"acts_visited":["Exordium","TheCity"],"potions_floor_usage":[3],"damage_taken":[{"damage":0,"enemies":"Jaw Worm","floor":1,"turns":1},{"damage":0,"enemies":"2 Louse","floor":4,"turns":1},{"damage":0,"enemies":"Cultist","floor":5,"turns":1},{"damage":17,"enemies":"Looter","floor":7,"turns":3},{"damage":32,"enemies":"Gremlin Nob","floor":12,"turns":4},{"damage":0,"enemies":"Large Slime","floor":14,"turns":5},{"damage":47,"enemies":"The Guardian","floor":16,"turns":8},{"damage":29,"enemies":"Shell Parasite","floor":18,"turns":4},{"damage":11,"enemies":"Spheric Guardian","floor":20,"turns":3},{"damage":3,"enemies":"3 Cultists","floor":24,"turns":3},{"damage":25,"enemies":"Snecko","floor":25,"turns":4},{"damage":14,"enemies":"Snake Plant","floor":28,"turns":1}],"seed_played":"5386176600763279520","potions_obtained":[{"floor":3,"key":"Fruit Juice"},{"floor":5,"key":"Weak Potion"},{"floor":12,"key":"Explosive Potion"},{"floor":14,"key":"SpeedPotion"}],"is_trial":false,"path_per_floor":["M","?","?","M","M","R","M","R","T","R","?","E","?","M","R","B",null,"M","?","M","$","?","R","M","M","T","?","M"],"character_chosen":"THE_SILENT","items_purchased":["Poisoned Stab","Dream Catcher","Well Laid Plans"],"campfire_rested":1,"item_purchase_floors":[21,21,21],"current_hp_per_floor":[70,70,75,75,75,75,58,58,58,58,75,43,61,61,61,14,72,43,27,16,16,16,37,34,9,9,9,0,0],"gold":151,"neow_bonus":"THREE_ENEMY_KILL","is_daily":false,"chose_seed":false,"campfire_upgraded":4,"win_rate":0.0,"timestamp":1610242704,"path_taken":["M","?","?","?","M","R","M","R","T","R","?","E","?","M","R","BOSS","M","?","M","$","?","R","M","M","T","?","M"],"items_purchased_type":["Card","Relic","Card"],"build_version":"2020-12-22","purchased_purges":0,"victory":false,"max_hp_per_floor":[70,70,75,75,75,75,75,75,75,75,75,75,75,75,75,75,72,72,72,72,72,72,72,72,72,72,72,72,72],"card_choices":[{"not_picked":["Dodge and Roll","Dagger Spray"],"picked":"Deadly Poison","floor":1},{"not_picked":["Prepared","Dash"],"picked":"Riddle With Holes","floor":4},{"not_picked":["Blade Dance","Outmaneuver"],"picked":"Prepared","floor":5},{"not_picked":["All Out Attack","Caltrops"],"picked":"Bouncing Flask","floor":7},{"not_picked":["Calculated Gamble","Tactician"],"picked":"Distraction","floor":12},{"not_picked":["Poisoned Stab","Escape Plan"],"picked":"Backstab","floor":14},{"not_picked":["Tools of the Trade","Doppelganger"],"picked":"A Thousand Cuts","floor":16},{"not_picked":["Backflip+1","Dagger Spray"],"picked":"Crippling Poison","floor":18},{"not_picked":["Backflip+1","Acrobatics"],"picked":"Riddle With Holes+1","floor":20},{"not_picked":["Sucker Punch","Cloak And Dagger"],"picked":"Deadly Poison","floor":24},{"not_picked":["Calculated Gamble","Blade Dance+1"],"picked":"Heel Hook+1","floor":25}],"player_experience":28385,"relics_obtained":[{"floor":9,"key":"The Specimen"},{"floor":12,"key":"Ice Cream"},{"floor":19,"key":"Necronomicon"},{"floor":26,"key":"Regal Pillow"}],"event_choices":[{"damage_healed":0,"gold_gain":0,"player_choice":"Ignored","damage_taken":0,"max_hp_gain":0,"max_hp_loss":0,"event_name":"Golden Wing","floor":2,"gold_loss":0},{"damage_healed":0,"gold_gain":0,"player_choice":"Bought 1 Potion","damage_taken":0,"max_hp_gain":0,"max_hp_loss":0,"event_name":"The Woman in Blue","floor":3,"gold_loss":0},{"damage_healed":25,"gold_gain":0,"player_choice":"Banana","damage_taken":0,"max_hp_gain":0,"max_hp_loss":0,"event_name":"Big Fish","floor":11,"gold_loss":0},{"damage_healed":18,"gold_gain":0,"player_choice":"Healed and dodged fight","damage_taken":0,"max_hp_gain":0,"max_hp_loss":0,"event_name":"Mushrooms","floor":13,"gold_loss":0,"cards_obtained":["Parasite"]},{"damage_healed":0,"gold_gain":0,"player_choice":"Obtained Book","damage_taken":16,"max_hp_gain":0,"max_hp_loss":0,"event_name":"Cursed Tome","floor":19,"gold_loss":0},{"damage_healed":0,"gold_gain":0,"player_choice":"Opened","damage_taken":0,"relics_obtained":["Tough Bandages"],"max_hp_gain":0,"max_hp_loss":0,"event_name":"The Mausoleum","floor":22,"gold_loss":0},{"damage_healed":0,"gold_gain":100,"player_choice":"Bet on Murderer","damage_taken":0,"max_hp_gain":0,"max_hp_loss":0,"event_name":"The Joust","floor":27,"gold_loss":50}],"is_beta":false,"boss_relics":[{"not_picked":["Busted Crown","Cursed Key"],"picked":"Astrolabe"}],"items_purged_floors":[],"is_endless":false,"potions_floor_spawned":[5,12,14,24,25],"killed_by":"Snake Plant","ascension_level":0}}