{"host":"9d9dhukr2jywmy0f","time":1610290933,"event":{"mods":["2.2 Compatiblity","Alarm Clock","BaseMod","Bestiary","Block Reminder","Colored Map","Colored Powertips","Curses Come First","DeckTracker","Energized Spire","Highlight Path","Key Reminder","Minty Spire (QoL Compilation)","Quick Restart","Rare Cards Sparkle","Relic Sorter","Relic Stats","Spire Birthday Party","StSLib","SuperFastMode","Synergy Search","Unceasing Turn Reminder","Unknown Chances"],"gold_per_floor":[360,360,360,170,186,186,22,22,22,22,22,35,51,16,16,90,40,59,59,77,77,77,77,91,91,140,140,140],"floor_reached":27,"playtime":950,"items_purged":["Strike_B"],"score":398,"play_id":"a9b83943-8ce2-412b-8e8d-3e873846aca5","local_time":"20210110230213","is_ascension_mode":true,"campfire_choices":[{"data":"Zap","floor":6.0,"key":"SMITH"},{"data":"Dualcast","floor":8.0,"key":"SMITH"},{"data":"Coolheaded","floor":15.0,"key":"SMITH"},{"floor":23.0,"key":"RECALL"},{"data":"Echo Form","floor":25.0,"key":"SMITH"}],"circlet_count":0,"master_deck":["AscendersBane","Strike_B","Strike_B+1","Defend_B","Defend_B","Defend_B","Defend_B","Zap+1","Dualcast+1","Coolheaded+1","Echo Form+1","Ball Lightning","Self Repair+1","Undo+1","Fission+1","Strike_B","Steam+1","Ball Lightning","Cold Snap","Chill+1"],"relics":["Cracked Core","Darkstone Periapt","OrangePellets","Toxic Egg 2","energizedSpire:HugeHouse","keyreminder:keyreminder","Potion Belt"],"acts_visited":["Exordium","TheCity"],"potions_floor_usage":[],"damage_taken":[{"damage":2.0,"enemies":"Jaw Worm","floor":1.0,"turns":5.0},{"damage":0.0,"enemies":"Small Slimes","floor":5.0,"turns":3.0},{"damage":4.0,"enemies":"2 Louse","floor":12.0,"turns":4.0},{"damage":11.0,"enemies":"2 Fungi Beasts","floor":13.0,"turns":3.0},{"damage":34.0,"enemies":"The Guardian","floor":16.0,"turns":10.0},{"damage":18.0,"enemies":"2 Thieves","floor":18.0,"turns":4.0},{"damage":0.0,"enemies":"Shell Parasite","floor":20.0,"turns":5.0},{"damage":10.0,"enemies":"3 Cultists","floor":24.0,"turns":5.0},{"damage":71,"enemies":"Gremlin Leader","floor":27,"turns":7}],"seed_played":"-2806330334319733611","potions_obtained":[{"floor":16.0,"key":"CultistPotion"}],"is_trial":false,"path_per_floor":["M","?","?","$","M","R","$","R","T","?","?","M","M","?","R","B",null,"M","?","M","?","?","R","M","R","T","E"],"character_chosen":"DEFECT","items_purchased":["Ball Lightning","Self Repair","OrangePellets"],"campfire_rested":0,"item_purchase_floors":[4,4,7],"current_hp_per_floor":[44,44,33,33,40,40,40,40,40,40,19,25,24,41,41,17,54,56,56,66,66,66,66,66,66,66,0,0],"gold":140,"neow_bonus":"TWO_FIFTY_GOLD","is_daily":false,"chose_seed":false,"campfire_upgraded":4,"win_rate":0.0,"timestamp":1610290933,"path_taken":["M","?","?","?","M","R","$","R","T","?","?","?","M","?","R","BOSS","M","?","M","?","?","R","M","R","T","E"],"items_purchased_type":["Card","Card","Relic"],"build_version":"2020-11-30","purchased_purges":1,"victory":false,"max_hp_per_floor":[71,71,71,71,71,71,71,71,71,71,71,71,71,71,71,71,66,66,66,66,66,66,66,66,66,66,66,66],"relic_stats":{"Darkstone Periapt":0,"OrangePellets":[3],"counters":[9,46],"obtain_stats":[{"Darkstone Periapt":3,"keyreminder:keyreminder":23,"Potion Belt":26,"OrangePellets":7,"energizedSpire:HugeHouse":17,"Toxic Egg 2":9,"Cracked Core":0},{"Darkstone Periapt":1,"keyreminder:keyreminder":7,"Potion Belt":8,"OrangePellets":2,"energizedSpire:HugeHouse":5,"Toxic Egg 2":2,"Cracked Core":0},{"Darkstone Periapt":5,"keyreminder:keyreminder":34,"Potion Belt":39,"OrangePellets":8,"energizedSpire:HugeHouse":25,"Toxic Egg 2":8,"Cracked Core":0}]},"card_choices":[{"not_picked":["Beam Cell","Leap"],"picked":"Coolheaded","floor":1.0},{"not_picked":["Leap","Redo","Compile Driver"],"picked":"SKIP","floor":5.0},{"not_picked":["Steam+1","Beam Cell"],"picked":"Undo+1","floor":12.0},{"not_picked":["Conserve Battery+1","Rebound"],"picked":"Gash","floor":13.0},{"not_picked":["Multi-Cast+1","Seek+1"],"picked":"Fission+1","floor":16.0},{"not_picked":["Go for the Eyes","Steam+1"],"picked":"Ball Lightning","floor":18.0},{"not_picked":["Gash+1","Stack+1"],"picked":"Cold Snap","floor":20.0},{"not_picked":["Rip and Tear","Undo+1"],"picked":"Chill+1","floor":24.0}],"player_experience":819466,"relics_obtained":[{"floor":9.0,"key":"Toxic Egg 2"},{"floor":26.0,"key":"Potion Belt"}],"event_choices":[{"damage_healed":0.0,"max_hp_gain":0.0,"max_hp_loss":0.0,"gold_gain":0.0,"cards_transformed":["Strike_B"],"event_name":"Living Wall","player_choice":"Change","floor":2.0,"gold_loss":0.0,"damage_taken":0.0,"cards_obtained":["Echo Form"]},{"damage_healed":0.0,"max_hp_gain":0.0,"max_hp_loss":0.0,"gold_gain":0.0,"event_name":"Scrap Ooze","player_choice":"Success","floor":3.0,"gold_loss":0.0,"damage_taken":11.0,"relics_obtained":["Darkstone Periapt"]},{"damage_healed":0.0,"max_hp_gain":0.0,"max_hp_loss":0.0,"gold_gain":0.0,"event_name":"Liars Game","player_choice":"Ignored","floor":10.0,"gold_loss":0.0,"damage_taken":0.0},{"damage_healed":0.0,"max_hp_gain":0.0,"max_hp_loss":0.0,"gold_gain":0.0,"event_name":"Shining Light","player_choice":"Entered Light","floor":11.0,"gold_loss":0.0,"damage_taken":21.0,"cards_upgraded":["Strike_B","Self Repair"]},{"damage_healed":17.0,"max_hp_gain":0.0,"max_hp_loss":0.0,"gold_gain":0.0,"event_name":"The Cleric","player_choice":"Healed","floor":14.0,"gold_loss":35.0,"damage_taken":0.0},{"damage_healed":0.0,"max_hp_gain":0.0,"max_hp_loss":0.0,"gold_gain":0.0,"event_name":"Vampires","player_choice":"Ignored","floor":19.0,"gold_loss":0.0,"damage_taken":0.0},{"damage_healed":0.0,"max_hp_gain":0.0,"max_hp_loss":0.0,"gold_gain":0.0,"event_name":"The Mausoleum","player_choice":"Ignored","floor":21.0,"gold_loss":0.0,"damage_taken":0.0}],"is_beta":false,"boss_relics":[{"not_picked":["Velvet Choker","energizedSpire:RedRose"],"picked":"energizedSpire:HugeHouse"}],"items_purged_floors":[4],"is_endless":false,"potions_floor_spawned":[16],"killed_by":"Gremlin Leader","ascension_level":20}}