{"host":"v4pe0ixo3k7iwzp0","time":1610243678,"event":{"mods":["Ascension Reborn","BaseMod","Bestiary","Highlight Path","Minty Spire (QoL Compilation)","StSLib","The Marked"],"gold_per_floor":[118,118,118,148,164,217,217,239,239,282,322,123,146,194,194,339,339,361,58,58,83,101,150,150,167,198,92,115,145,145,28,28,176,176,205,230,258,277,94,134,156,204,235,235,20,20,38,56,56,56],"floor_reached":51,"playtime":3462,"items_purged":["Strike_P","Fasting2","Strike_P","Strike_P"],"score":169,"play_id":"a468c577-d3a8-4a0b-909c-82a15a82a706","local_time":"20210109175438","is_ascension_mode":true,"campfire_choices":[{"data":"Eruption","floor":7,"key":"SMITH"},{"data":"MentalFortress","floor":15,"key":"SMITH"},{"floor":24,"key":"REST"},{"data":"Establishment","floor":32,"key":"SMITH"},{"data":"CutThroughFate","floor":44,"key":"SMITH"},{"data":"ThirdEye","floor":46,"key":"SMITH"},{"data":"FlurryOfBlows","floor":49,"key":"SMITH"}],"circlet_count":0,"master_deck":["Defend_P","Defend_P","Defend_P","Defend_P+1","Eruption+1","Vigilance","Protect","Injury","ThirdEye+1","ClearTheMind","BowlingBash+1","Crescendo+1","MentalFortress+1","Halt","Establishment+1","Fasting2+1","FlurryOfBlows+1","FlurryOfBlows+1","ClearTheMind+1","TalkToTheHand+1","TalkToTheHand+1","FlurryOfBlows+1","CutThroughFate+1","LikeWater+1","Wireheading+1","Halt","Tantrum+1","FlurryOfBlows+1"],"relics":["PureWater","Golden Idol","Bag of Preparation","Mango","MealTicket","Meat on the Bone","Odd Mushroom","Damaru","PreservedInsect","Boot","Prayer Wheel","SlaversCollar","Pen Nib","Nunchaku","Regal Pillow","Smiling Mask","Ancient Tea Set","Pocketwatch","Philosopher\u0027s Stone","Happy Flower","Vajra","War Paint","Lantern","FossilizedHelix"],"acts_visited":["Exordium","TheCity","TheBeyond"],"potions_floor_usage":[6,8,11,16,16,21,21,21,23,29,36,40,50,50],"damage_taken":[{"damage":0,"enemies":"2 Louse","floor":1,"turns":2},{"damage":0,"enemies":"Jaw Worm","floor":4,"turns":4},{"damage":0,"enemies":"Small Slimes","floor":5,"turns":3},{"damage":6,"enemies":"Gremlin Nob","floor":6,"turns":4},{"damage":0,"enemies":"3 Louse","floor":8,"turns":1},{"damage":0,"enemies":"The Mushroom Lair","floor":10,"turns":4},{"damage":4,"enemies":"Lagavulin","floor":11,"turns":3},{"damage":0,"enemies":"Gremlin Gang","floor":13,"turns":3},{"damage":0,"enemies":"3 Sentries","floor":14,"turns":4},{"damage":11,"enemies":"The Guardian","floor":16,"turns":7},{"damage":0,"enemies":"Shell Parasite","floor":18,"turns":4},{"damage":0,"enemies":"2 Thieves","floor":21,"turns":2},{"damage":0,"enemies":"Snake Plant","floor":22,"turns":2},{"damage":17,"enemies":"Gremlin Leader","floor":23,"turns":3},{"damage":0,"enemies":"Shelled Parasite and Fungi","floor":25,"turns":2},{"damage":0,"enemies":"Centurion and Healer","floor":28,"turns":4},{"damage":0,"enemies":"Cultist and Chosen","floor":29,"turns":3},{"damage":0,"enemies":"Collector","floor":33,"turns":6},{"damage":0,"enemies":"3 Darklings","floor":35,"turns":5},{"damage":0,"enemies":"Orb Walker","floor":36,"turns":3},{"damage":0,"enemies":"Maw","floor":37,"turns":4},{"damage":3,"enemies":"Jaw Worm Horde","floor":38,"turns":3},{"damage":0,"enemies":"Reptomancer","floor":40,"turns":3},{"damage":0,"enemies":"Writhing Mass","floor":41,"turns":4},{"damage":0,"enemies":"Giant Head","floor":42,"turns":2},{"damage":0,"enemies":"4 Shapes","floor":47,"turns":4},{"damage":0,"enemies":"Maw","floor":48,"turns":4},{"damage":0,"enemies":"Donu and Deca","floor":50,"turns":3}],"seed_played":"8774180020900516256","potions_obtained":[{"floor":1,"key":"BottledMiracle"},{"floor":4,"key":"Dexterity Potion"},{"floor":4,"key":"Block Potion"},{"floor":6,"key":"Fire Potion"},{"floor":8,"key":"Strength Potion"},{"floor":11,"key":"Fruit Juice"},{"floor":11,"key":"BottledMiracle"},{"floor":16,"key":"Fire Potion"},{"floor":18,"key":"Fire Potion"},{"floor":21,"key":"SmokeBomb"},{"floor":22,"key":"FearPotion"},{"floor":23,"key":"SkillPotion"},{"floor":25,"key":"Explosive Potion"},{"floor":29,"key":"FearPotion"},{"floor":36,"key":"ColorlessPotion"},{"floor":40,"key":"Strength Potion"},{"floor":41,"key":"StancePotion"}],"is_trial":false,"path_per_floor":["M","?","?","M","M","E","R","M","T","?","E","$","M","E","R","B",null,"M","$","?","M","M","E","R","M","T","$","M","M","?","$","R","B",null,"M","M","M","M","$","E","M","E","T","R","$","R","M","M","R","B",null],"character_chosen":"WATCHER","items_purchased":["MentalFortress","PreservedInsect","Pen Nib","Nunchaku","Ancient Potion","Ancient Tea Set","Happy Flower","Halt","FossilizedHelix"],"campfire_rested":1,"item_purchase_floors":[12,12,19,19,27,31,39,39,45],"current_hp_per_floor":[83,83,83,83,83,97,97,97,97,97,100,102,102,102,102,97,106,106,106,106,106,106,89,106,106,106,106,106,106,106,106,106,110,110,110,110,110,107,110,110,110,110,110,110,110,110,110,110,110,114],"gold":56,"neow_bonus":"TEN_PERCENT_HP_BONUS","is_daily":false,"chose_seed":false,"campfire_upgraded":6,"win_rate":0.0,"timestamp":1610243678,"path_taken":["M","?","?","M","M","E","R","M","T","?","E","$","M","E","R","BOSS","M","$","?","M","M","E","R","M","T","$","M","M","?","$","R","BOSS","M","M","M","M","$","E","M","E","T","R","$","R","?","M","R","BOSS"],"items_purchased_type":["Card","Relic","Relic","Relic","Potion","Relic","Relic","Card","Relic"],"build_version":"2020-12-22","purchased_purges":4,"victory":true,"max_hp_per_floor":[83,83,83,83,83,97,97,97,97,97,102,102,102,102,102,106,106,106,106,106,106,106,106,106,106,106,106,106,106,106,106,106,110,110,110,110,110,110,110,110,110,110,110,110,110,110,110,110,110,114],"card_choices":[{"not_picked":["Crescendo","PathToVictory"],"picked":"Protect","floor":1},{"not_picked":["CarveReality+1","Halt"],"picked":"ThirdEye","floor":4},{"not_picked":["JustLucky","Crescendo"],"picked":"ClearTheMind","floor":5},{"not_picked":["Omniscience","CrushJoints"],"picked":"BowlingBash+1","floor":6},{"not_picked":["Prostrate","Crescendo"],"picked":"Fasting2","floor":6},{"not_picked":["Vault","CarveReality","Meditate"],"picked":"SKIP","floor":8},{"not_picked":["BowlingBash","CrushJoints"],"picked":"Crescendo+1","floor":10},{"not_picked":["Scrawl","WindmillStrike","SandsOfTime"],"picked":"SKIP","floor":11},{"not_picked":["SashWhip","ThirdEye","PathToVictory"],"picked":"SKIP","floor":11},{"not_picked":["BowlingBash","Meditate","Weave"],"picked":"SKIP","floor":13},{"not_picked":["PathToVictory","ForeignInfluence"],"picked":"Halt","floor":14},{"not_picked":["BowlingBash","Meditate","WindmillStrike"],"picked":"SKIP","floor":14},{"not_picked":["DeusExMachina","Wish"],"picked":"Establishment","floor":16},{"not_picked":["SignatureMove+1","BowlingBash"],"picked":"Fasting2+1","floor":18},{"not_picked":["Prostrate","Conclude+1"],"picked":"FlurryOfBlows+1","floor":18},{"not_picked":["ForeignInfluence","FollowUp+1"],"picked":"FlurryOfBlows+1","floor":21},{"not_picked":["BowlingBash+1","FollowUp","Wireheading"],"picked":"SKIP","floor":21},{"not_picked":["Swivel","CrushJoints"],"picked":"ClearTheMind","floor":22},{"not_picked":["BowlingBash","FollowUp+1","Blasphemy"],"picked":"SKIP","floor":22},{"not_picked":["FlyingSleeves+1","MasterReality"],"picked":"TalkToTheHand+1","floor":23},{"not_picked":["PathToVictory","JustLucky"],"picked":"TalkToTheHand+1","floor":25},{"not_picked":["Evaluate","FlyingSleeves+1","Meditate+1"],"picked":"SKIP","floor":25},{"not_picked":["Blasphemy","Meditate","Study"],"picked":"SKIP","floor":28},{"not_picked":["Protect","BowlingBash+1","Prostrate"],"picked":"SKIP","floor":28},{"not_picked":["SandsOfTime+1","CarveReality"],"picked":"FlurryOfBlows+1","floor":29},{"not_picked":["TalkToTheHand","InnerPeace","ReachHeaven"],"picked":"SKIP","floor":29},{"not_picked":["FlyingSleeves+1","Worship+1"],"picked":"CutThroughFate","floor":35},{"not_picked":["CrushJoints","Sanctity+1"],"picked":"LikeWater+1","floor":35},{"not_picked":["Crescendo+1","EmptyMind+1","Prostrate+1"],"picked":"SKIP","floor":36},{"not_picked":["SashWhip+1","BowlingBash","CutThroughFate"],"picked":"SKIP","floor":36},{"not_picked":["CutThroughFate+1","ClearTheMind+1","Omniscience"],"picked":"SKIP","floor":37},{"not_picked":["EmptyFist","ReachHeaven+1","CrushJoints+1"],"picked":"SKIP","floor":37},{"not_picked":["CrushJoints+1","Collect+1"],"picked":"Wireheading+1","floor":38},{"not_picked":["Crescendo+1","Protect","CutThroughFate+1"],"picked":"SKIP","floor":38},{"not_picked":["ForeignInfluence+1","ClearTheMind+1"],"picked":"Tantrum+1","floor":40},{"not_picked":["CrushJoints","CarveReality+1","Worship+1"],"picked":"SKIP","floor":41},{"not_picked":["Meditate","Crescendo+1","Devotion"],"picked":"SKIP","floor":41},{"not_picked":["SashWhip+1","Crescendo+1","EmptyFist+1"],"picked":"SKIP","floor":42},{"not_picked":["Evaluate+1","Adaptation"],"picked":"FlurryOfBlows","floor":47},{"not_picked":["Conclude","Evaluate+1","ThirdEye+1"],"picked":"SKIP","floor":47},{"not_picked":["Omniscience","BowlingBash+1","EmptyFist+1"],"picked":"SKIP","floor":48},{"not_picked":["JustLucky+1","Crescendo","PathToVictory"],"picked":"SKIP","floor":48}],"player_experience":108460,"relics_obtained":[{"floor":5,"key":"Bag of Preparation"},{"floor":6,"key":"Mango"},{"floor":8,"key":"MealTicket"},{"floor":9,"key":"Meat on the Bone"},{"floor":10,"key":"Odd Mushroom"},{"floor":11,"key":"Damaru"},{"floor":14,"key":"Boot"},{"floor":16,"key":"Prayer Wheel"},{"floor":23,"key":"Regal Pillow"},{"floor":26,"key":"Smiling Mask"},{"floor":33,"key":"Pocketwatch"},{"floor":40,"key":"Vajra"},{"floor":42,"key":"War Paint"},{"floor":43,"key":"Lantern"}],"event_choices":[{"damage_healed":0,"gold_gain":0,"player_choice":"Ignored","damage_taken":0,"max_hp_gain":0,"max_hp_loss":0,"event_name":"Golden Wing","floor":2,"gold_loss":0},{"damage_healed":0,"gold_gain":0,"player_choice":"Take Wound","damage_taken":0,"relics_obtained":["Golden Idol"],"max_hp_gain":0,"max_hp_loss":0,"event_name":"Golden Idol","floor":3,"gold_loss":0,"cards_obtained":["Injury"]},{"damage_healed":0,"gold_gain":0,"player_choice":"Fought Mushrooms","damage_taken":0,"max_hp_gain":0,"max_hp_loss":0,"event_name":"Mushrooms","floor":10,"gold_loss":0},{"cards_removed":["Strike_P"],"damage_healed":0,"gold_gain":0,"player_choice":"Elegance","damage_taken":0,"max_hp_gain":0,"max_hp_loss":0,"event_name":"Back to Basics","floor":20,"gold_loss":0},{"damage_healed":0,"gold_gain":0,"player_choice":"Leave","damage_taken":0,"max_hp_gain":0,"max_hp_loss":0,"event_name":"FaceTrader","floor":30,"gold_loss":0}],"is_beta":false,"boss_relics":[{"not_picked":["Ectoplasm","SacredBark"],"picked":"SlaversCollar"},{"not_picked":["Velvet Choker","Runic Pyramid"],"picked":"Philosopher\u0027s Stone"}],"items_purged_floors":[12,19,27,39],"is_endless":false,"potions_floor_spawned":[4,6,11,14,25,28,37,40,41],"ascension_level":-19}}