{"host":"eqvoimh73njwfgdh","time":1610309218,"event":{"mods":["AchievementEnabler","BaseMod","Better Altar","Better Match","Better Note","Better Sensory Stone","Better Skull","Better Third Choice","BetterRewards","Colored Powertips","Conspire","Downfall","Energized Spire","Halation","Hubris","Infinite Spire","Minty Spire (QoL Compilation)","Permanent Neow","Rare Cards Sparkle","Relic Stats","Replay The Spire","Spicy Shops","StSLib","The Animator","The Blue Laboratory","vexMod"],"gold_per_floor":[112,112,131,151,151,179,179,208,208,227,140,140,153,196,196,299,324,340,351,376,376,376],"floor_reached":21,"playtime":1560,"items_purged":[],"score":299,"play_id":"ce4dbe7d-848c-4a9a-b8d3-38214eb33ec5","local_time":"20210110210658","is_ascension_mode":true,"campfire_choices":[{"floor":12,"key":"REST"},{"floor":15,"key":"REST"}],"circlet_count":0,"master_deck":["animator:Strike_NoGameNoLife","animator:Defend_NoGameNoLife","animator:DolaSchwi+1","animator:DolaCouronne","animator:Magilou","animator:Kaijin","animator:Arpeggio","animator:Archer","animator:Shinoa","animator:UneriGinkaku","animator:Melzalgald","animator:Strike_FullmetalAlchemist","animator:Strike_OnePunchMan","animator:Strike_MadokaMagica+1","animator:Defend_NoGameNoLife","animator:Defend_FullmetalAlchemist","animator:Defend_MadokaMagica","animator:DolaSchwi","animator:Jibril","animator:Gilgamesh+2","Shame","sneckomod:SnekBite","animator:Shiro","animator:Kagari","ReplayTheSpireMod:Black Plague","animator:ElricAlphonse","animator:CowGirl","infinitespire:Oblivion"],"relics":["animator:LivingPicture","animator:TheMissingPiece","animator:PurgingStone","infinitespire:Beetle Shell","Happy Flower","halation:AfternoonTea","Chameleon Ring","animator:ShionDessert","ReplayTheSpireMod:SealedPack","Replay:Arrowhead"],"acts_visited":["Exordium","TheCity"],"potions_floor_usage":[16,16,21,21],"damage_taken":[{"damage":1,"enemies":"Small Slimes","floor":1,"turns":4},{"damage":0,"enemies":"conspire:RoseBush","floor":3,"turns":4},{"damage":8,"enemies":"Jaw Worm","floor":4,"turns":4},{"damage":3,"enemies":"Lagavulin","floor":6,"turns":5},{"damage":14,"enemies":"Replay:BlueRogue","floor":8,"turns":6},{"damage":4,"enemies":"2 Fungi Beasts","floor":10,"turns":3},{"damage":10,"enemies":"Blue Slaver","floor":13,"turns":3},{"damage":17,"enemies":"Lagavulin","floor":14,"turns":6},{"damage":0,"enemies":"Fading Forest","floor":16,"turns":10},{"damage":32,"enemies":"2 Thieves","floor":18,"turns":4},{"damage":6,"enemies":"3 Byrds","floor":19,"turns":4},{"damage":42,"enemies":"3 Cultists","floor":21,"turns":5}],"seed_played":"1543077931839880559","potions_obtained":[{"floor":6,"key":"blueLaboratory:TrueEctoplasm"},{"floor":8,"key":"Adrenaline Potion"},{"floor":10,"key":"blueLaboratory:NullPotion"},{"floor":16,"key":"FearPotion"},{"floor":18,"key":"Reflective Coating"}],"is_trial":false,"path_per_floor":["M","?","M","M","?","E","?","E","T","M","?","R","M","E","R","B",null,"M","M","AVR","M"],"character_chosen":"THE_ANIMATOR","items_purchased":[],"campfire_rested":2,"item_purchase_floors":[],"current_hp_per_floor":[65,65,65,57,57,54,54,40,40,36,36,55,54,37,56,66,67,35,29,29,0,0],"gold":376,"neow_bonus":"RANDOM_COLORLESS","is_daily":false,"chose_seed":false,"campfire_upgraded":0,"win_rate":0.0,"timestamp":1610309218,"path_taken":["M","?","M","M","?","E","?","E","T","?","?","R","M","E","R","BOSS","M","M","AVR","M"],"items_purchased_type":[],"build_version":"2020-12-22","purchased_purges":0,"victory":false,"max_hp_per_floor":[66,66,66,66,66,66,66,66,66,66,66,66,66,66,66,66,67,67,67,67,67,67],"relic_stats":{"Happy Flower":[13],"counters":[12,58],"obtain_stats":[{"animator:ShionDessert":14,"Chameleon Ring":8,"animator:PurgingStone":0,"Happy Flower":6,"animator:TheMissingPiece":0,"animator:LivingPicture":0,"infinitespire:Beetle Shell":2,"ReplayTheSpireMod:SealedPack":17,"halation:AfternoonTea":7,"Replay:Arrowhead":20},{"animator:ShionDessert":8,"Chameleon Ring":5,"animator:PurgingStone":0,"Happy Flower":4,"animator:TheMissingPiece":0,"animator:LivingPicture":0,"infinitespire:Beetle Shell":1,"ReplayTheSpireMod:SealedPack":9,"halation:AfternoonTea":4,"Replay:Arrowhead":11},{"animator:ShionDessert":35,"Chameleon Ring":23,"animator:PurgingStone":0,"Happy Flower":17,"animator:TheMissingPiece":0,"animator:LivingPicture":0,"infinitespire:Beetle Shell":4,"ReplayTheSpireMod:SealedPack":45,"halation:AfternoonTea":17,"Replay:Arrowhead":53}]},"card_choices":[{"not_picked":["animator:Canti","animator:IchigoKurosaki"],"picked":"animator:Magilou","floor":0},{"not_picked":["animator:KrulTepes","animator:Berserker"],"picked":"animator:Kaijin","floor":1},{"not_picked":["animator:Sloth","animator:Caster"],"picked":"animator:Arpeggio","floor":3},{"not_picked":["animator:ItamiYouji","animator:UneriGinkaku"],"picked":"animator:Archer","floor":4},{"not_picked":["animator:KrulTepes","animator:Mikaela"],"picked":"animator:Shinoa","floor":6},{"not_picked":["animator:Sebas","animator:Azekura"],"picked":"animator:UneriGinkaku","floor":8},{"not_picked":["animator:Sloth","animator:Vanir"],"picked":"animator:Melzalgald","floor":10},{"not_picked":["animator:ElricEdward","animator:Guy"],"picked":"animator:DolaSchwi","floor":13},{"not_picked":["animator:DolaCouronne","animator:IzunaHatsuse"],"picked":"animator:Jibril","floor":14},{"not_picked":["animator:GoblinSlayer","animator:ChaikaTrabant"],"picked":"animator:Gilgamesh","floor":16},{"not_picked":["hubris:MerchantsHand","champ:Execute"],"picked":"sneckomod:SnekBite","floor":17},{"not_picked":["animator:Biyorigo","animator:Tatsumaki"],"picked":"animator:Shiro","floor":17},{"not_picked":["animator:MisakiNakahara","animator:Shimakaze"],"picked":"animator:Kagari","floor":17},{"not_picked":["infinitespire:TheBestDefense","hubris:InfiniteBlow"],"picked":"ReplayTheSpireMod:Black Plague","floor":17},{"not_picked":["animator:Shuna","animator:Melzalgald"],"picked":"animator:ElricAlphonse","floor":18},{"not_picked":["animator:Millim","animator:Bozes"],"picked":"animator:CowGirl","floor":19}],"player_experience":129045,"relics_obtained":[{"floor":2,"key":"infinitespire:Beetle Shell"},{"floor":6,"key":"Happy Flower"},{"floor":7,"key":"halation:AfternoonTea"},{"floor":8,"key":"Chameleon Ring"},{"floor":14,"key":"animator:ShionDessert"}],"event_choices":[{"damage_healed":0,"gold_gain":0,"player_choice":"Grow","damage_taken":0,"max_hp_gain":0,"max_hp_loss":0,"event_name":"Living Wall","floor":5,"gold_loss":0,"cards_upgraded":["animator:DolaSchwi"]},{"damage_healed":0,"gold_gain":0,"player_choice":"Relic","damage_taken":0,"max_hp_gain":0,"max_hp_loss":0,"event_name":"Wheel of Change","floor":7,"gold_loss":0}],"is_beta":false,"boss_relics":[{"not_picked":["animator:VividPicture","Busted Crown"],"picked":"ReplayTheSpireMod:SealedPack"}],"items_purged_floors":[],"is_endless":false,"potions_floor_spawned":[6,8,10,16,18],"killed_by":"3 Cultists","ascension_level":4}}