{"host":"2lo6hma6kymb0g9i","time":1610258514,"event":{"mods":["BaseMod","Colored Map","DeckTracker","Minty Spire (QoL Compilation)"],"gold_per_floor":[114,114,114,131,149,149,167,167,167,167,196,196,121,133,133,233,233,243,261,261,26,26,26,26,40,63,63,98,110,110,143,143,247,247,260,71,71,71],"floor_reached":39,"playtime":3090,"items_purged":["Pain","Reprogram","Creative AI"],"score":851,"play_id":"5228cfdb-c700-4509-b433-16b7a3e0faca","local_time":"20210110150154","is_ascension_mode":true,"campfire_choices":[{"data":"Chill","floor":6,"key":"SMITH"},{"data":"Doom and Gloom","floor":8,"key":"SMITH"},{"data":"Cold Snap","floor":12,"key":"SMITH"},{"data":"Barrage","floor":15,"key":"SMITH"},{"data":"Defragment","floor":23,"key":"SMITH"},{"data":"Fission","floor":27,"key":"SMITH"},{"data":"Capacitor","floor":30,"key":"SMITH"},{"data":"Echo Form","floor":32,"key":"SMITH"}],"circlet_count":0,"master_deck":["Zap","Dualcast","Seek","Chill+1","Cold Snap+1","Barrage+1","Doom and Gloom+1","Reinforced Body","Echo Form+1","Chill","Fission+1","Coolheaded","Self Repair","Fusion","Reinforced Body+1","Defragment+1","Capacitor+1","Glacier","Glacier","Biased Cognition","Turbo"],"relics":["Cracked Core","InkBottle","WarpedTongs","Pantograph","Pandora\u0027s Box","Enchiridion","Membership Card","Nunchaku","Sundial","Dream Catcher","Black Star","Cables"],"acts_visited":["Exordium","TheCity","TheBeyond"],"potions_floor_usage":[11,19,28,38,38],"damage_taken":[{"damage":2,"enemies":"Jaw Worm","floor":1,"turns":3},{"damage":0,"enemies":"Cultist","floor":4,"turns":4},{"damage":0,"enemies":"Small Slimes","floor":5,"turns":2},{"damage":11,"enemies":"Exordium Thugs","floor":7,"turns":5},{"damage":17,"enemies":"Lagavulin","floor":11,"turns":6},{"damage":0,"enemies":"2 Fungi Beasts","floor":14,"turns":2},{"damage":9,"enemies":"Hexaghost","floor":16,"turns":9},{"damage":0,"enemies":"3 Byrds","floor":18,"turns":3},{"damage":22,"enemies":"Shell Parasite","floor":19,"turns":6},{"damage":2,"enemies":"Snecko","floor":25,"turns":4},{"damage":13,"enemies":"Slavers","floor":28,"turns":7},{"damage":0,"enemies":"Centurion and Healer","floor":29,"turns":4},{"damage":0,"enemies":"Gremlin Leader","floor":31,"turns":4},{"damage":6,"enemies":"Automaton","floor":33,"turns":12},{"damage":3,"enemies":"Orb Walker","floor":35,"turns":4},{"damage":41,"enemies":"Time Eater","floor":38,"turns":13}],"seed_played":"7675675767692810826","potions_obtained":[{"floor":1,"key":"Strength Potion"},{"floor":7,"key":"Strength Potion"},{"floor":11,"key":"Explosive Potion"},{"floor":14,"key":"EssenceOfSteel"},{"floor":16,"key":"FocusPotion"},{"floor":19,"key":"GamblersBrew"},{"floor":31,"key":"Block Potion"}],"is_trial":false,"path_per_floor":["M","?","$","M","M","R","M","R","T","?","E","R","$","M","R","B",null,"M","M","?","$","?","R","$","M","T","R","E","M","R","E","R","B",null,"M","$","?","B",null],"character_chosen":"DEFECT","items_purchased":["Membership Card","Defragment","Cables"],"campfire_rested":0,"item_purchase_floors":[21,21,36],"current_hp_per_floor":[48,48,48,48,48,48,37,37,37,37,20,20,20,20,20,36,65,72,57,41,41,41,41,41,46,46,46,47,54,54,61,61,75,75,72,72,72,34],"gold":71,"neow_bonus":"THREE_RARE_CARDS","is_daily":false,"chose_seed":false,"campfire_upgraded":8,"win_rate":0.0,"timestamp":1610258514,"path_taken":["M","?","?","M","?","R","M","R","T","?","E","R","$","?","R","BOSS","M","M","?","$","?","R","?","?","T","R","E","M","R","E","R","BOSS","M","$","?","BOSS"],"items_purchased_type":["Relic","Card","Relic"],"build_version":"2020-12-22","purchased_purges":3,"victory":true,"max_hp_per_floor":[75,75,75,75,75,75,75,75,75,75,75,75,75,75,75,75,75,75,75,75,75,75,75,75,75,75,75,75,75,75,75,75,75,75,75,75,75,75],"card_choices":[{"not_picked":["Reboot","Creative AI"],"picked":"Seek","floor":0},{"not_picked":["Rip and Tear","Sweeping Beam"],"picked":"Chill","floor":1},{"not_picked":["BootSequence","Leap"],"picked":"Cold Snap","floor":4},{"not_picked":["Sweeping Beam","Hologram"],"picked":"Barrage","floor":5},{"not_picked":["Conserve Battery","Loop"],"picked":"Doom and Gloom","floor":7},{"not_picked":["Stack","Compile Driver"],"picked":"Reinforced Body","floor":11},{"not_picked":["Blizzard","Reinforced Body","Turbo"],"picked":"SKIP","floor":14},{"not_picked":["Electrodynamics","Fission"],"picked":"Echo Form","floor":16},{"not_picked":["Hologram","Go for the Eyes","Rip and Tear"],"picked":"SKIP","floor":18},{"not_picked":["Compile Driver","Ball Lightning"],"picked":"Reinforced Body+1","floor":19},{"not_picked":["Sweeping Beam+1","Heatsinks+1","Darkness"],"picked":"SKIP","floor":25},{"not_picked":["Seek","Stack"],"picked":"Capacitor","floor":28},{"not_picked":["Coolheaded","Hologram+1"],"picked":"Glacier","floor":29},{"not_picked":["All For One","Rip and Tear"],"picked":"Glacier","floor":31},{"not_picked":["Echo Form","Multi-Cast"],"picked":"Biased Cognition","floor":33},{"not_picked":["Turbo","Rebound","Sweeping Beam"],"picked":"SKIP","floor":35},{"not_picked":["Rebound","Sweeping Beam"],"picked":"Turbo","floor":35}],"player_experience":998133,"relics_obtained":[{"floor":9,"key":"InkBottle"},{"floor":11,"key":"Pantograph"},{"floor":20,"key":"Enchiridion"},{"floor":26,"key":"Nunchaku"},{"floor":28,"key":"Sundial"},{"floor":31,"key":"Dream Catcher"}],"event_choices":[{"cards_removed":["Strike_B"],"damage_healed":0,"gold_gain":0,"player_choice":"Offered Basic","damage_taken":0,"max_hp_gain":0,"max_hp_loss":0,"event_name":"Bonfire Elementals","floor":2,"gold_loss":0},{"damage_healed":0,"gold_gain":0,"player_choice":"Rummage","damage_taken":0,"relics_obtained":["WarpedTongs"],"max_hp_gain":0,"max_hp_loss":0,"event_name":"Accursed Blacksmith","floor":10,"gold_loss":0,"cards_obtained":["Pain"]},{"damage_healed":0,"gold_gain":0,"player_choice":"Obtained Book","damage_taken":16,"max_hp_gain":0,"max_hp_loss":0,"event_name":"Cursed Tome","floor":20,"gold_loss":0},{"damage_healed":0,"gold_gain":0,"player_choice":"Ignored","damage_taken":0,"max_hp_gain":0,"max_hp_loss":0,"event_name":"The Mausoleum","floor":22,"gold_loss":0},{"damage_healed":0,"gold_gain":0,"player_choice":"Took Portal","damage_taken":0,"max_hp_gain":0,"max_hp_loss":0,"event_name":"SecretPortal","floor":37,"gold_loss":0}],"is_beta":false,"boss_relics":[{"not_picked":["Empty Cage","Coffee Dripper"],"picked":"Pandora\u0027s Box"},{"not_picked":["Snecko Eye","Runic Pyramid"],"picked":"Black Star"}],"items_purged_floors":[13,21,36],"is_endless":false,"potions_floor_spawned":[1,7,11,14,16,18,19,31],"ascension_level":8}}