{"host":"cwd5s03r1oaxs6mx","time":1610296528,"event":{"mods":["Act Like it!","BaseMod","Better Third Choice","BetterRewards","CapriCore","Card Filter","Colored Map","Custom Start","DeckTracker","Friendly Minions","Hubris","Infinite Spire","Marisa£¨Ùöéë¡¡Øª×âÞÞ£©","Minty Spire (QoL Compilation)","Quick Restart","Relic Stats","Shop Mod","Spicy Shops","StSLib","SuperFastMode"],"gold_per_floor":[125,125,180,180,257,257,345,122,122,122,235,235,235,260,260,643,643,653,811,811,829,829,829,859,859,859,859,879,905,940,965,965,1769,1769,1787,1329,1427,1063,1083,1117,1117,1145,1172,1191,1191,1226,1226,1261,1261,1261,1261,1261,759,790,790],"floor_reached":56,"playtime":1716,"items_purged":["Strike_MRS","Strike_MRS","Strike_MRS","Strike_MRS","Defend_MRS","Robbery"],"score":2139,"play_id":"e1a3e453-8e7e-4724-b5b9-bd9aefd286a3","local_time":"20210111013528","is_ascension_mode":true,"campfire_choices":[{"data":"MilkyWay","floor":6.0,"key":"SMITH"},{"data":"Apotheosis","floor":10.0,"key":"SMITH"},{"data":"AbsoluteMagnitude","floor":12.0,"key":"SMITH"},{"data":"Deep Breath","floor":15,"key":"SMITH"},{"data":"MilkyWay","floor":23,"key":"SMITH"},{"data":"OneTimeOff","floor":25,"key":"SMITH"},{"data":"MachineGunSpark","floor":27,"key":"SMITH"},{"data":"MilkyWay","floor":32,"key":"SMITH"},{"floor":41,"key":"RECALL"},{"data":"UltimateShortwave","floor":45,"key":"SMITH"},{"data":"PowerUp","floor":47,"key":"SMITH"},{"data":"ChargingUp","floor":49,"key":"SMITH"},{"data":"TreasureHunter","floor":52,"key":"SMITH"}],"circlet_count":0,"master_deck":["Defend_MRS","Defend_MRS+1","MasterSpark","UpSweep+1","MillisecondPulsars+1","ChargingUp+1","SporeBomb","Deep Breath+1","UnstableBomb+1","MilkyWay+1","MachineGunSpark+1","ChargingUp+1","EarthLightRay","Parasite","Parasite","AbsoluteMagnitude+1","PowerUp+1","OneTimeOff+1","Apotheosis+1","TreasureHunter+1","MilkyWay+1","ChargingUp+1","PowerUp","MilkyWay+1","UltimateShortwave+1","UnstableBomb+1","Panacea","MachineGunSpark","AsteroidBelt","Dark Shackles"],"relics":["MiniHakkero","SimpleLauncher","Membership Card","infinitespire:Satchel","War Paint","ShroomBag","hubris:PeanutButter","WingedGreaves","hubris:ScarierMask","Strawberry","Ornamental Fan","hubris:ToyBattleship","Omamori","hubris:SphereOfDissonance","MealTicket","Dream Catcher","infinitespire:Cupcake","Whetstone","Blood Vial","Medical Kit","Oddly Smooth Stone","PreservedInsect","Bag of Marbles","StrikeDummy","Akabeko","infinitespire:Beetle Shell","Orichalcum","infinitespire:Lucky Rock","Pen Nib","Happy Flower","Smiling Mask","Lantern","Lee\u0027s Waffle","infinitespire:Bottled Soul","Eternal Feather","infinitespire:PuzzleCube"],"acts_visited":["Exordium","TheCity","TheBeyond","TheEnding"],"potions_floor_usage":[36,55],"damage_taken":[{"damage":9.0,"enemies":"2 Louse","floor":1.0,"turns":3.0},{"damage":1.0,"enemies":"Cultist","floor":3.0,"turns":3.0},{"damage":14.0,"enemies":"Small Slimes","floor":5.0,"turns":3.0},{"damage":20.0,"enemies":"3 Sentries","floor":7.0,"turns":5.0},{"damage":12.0,"enemies":"Gremlin Nob","floor":11.0,"turns":3.0},{"damage":6,"enemies":"3 Louse","floor":14,"turns":3},{"damage":0,"enemies":"Slime Boss","floor":16,"turns":3},{"damage":0,"enemies":"Spheric Guardian","floor":18,"turns":2},{"damage":13,"enemies":"Shell Parasite","floor":19,"turns":3},{"damage":0,"enemies":"Shelled Parasite and Fungi","floor":21,"turns":3},{"damage":6,"enemies":"Slavers","floor":24,"turns":2},{"damage":10,"enemies":"3 Cultists","floor":28,"turns":4},{"damage":11,"enemies":"Gremlin Leader","floor":29,"turns":4},{"damage":7,"enemies":"Slavers","floor":30,"turns":3},{"damage":15,"enemies":"Gremlin Leader","floor":31,"turns":3},{"damage":10,"enemies":"hubris:MusketHawk","floor":33,"turns":4},{"damage":9,"enemies":"3 Darklings","floor":35,"turns":2},{"damage":5,"enemies":"3 Shapes","floor":37,"turns":3},{"damage":10,"enemies":"Spire Growth","floor":39,"turns":2},{"damage":0,"enemies":"Reptomancer","floor":40,"turns":2},{"damage":0,"enemies":"Giant Head","floor":42,"turns":3},{"damage":0,"enemies":"Jaw Worm Horde","floor":44,"turns":3},{"damage":11,"enemies":"Reptomancer","floor":46,"turns":3},{"damage":13,"enemies":"Nightmare","floor":48,"turns":3},{"damage":0,"enemies":"hubris:GrandSnecko","floor":50,"turns":1},{"damage":0,"enemies":"Shield and Spear","floor":54,"turns":2},{"damage":63,"enemies":"The Heart","floor":55,"turns":6}],"seed_played":"-8421500127206683971","potions_obtained":[{"floor":1.0,"key":"EssenceOfSteel"},{"floor":5.0,"key":"SpeedPotion"},{"floor":7.0,"key":"Swift Potion"},{"floor":40,"key":"EssenceOfSteel"}],"is_trial":false,"path_per_floor":["M","?","M","?","M","R","E","$","T","R","E","R","?","M","R","B",null,"M","M","?","M","?","R","E","R","T","R","M","E","E","E","R","B",null,"M","$","M","$","M","E","R","E","T","M","R","E","R","NM","R","B",null,"R","$","E","B",null],"character_chosen":"MARISA","items_purchased":["Robbery","MillisecondPulsars","ChargingUp","SimpleLauncher","Membership Card","SporeBomb","Deep Breath","infinitespire:Satchel","UnstableBomb","MilkyWay","MachineGunSpark","War Paint","PowerUp","OneTimeOff","Apotheosis","Whetstone","Blood Vial","Fruit Juice","Medical Kit","Panacea","MachineGunSpark","Oddly Smooth Stone","PreservedInsect","Bag of Marbles","Lantern","Lee\u0027s Waffle","infinitespire:Bottled Soul","infinitespire:BlackPotion","Block Potion","Dark Shackles"],"campfire_rested":0,"item_purchase_floors":[0,0,0,0,0,0,0,0,0,0,0,0,8,8,8,36,36,36,36,36,38,38,38,38,53,53,53,53,53,53],"current_hp_per_floor":[59,59,58,58,44,44,28,28,28,28,18,18,18,20,20,28,63,69,60,60,64,64,64,65,65,65,65,65,62,63,56,56,52,75,68,89,89,89,81,83,83,89,89,89,89,78,78,75,75,77,86,86,96,96,39],"gold":790,"neow_bonus":"","is_daily":false,"chose_seed":false,"campfire_upgraded":12,"win_rate":0.0,"timestamp":1610296528,"path_taken":["M","?","?","?","M","R","E","$","T","R","E","R","?","M","R","BOSS","M","M","?","?","?","R","E","R","T","R","M","E","E","E","R","BOSS","M","?","M","$","M","E","R","E","T","M","R","E","R","NM","R","BOSS","R","$","E","BOSS"],"items_purchased_type":["Card","Card","Card","Relic","Relic","Card","Card","Relic","Card","Card","Card","Relic","Card","Card","Card","Relic","Relic","Potion","Relic","Card","Card","Relic","Relic","Relic","Relic","Relic","Relic","Potion","Potion","Card"],"build_version":"2020-12-22","purchased_purges":6,"victory":true,"max_hp_per_floor":[75,75,75,75,75,75,75,75,75,75,75,75,75,75,75,75,75,75,75,75,75,75,75,82,82,82,82,82,82,82,82,82,82,82,82,89,89,89,89,89,89,89,89,89,89,89,89,89,89,89,89,89,96,96,96],"relic_stats":{"Lee\u0027s Waffle":7,"Happy Flower":[11],"counters":[87,310],"Eternal Feather":0,"PreservedInsect":418,"Pen Nib":[0],"Whetstone":["Strike_MRS","UpSweep","UnstableBomb","UpSweep"],"War Paint":["Defend_R","Defend_R","Defend_MRS","ChargingUp"],"Orichalcum":[24],"Medical Kit":[3],"Smiling Mask":0,"Blood Vial":8,"Dream Catcher":0,"Ornamental Fan":[4],"MealTicket":17,"obtain_stats":[{"infinitespire:BottledMercury":0,"Gremlin Horn":6,"CeramicFish":12,"hubris:VirtuousBlindfold":17,"Whetstone":23,"hubris:MysteriousPyramids":6,"Blood Vial":36,"Sundial":8,"Strawberry":47,"MealTicket":31,"Necronomicon":19,"Kunai":10,"Toxic Egg 2":0,"hubris:MobiusCoin":53,"Pear":53,"Happy Flower":48,"Blue Candle":14,"Oddly Smooth Stone":26,"hubris:SphereOfDissonance":30,"Eternal Feather":54,"Pen Nib":9,"infinitespire:Beetle Shell":42,"Letter Opener":13,"War Paint":54,"Akabeko":42,"Shuriken":5,"Bronze Scales":11,"hubris:PeanutButter":14,"hubris:ToyBattleship":29,"MiniHakkero":0,"StrikeDummy":40,"infinitespire:PuzzleCube":54,"Meat on the Bone":43,"infinitespire:Cupcake":34,"AmplifyWand":54,"Lantern":7,"Regal Pillow":25,"StoneCalendar":28,"Bag of Preparation":53,"hubris:EmptyBottle":0,"Smiling Mask":48,"Dream Catcher":31,"hubris:Icosahedron":45,"Matryoshka":3,"Mummified Hand":44,"infinitespire:Bottled Soul":44,"hubris:ScarierMask":34,"WingedGreaves":11,"SimpleLauncher":0,"Lee\u0027s Waffle":53,"PreservedInsect":38,"Omamori":30,"infinitespire:Lucky Rock":46,"hubris:Towel":3,"Frozen Egg 2":0,"Orichalcum":26,"Medical Kit":36,"White Beast Statue":9,"Mercury Hourglass":23,"ShroomBag":29,"ExperimentalFamiliar":17,"Ornamental Fan":4,"hubris:Spice":23,"infinitespire:Satchel":31,"Art of War":7,"Bag of Marbles":38,"Membership Card":0,"hubris:BottledRain":41},{"infinitespire:BottledMercury":0,"Gremlin Horn":36,"CeramicFish":31,"hubris:VirtuousBlindfold":41,"Whetstone":14,"hubris:MysteriousPyramids":36,"Blood Vial":77,"Sundial":37,"Strawberry":23,"MealTicket":75,"Necronomicon":42,"Kunai":38,"Toxic Egg 2":32,"hubris:MobiusCoin":58,"Pear":24,"Happy Flower":84,"Blue Candle":40,"Oddly Smooth Stone":15,"hubris:SphereOfDissonance":74,"Eternal Feather":86,"Pen Nib":4,"infinitespire:Beetle Shell":81,"Letter Opener":39,"War Paint":25,"Akabeko":81,"Shuriken":35,"Bronze Scales":5,"hubris:PeanutButter":8,"hubris:ToyBattleship":73,"MiniHakkero":0,"StrikeDummy":80,"infinitespire:PuzzleCube":86,"Meat on the Bone":21,"infinitespire:Cupcake":76,"AmplifyWand":59,"Lantern":3,"Regal Pillow":15,"StoneCalendar":48,"Bag of Preparation":24,"hubris:EmptyBottle":26,"Smiling Mask":84,"Dream Catcher":75,"hubris:Icosahedron":22,"Matryoshka":33,"Mummified Hand":22,"infinitespire:Bottled Soul":22,"hubris:ScarierMask":18,"WingedGreaves":65,"SimpleLauncher":26,"Lee\u0027s Waffle":85,"PreservedInsect":78,"Omamori":74,"infinitespire:Lucky Rock":83,"hubris:Towel":1,"Frozen Egg 2":26,"Orichalcum":47,"Medical Kit":77,"White Beast Statue":37,"Mercury Hourglass":45,"ShroomBag":17,"ExperimentalFamiliar":9,"Ornamental Fan":34,"hubris:Spice":45,"infinitespire:Satchel":49,"Art of War":30,"Bag of Marbles":78,"Membership Card":0,"hubris:BottledRain":21},{"infinitespire:BottledMercury":0,"Gremlin Horn":131,"CeramicFish":110,"hubris:VirtuousBlindfold":160,"Whetstone":46,"hubris:MysteriousPyramids":133,"Blood Vial":282,"Sundial":134,"Strawberry":78,"MealTicket":276,"Necronomicon":164,"Kunai":143,"Toxic Egg 2":121,"hubris:MobiusCoin":220,"Pear":84,"Happy Flower":301,"Blue Candle":151,"Oddly Smooth Stone":48,"hubris:SphereOfDissonance":273,"Eternal Feather":304,"Pen Nib":10,"infinitespire:Beetle Shell":292,"Letter Opener":148,"War Paint":87,"Akabeko":292,"Shuriken":128,"Bronze Scales":17,"hubris:PeanutButter":27,"hubris:ToyBattleship":270,"MiniHakkero":0,"StrikeDummy":289,"infinitespire:PuzzleCube":304,"Meat on the Bone":70,"infinitespire:Cupcake":280,"AmplifyWand":221,"Lantern":7,"Regal Pillow":48,"StoneCalendar":184,"Bag of Preparation":84,"hubris:EmptyBottle":90,"Smiling Mask":301,"Dream Catcher":276,"hubris:Icosahedron":73,"Matryoshka":124,"Mummified Hand":71,"infinitespire:Bottled Soul":73,"hubris:ScarierMask":58,"WingedGreaves":246,"SimpleLauncher":90,"Lee\u0027s Waffle":302,"PreservedInsect":285,"Omamori":273,"infinitespire:Lucky Rock":298,"hubris:Towel":2,"Frozen Egg 2":90,"Orichalcum":180,"Medical Kit":282,"White Beast Statue":142,"Mercury Hourglass":170,"ShroomBag":54,"ExperimentalFamiliar":33,"Ornamental Fan":125,"hubris:Spice":173,"infinitespire:Satchel":188,"Art of War":107,"Bag of Marbles":285,"Membership Card":0,"hubris:BottledRain":70}]},"card_choices":[{"not_picked":["NonDirectionalLaser","LuminesStrike","WitchOfGreed"],"picked":"SKIP","floor":1.0},{"not_picked":["DarkMatter","IllusionStar"],"picked":"ChargingUp","floor":3.0},{"not_picked":["BlazeAway","Orbital"],"picked":"EarthLightRay","floor":5.0},{"not_picked":["SporeBomb","GasGiant"],"picked":"AbsoluteMagnitude","floor":7.0},{"not_picked":["DragonMeteor","GravityBeat","NonDirectionalLaser"],"picked":"SKIP","floor":11.0},{"not_picked":["GalacticHalo","OortCloud","ShootingEcho"],"picked":"SKIP","floor":14},{"not_picked":["SuperNova","JA"],"picked":"TreasureHunter","floor":16},{"not_picked":["ShootingEcho+1","MachineGunSpark"],"picked":"MilkyWay","floor":18},{"not_picked":["Acceleration+1","OrrerysSun","WitchLeyline"],"picked":"SKIP","floor":19},{"not_picked":["RefractionSpark","UnstableBomb","WitchOfGreed"],"picked":"SKIP","floor":21},{"not_picked":["OneTimeOff+1","WitchLeyline"],"picked":"ChargingUp+1","floor":24},{"not_picked":["StarBarrage","MeteoricShower","PowerUp"],"picked":"SKIP","floor":28},{"not_picked":["StarBarrage","MeteoricShower"],"picked":"PowerUp","floor":28},{"not_picked":["MysteriousBeam","DarkSpark","BigCrunch"],"picked":"SKIP","floor":29},{"not_picked":["ManaRampage","DoubleSpark","NonDirectionalLaser"],"picked":"SKIP","floor":30},{"not_picked":["StarlightTyphoon+1","BigCrunch"],"picked":"MilkyWay","floor":31},{"not_picked":["BinaryStars","MaximisePower"],"picked":"UltimateShortwave","floor":33},{"not_picked":["EventHorizon+1","WitchOfGreed+1"],"picked":"UnstableBomb+1","floor":35},{"not_picked":["LuminesStrike+1","MagicChant+1","ManaConvection"],"picked":"SKIP","floor":37},{"not_picked":["UnstableBomb","ShootingEcho","GalacticHalo+1"],"picked":"SKIP","floor":39},{"not_picked":["AsteroidBelt","WitchLeyline+1","DoubleSpark"],"picked":"SKIP","floor":40},{"not_picked":["NonDirectionalLaser","AsteroidBelt","WitchOfGreed"],"picked":"SKIP","floor":42},{"not_picked":["NonDirectionalLaser","WitchOfGreed"],"picked":"AsteroidBelt","floor":42},{"not_picked":["WitchLeyline+1","OrrerysSun+1","BlazeAway+1"],"picked":"SKIP","floor":44},{"not_picked":["UnstableBomb","WitchOfGreed+1","DarkSpark"],"picked":"SKIP","floor":46},{"not_picked":["hubris:InfiniteBlow+18","infinitespire:TheBestDefense"],"picked":"infinitespire:SealOfDarkness+","floor":48},{"not_picked":["Acceleration","ShootingEcho+1","UnstableBomb+1"],"picked":"SKIP","floor":48},{"not_picked":["NonDirectionalLaser+1","GravityBeat","GrandCross+1"],"picked":"SKIP","floor":54}],"player_experience":1028236,"relics_obtained":[{"floor":7.0,"key":"ShroomBag"},{"floor":9.0,"key":"hubris:PeanutButter"},{"floor":11.0,"key":"WingedGreaves"},{"floor":24,"key":"Strawberry"},{"floor":29,"key":"Ornamental Fan"},{"floor":29,"key":"hubris:ToyBattleship"},{"floor":30,"key":"Omamori"},{"floor":30,"key":"hubris:SphereOfDissonance"},{"floor":31,"key":"MealTicket"},{"floor":31,"key":"Dream Catcher"},{"floor":40,"key":"StrikeDummy"},{"floor":42,"key":"Akabeko"},{"floor":42,"key":"infinitespire:Beetle Shell"},{"floor":43,"key":"Orichalcum"},{"floor":46,"key":"infinitespire:Lucky Rock"},{"floor":46,"key":"Pen Nib"},{"floor":48,"key":"Happy Flower"},{"floor":48,"key":"Smiling Mask"},{"floor":54,"key":"Eternal Feather"},{"floor":54,"key":"infinitespire:PuzzleCube"}],"event_choices":[{"cards_removed":["Defend_MRS"],"damage_healed":0.0,"max_hp_gain":0.0,"max_hp_loss":0.0,"gold_gain":0.0,"event_name":"Purifier","player_choice":"Purged","floor":2.0,"gold_loss":0.0,"damage_taken":0.0},{"damage_healed":0,"gold_gain":0,"player_choice":"Ignored","damage_taken":0,"max_hp_gain":0,"max_hp_loss":0,"event_name":"Purifier","floor":20,"gold_loss":0},{"damage_healed":0,"gold_gain":0,"player_choice":"Bought 0 Potions","damage_taken":0,"max_hp_gain":0,"max_hp_loss":0,"event_name":"The Woman in Blue","floor":22,"gold_loss":0}],"is_beta":false,"boss_relics":[{"not_picked":["Pandora\u0027s Box","hubris:CrackedHourglass"],"picked":"hubris:ScarierMask"},{"not_picked":["Cursed Key","Philosopher\u0027s Stone"],"picked":"infinitespire:Cupcake"}],"items_purged_floors":[0,0,0,0,36,38],"is_endless":false,"potions_floor_spawned":[1,5,7,11,19,30,31,33,35,40,42,46],"ascension_level":8}}