{"host":"xzk9bt2l7avnb6n5","time":1610309252,"event":{"mods":["Aspiration","BaseMod","BetterRewards","Conspire","Downfall","Highlight Path","Infinite Spire","Jorbs\u0027s Wanderer Trilogy","Minty Spire (QoL Compilation)","READ ME - Guardian Mod","Replay The Spire","Shop Mod","StSLib","The Bug Knight","The Disciple","The Jungle","The Servant 0.9.4","The Wild Card"],"gold_per_floor":[99,99,99,15,31,16,39,39,39,109,136,146,146,50,66,66,66,66],"floor_reached":16,"playtime":781,"items_purged":[],"score":158,"play_id":"9b4488db-9f5f-4c1b-88b9-26f8c0b35bd4","local_time":"20210110130732","is_ascension_mode":true,"campfire_choices":[{"floor":1,"key":"REST"},{"data":"Slimebound:Gluttony","floor":9,"key":"SMITH"}],"circlet_count":0,"master_deck":["AscendersBane","Slimebound:Strike_Slimebound","Slimebound:Strike_Slimebound","Slimebound:Strike_Slimebound","Slimebound:Tackle","Slimebound:Defend_Slimebound","Slimebound:Defend_Slimebound","Slimebound:Defend_Slimebound","Slimebound:Defend_Slimebound","Slimebound:Split","Slimebound:CorrosiveSpit","Slimebound:SplitMire","Slimebound:RollThrough","Slimebound:CheckThePlaybook","Slimebound:Schlurp","Slimebound:SplitBruiser","Slimebound:SplitBruiser","Slimebound:Gluttony+1","Slimebound:SplitMire","Slimebound:SamplingLick","Slimebound:RejuvenatingLick","Slimebound:Equalize","conspire:Banana","Slimebound:Recycling"],"relics":["Slimebound:AbsorbEndCombat","downfall:HeartsMalice","Simple Rune","Bottled Tornado","Thread and Needle","Ring of Panic","Ring of Misfortune"],"acts_visited":["Exordium"],"potions_floor_usage":[12,16],"damage_taken":[{"damage":0,"enemies":"Cultist","floor":2,"turns":1},{"damage":0,"enemies":"conspire:RoseBush","floor":3,"turns":1},{"damage":0,"enemies":"downfall:FleeingMerchant","floor":4,"turns":1},{"damage":26,"enemies":"Jaw Worm","floor":5,"turns":3},{"damage":4,"enemies":"downfall:FleeingMerchant","floor":6,"turns":4},{"damage":46,"enemies":"HollowMod:MossKnight","floor":11,"turns":8},{"damage":8,"enemies":"Red Slaver","floor":12,"turns":3},{"damage":30,"enemies":"downfall:FleeingMerchant","floor":14,"turns":4},{"damage":23,"enemies":"conspire:2 RoseBushes","floor":15,"turns":3},{"damage":76,"enemies":"downfall:Defect","floor":16,"turns":5}],"seed_played":"2315823143979695317","potions_obtained":[{"floor":5,"key":"SpeedPotion"},{"floor":11,"key":"AttackPotion"},{"floor":15,"key":"Strength Potion"}],"is_trial":false,"path_per_floor":["R","M","M","$","M","$","T","?","R","T","E","M","?","$","M","B"],"character_chosen":"SLIMEBOUND","items_purchased":["Slimebound:Schlurp","Slimebound:SplitBruiser","conspire:Banana"],"campfire_rested":1,"item_purchase_floors":[4,4,14],"current_hp_per_floor":[60,60,60,60,50,58,58,58,58,58,54,60,60,53,58,0,0,0],"gold":66,"neow_bonus":"THREE_ENEMY_KILL","is_daily":false,"chose_seed":false,"campfire_upgraded":1,"win_rate":0.0,"timestamp":1610309252,"path_taken":["R","M","M","?","M","$","T","?","R","?","E","?","?","$","M","BOSS"],"items_purchased_type":["Card","Card","Card"],"build_version":"2020-12-22","purchased_purges":0,"victory":false,"max_hp_per_floor":[60,60,60,60,60,60,60,60,60,60,60,60,60,60,60,62,62,62],"card_choices":[{"not_picked":["Slimebound:ProtectTheBoss","Slimebound:LeadByExample"],"picked":"Slimebound:SplitMire","floor":2},{"not_picked":["Slimebound:GoopTackle","Slimebound:ComboTackle"],"picked":"Slimebound:RollThrough","floor":3},{"not_picked":["Slimebound:Repurpose","Slimebound:Grow"],"picked":"Slimebound:CheckThePlaybook","floor":4},{"not_picked":["Slimebound:MegaLick","Slimebound:RollThrough"],"picked":"Slimebound:Gluttony","floor":5},{"not_picked":["Slimebound:SplitAcid","Slimebound:PressTheAttack"],"picked":"Slimebound:SplitMire","floor":6},{"not_picked":["Slimebound:TongueLash","Slimebound:SplitLeeching"],"picked":"Slimebound:SamplingLick","floor":11},{"not_picked":["Slimebound:GrowthPunch","Slimebound:MegaLick"],"picked":"Slimebound:RejuvenatingLick","floor":12},{"not_picked":["Slimebound:DisruptingSlam","Slimebound:FormOfPuddle"],"picked":"Slimebound:Equalize","floor":14},{"not_picked":["Slimebound:PressTheAttack","Slimebound:SplitLeeching"],"picked":"Slimebound:Recycling","floor":15}],"player_experience":471860,"relics_obtained":[{"floor":7,"key":"Simple Rune"},{"floor":10,"key":"Bottled Tornado"},{"floor":11,"key":"Thread and Needle"},{"floor":13,"key":"Ring of Panic"},{"floor":13,"key":"Ring of Misfortune"}],"event_choices":[],"is_beta":false,"boss_relics":[],"items_purged_floors":[],"is_endless":false,"potions_floor_spawned":[5,11,15],"killed_by":"downfall:Defect","ascension_level":13}}