{"host":"hcg1n1zeml53gytb","time":1610238388,"event":{"mods":["BaseMod","Better Third Choice","Colored Powertips","Displayed Cursed Tome","Hermit","Highlight Path","Minty Spire (QoL Compilation)","Quick Restart","Rare Cards Sparkle","Relic Stats","Replay The Spire","StSLib","The Cursed"],"gold_per_floor":[109,120,138,151,151,151,161,186,232,247,247,247,247],"floor_reached":12,"playtime":489,"items_purged":[],"score":98,"play_id":"f44b4ced-0c50-41ac-9343-20a80af17583","local_time":"20210109182628","is_ascension_mode":true,"campfire_choices":[{"data":"Sever Soul","floor":6.0,"key":"SMITH"}],"circlet_count":0,"master_deck":["Strike_R","Strike_R","Defend_R","Defend_R","Defend_R","Bash","Sever Soul+1","Juggernaut","Headbutt","Burning Pact","Whirlwind","Wild Strike","Hemogenesis","Pot Of Greed","Pot Of Greed","Run Through"],"relics":["Burning Blood","Grinning Jar"],"acts_visited":["Exordium"],"potions_floor_usage":[7,8,10],"damage_taken":[{"damage":6.0,"enemies":"Cultist","floor":1.0,"turns":3.0},{"damage":0.0,"enemies":"2 Louse","floor":2.0,"turns":2.0},{"damage":0.0,"enemies":"Small Slimes","floor":3.0,"turns":3.0},{"damage":15.0,"enemies":"2 Fungi Beasts","floor":4.0,"turns":3.0},{"damage":9,"enemies":"Large Slime","floor":7,"turns":4},{"damage":16,"enemies":"Gremlin Nob","floor":8,"turns":3},{"damage":0,"enemies":"Looter","floor":10,"turns":1},{"damage":25,"enemies":"3 Sentries","floor":12,"turns":3}],"seed_played":"-3587184124999978989","potions_obtained":[{"floor":1.0,"key":"HeartOfIron"},{"floor":4.0,"key":"DuplicationPotion"},{"floor":7,"key":"Adrenaline Potion"}],"is_trial":false,"path_per_floor":["M","M","M","M","?","R","M","E","T","M","?","E"],"character_chosen":"IRONCLAD","items_purchased":[],"campfire_rested":0,"item_purchase_floors":[],"current_hp_per_floor":[56,62,68,59,52,52,49,39,39,45,45,25,25],"gold":247,"neow_bonus":"TRANSFORM_TWO_CARDS","is_daily":false,"chose_seed":false,"campfire_upgraded":1,"win_rate":0.0,"timestamp":1610238388,"path_taken":["M","M","M","M","?","R","M","E","T","M","?","E"],"items_purchased_type":[],"build_version":"2020-12-22","purchased_purges":0,"victory":false,"max_hp_per_floor":[80,80,80,80,80,80,80,80,80,80,80,80,80],"relic_stats":{"counters":[8,22],"obtain_stats":[{"Grinning Jar":8,"Burning Blood":0},{"Grinning Jar":6,"Burning Blood":0},{"Grinning Jar":18,"Burning Blood":0}],"Burning Blood":42},"card_choices":[{"not_picked":["ReplayTheSpireMod:Muscle Training","Clothesline"],"picked":"Headbutt","floor":1.0},{"not_picked":["True Grit","ReplayTheSpireMod:Strike From Hell"],"picked":"Burning Pact","floor":2.0},{"not_picked":["Warcry","Wild Strike"],"picked":"Whirlwind","floor":3.0},{"not_picked":["Anger","Evolve"],"picked":"Wild Strike","floor":4.0},{"not_picked":["Metallicize","Flex"],"picked":"Hemogenesis","floor":7},{"not_picked":["Cleave","Twin Strike"],"picked":"Run Through","floor":8},{"not_picked":["Anger","Replay:Undeath\u0027s Touch","Rupture"],"picked":"SKIP","floor":10}],"player_experience":469145,"relics_obtained":[{"floor":8,"key":"Grinning Jar"}],"event_choices":[{"cards_removed":["Strike_R"],"damage_healed":0.0,"max_hp_gain":0.0,"max_hp_loss":0.0,"gold_gain":0.0,"event_name":"Golden Wing","player_choice":"Card Removal","floor":5.0,"gold_loss":0.0,"damage_taken":7.0},{"cards_removed":["Strike_R"],"damage_healed":0,"gold_gain":0,"player_choice":"Purged","damage_taken":0,"max_hp_gain":0,"max_hp_loss":0,"event_name":"Purifier","floor":11,"gold_loss":0}],"is_beta":false,"boss_relics":[],"items_purged_floors":[],"is_endless":false,"potions_floor_spawned":[1,4,7],"killed_by":"3 Sentries","ascension_level":4}}