{"host":"ynimr9ugvc6f046i","time":1610246281,"event":{"mods":["2.2 Compatiblity","BaseMod","Colored Map","DeckTracker","Highlight Path","Keyboard Shortcuts","Marisa£¨Ùöéë¡¡Øª×âÞÞ£©","Minty Spire (QoL Compilation)","Permanent Neow","Quick Restart","StSLib","SuperFastMode"],"gold_per_floor":[10,10,85,100,115,115,115],"floor_reached":6,"playtime":254,"items_purged":[],"score":43,"play_id":"26d67e60-0e34-49bc-a9e0-24f4de485337","local_time":"20210110113801","is_ascension_mode":true,"campfire_choices":[],"circlet_count":0,"master_deck":["Strike_MRS","Strike_MRS+1","Strike_MRS","Defend_MRS+1","Defend_MRS","Defend_MRS","MasterSpark","UpSweep","AlicesGift","MagicChant"],"relics":["MiniHakkero"],"acts_visited":["Exordium"],"potions_floor_usage":[6],"damage_taken":[{"damage":1.0,"enemies":"Cultist","floor":1.0,"turns":4.0},{"damage":2.0,"enemies":"Jaw Worm","floor":4.0,"turns":3.0},{"damage":0.0,"enemies":"2 Louse","floor":5.0,"turns":2.0},{"damage":37,"enemies":"Lagavulin","floor":6,"turns":8}],"seed_played":"-8151879425543799081","potions_obtained":[{"floor":1.0,"key":"SneckoOil"},{"floor":4.0,"key":"SmokeBomb"}],"is_trial":false,"path_per_floor":["M","?","?","M","M","E"],"character_chosen":"MARISA","items_purchased":[],"campfire_rested":0,"item_purchase_floors":[],"current_hp_per_floor":[74,59,48,46,46,9,9],"gold":115,"neow_bonus":"REMOVE_TWO","is_daily":false,"chose_seed":false,"campfire_upgraded":0,"win_rate":0.0,"timestamp":1610246281,"path_taken":["M","?","?","?","M","E"],"items_purchased_type":[],"build_version":"2020-12-22","purchased_purges":0,"victory":false,"max_hp_per_floor":[75,75,75,75,75,75,75],"card_choices":[{"not_picked":["EarthLightRay","LuminesStrike"],"picked":"AlicesGift","floor":1.0},{"not_picked":["GrandCross","PowerUp","MysteriousBeam"],"picked":"SKIP","floor":4.0},{"not_picked":["PulseMagic","LuminesStrike"],"picked":"MagicChant","floor":5.0}],"player_experience":546846,"relics_obtained":[],"event_choices":[{"damage_healed":0.0,"max_hp_gain":0.0,"max_hp_loss":0.0,"gold_gain":0.0,"event_name":"Shining Light","player_choice":"Entered Light","floor":2.0,"gold_loss":0.0,"damage_taken":15.0,"cards_upgraded":["Strike_MRS","Defend_MRS"]},{"damage_healed":0.0,"max_hp_gain":0.0,"max_hp_loss":0.0,"gold_gain":75.0,"event_name":"World of Goop","player_choice":"Gather Gold","floor":3.0,"gold_loss":0.0,"damage_taken":11.0}],"is_beta":false,"boss_relics":[],"items_purged_floors":[],"is_endless":false,"potions_floor_spawned":[1,4],"killed_by":"Lagavulin","ascension_level":4}}