{"host":"c3lc60y5x60jlt1y","time":1611158869,"event":{"mods":["AchievementEnabler","BaseMod","Bestiary","Colored Map","Minty Spire (QoL Compilation)","Quick Restart","StSLib","ojb\u0027s Info Mod"],"gold_per_floor":[113,113,113,113,134,178,178,212,237,271,290,24,24,48,48,139,139,157,11,34,34,59,92,92,136,136,177,177,177],"floor_reached":28,"language":"ENG","playtime":1628,"items_purged":["Strike_B"],"score":647,"play_id":"747cd29d-d59c-409a-9f4a-45ec95bd508d","local_time":"20210120180749","is_ascension_mode":true,"campfire_choices":[{"data":"Defragment","floor":7.0,"key":"SMITH"},{"data":"Coolheaded","floor":13.0,"key":"SMITH"},{"data":"Glacier","floor":15.0,"key":"SMITH"},{"floor":24.0,"key":"REST"}],"circlet_count":0,"master_deck":["AscendersBane","Strike_B","Strike_B","Strike_B+1","Defend_B","Defend_B","Defend_B","Defend_B","Zap","Dualcast","Genetic Algorithm","Defragment+1","Barrage+1","Leap","Glacier+1","Core Surge","Echo Form","Coolheaded+1","Creative AI","Doom and Gloom","FTL","Necronomicurse","Streamline+1","Doom and Gloom"],"relics":["Cracked Core","NeowsBlessing","Golden Idol","CultistMask","Whetstone","Dead Branch","PreservedInsect","TungstenRod","Fusion Hammer","Necronomicon","Boot","Potion Belt","Orichalcum","Omamori","Art of War"],"acts_visited":["Exordium","TheCity"],"potions_floor_usage":[],"damage_taken":[{"damage":0.0,"enemies":"Jaw Worm","floor":1.0,"turns":1.0},{"damage":0.0,"enemies":"Small Slimes","floor":5.0,"turns":1.0},{"damage":0.0,"enemies":"3 Sentries","floor":6.0,"turns":1.0},{"damage":26.0,"enemies":"Gremlin Nob","floor":8.0,"turns":4.0},{"damage":20.0,"enemies":"Lagavulin","floor":10.0,"turns":7.0},{"damage":0.0,"enemies":"2 Louse","floor":11.0,"turns":4.0},{"damage":5.0,"enemies":"Exordium Thugs","floor":14.0,"turns":5.0},{"damage":0.0,"enemies":"Slime Boss","floor":16.0,"turns":6.0},{"damage":24.0,"enemies":"Spheric Guardian","floor":18.0,"turns":6.0},{"damage":4.0,"enemies":"Shell Parasite","floor":20.0,"turns":8.0},{"damage":0.0,"enemies":"Gremlin Leader","floor":23.0,"turns":5.0},{"damage":17.0,"enemies":"Slavers","floor":25.0,"turns":4.0},{"damage":7.0,"enemies":"Gremlin Leader","floor":27.0,"turns":6.0},{"damage":15,"enemies":"Snake Plant","floor":28,"turns":1}],"seed_played":"-6427277859214225980","potions_obtained":[{"floor":1.0,"key":"PotionOfCapacity"},{"floor":8.0,"key":"Block Potion"},{"floor":18.0,"key":"SpeedPotion"},{"floor":27.0,"key":"Weak Potion"}],"is_trial":false,"path_per_floor":["M","?","?","?","M","E","R","E","T","E","M","$","R","M","R","B",null,"M","$","M","?","T","E","R","E","T","E","M"],"character_chosen":"DEFECT","items_purchased":["Core Surge","Echo Form","Coolheaded","FTL"],"campfire_rested":1,"item_purchase_floors":[12,12,12,19],"current_hp_per_floor":[68,68,68,68,68,68,68,42,42,22,22,22,22,17,17,17,56,32,32,28,16,16,16,36,19,19,12,0,0],"gold":177,"neow_bonus":"THREE_ENEMY_KILL","is_daily":false,"chose_seed":false,"campfire_upgraded":3,"win_rate":0.0,"timestamp":1611158869,"path_taken":["M","?","?","?","M","E","R","E","T","E","?","$","R","M","R","BOSS","M","?","M","?","?","E","R","E","T","E","M"],"items_purchased_type":["Card","Card","Card","Card"],"build_version":"2020-12-22","purchased_purges":1,"victory":false,"max_hp_per_floor":[75,75,69,69,69,69,69,69,69,69,69,69,69,69,69,69,69,69,69,69,69,69,69,69,69,69,69,69,69],"card_choices":[{"not_picked":["Aggregate","Auto Shields"],"picked":"Genetic Algorithm","floor":1.0},{"not_picked":["Streamline","FTL"],"picked":"Defragment","floor":5.0},{"not_picked":["Steam Power","Heatsinks"],"picked":"Barrage","floor":6.0},{"not_picked":["Sweeping Beam","Stack"],"picked":"Leap","floor":8.0},{"not_picked":["Recycle","Force Field"],"picked":"Glacier","floor":10.0},{"not_picked":["Beam Cell","Barrage","Sweeping Beam"],"picked":"SKIP","floor":11.0},{"not_picked":["Leap","Streamline","Reprogram"],"picked":"SKIP","floor":14.0},{"not_picked":["Reboot","Multi-Cast"],"picked":"Creative AI","floor":16.0},{"not_picked":["Steam","Cold Snap+1"],"picked":"Doom and Gloom","floor":18.0},{"not_picked":["Leap","Doom and Gloom+1","Genetic Algorithm"],"picked":"SKIP","floor":20.0},{"not_picked":["Reinforced Body","Leap","Sweeping Beam"],"picked":"SKIP","floor":23.0},{"not_picked":["Skim","Redo"],"picked":"Streamline+1","floor":25.0},{"not_picked":["FTL","Aggregate"],"picked":"Doom and Gloom","floor":27.0}],"player_experience":8198946,"relics_obtained":[{"floor":6.0,"key":"Whetstone"},{"floor":8.0,"key":"Dead Branch"},{"floor":9.0,"key":"PreservedInsect"},{"floor":10.0,"key":"TungstenRod"},{"floor":21.0,"key":"Necronomicon"},{"floor":22.0,"key":"Boot"},{"floor":23.0,"key":"Potion Belt"},{"floor":25.0,"key":"Orichalcum"},{"floor":26.0,"key":"Omamori"},{"floor":27.0,"key":"Art of War"}],"event_choices":[{"damage_healed":0.0,"max_hp_gain":0.0,"max_hp_loss":0.0,"gold_gain":0.0,"event_name":"Liars Game","player_choice":"Ignored","floor":2.0,"gold_loss":0.0,"damage_taken":0.0},{"damage_healed":0.0,"max_hp_gain":0.0,"max_hp_loss":6.0,"gold_gain":0.0,"event_name":"Golden Idol","player_choice":"Lose Max HP","floor":3.0,"gold_loss":0.0,"damage_taken":0.0,"relics_obtained":["Golden Idol"]},{"damage_healed":0.0,"max_hp_gain":0.0,"max_hp_loss":0.0,"gold_gain":0.0,"event_name":"FaceTrader","player_choice":"Trade","floor":4.0,"gold_loss":0.0,"damage_taken":0.0,"relics_obtained":["CultistMask"]},{"damage_healed":0.0,"max_hp_gain":0.0,"max_hp_loss":0.0,"gold_gain":0.0,"event_name":"Cursed Tome","player_choice":"Obtained Book","floor":21.0,"gold_loss":0.0,"damage_taken":16.0}],"is_beta":false,"boss_relics":[{"not_picked":["Ectoplasm","Empty Cage"],"picked":"Fusion Hammer"}],"items_purged_floors":[19],"is_endless":false,"potions_floor_spawned":[1,8,10,11,18,27],"killed_by":"Snake Plant","ascension_level":13}}