{"host":"skr63qsdfgeey3it","time":1611187010,"event":{"mods":["BaseMod","Colored Map","Hubris","Minty Spire (QoL Compilation)","Replay The Spire","Spicy Shops","StSLib"],"gold_per_floor":[116,116,20,20,37,37,64,64,88,88,122,21,21,31,31,128,178,194,194,144,144,157,157,157,157,157,157,167,167,167],"floor_reached":29,"language":"ENG","playtime":1578,"items_purged":["Regret"],"score":395,"play_id":"9200a260-4ea5-4977-b6be-5f790db6a340","local_time":"20210120175650","is_ascension_mode":true,"campfire_choices":[{"data":"Distraction","floor":6,"key":"SMITH"},{"floor":8,"key":"REST"},{"data":"Replay:Bag of Tricks","floor":10,"key":"SMITH"},{"floor":15,"key":"REST"},{"floor":23,"key":"REST"},{"data":"Envenom","floor":25,"key":"SMITH"}],"circlet_count":0,"master_deck":["AscendersBane","Strike_G","Strike_G","Strike_G","Strike_G","Strike_G+1","Defend_G","Defend_G","Defend_G","Defend_G","Defend_G","Survivor","Neutralize","Distraction+1","Blade Dance","Replay:Bag of Tricks+1","Terror","ReplayTheSpireMod:Scrap Shanks","Predator","Envenom+1","Outmaneuver","Leg Sweep","Cloak And Dagger"],"relics":["Ring of the Snake","WingedGreaves","Shuriken","Gambling Chip","Tiny Chest","Nunchaku","Blue Doll","Tiny House","Mummified Hand","Unceasing Top"],"acts_visited":["Exordium","TheCity"],"potions_floor_usage":[7,7,16,18,27],"damage_taken":[{"damage":2,"enemies":"2 Louse","floor":1,"turns":4},{"damage":2,"enemies":"Cultist","floor":5,"turns":4},{"damage":23,"enemies":"3 Sentries","floor":7,"turns":7},{"damage":25,"enemies":"Lagavulin","floor":11,"turns":4},{"damage":6,"enemies":"Small Slimes","floor":14,"turns":2},{"damage":11,"enemies":"Slime Boss","floor":16,"turns":7},{"damage":11,"enemies":"Shell Parasite","floor":18,"turns":3},{"damage":25,"enemies":"Chosen","floor":22,"turns":5},{"damage":22,"enemies":"Book of Stabbing","floor":27,"turns":4},{"damage":20,"enemies":"Snecko","floor":28,"turns":4},{"damage":13,"enemies":"Snake Plant","floor":29,"turns":3}],"seed_played":"3817522928033856958","potions_obtained":[{"floor":1,"key":"GamblersBrew"},{"floor":2,"key":"SneckoOil"},{"floor":14,"key":"CunningPotion"},{"floor":16,"key":"SkillPotion"},{"floor":17,"key":"SmokeBomb"},{"floor":18,"key":"Doom Potion"}],"is_trial":false,"path_per_floor":["M","?","$","?","M","R","E","R","T","R","E","$","?","M","R","B",null,"M","?","?","T","M","R","?","R","T","E","M","M"],"character_chosen":"THE_SILENT","items_purchased":["Shuriken","ReplayTheSpireMod:Scrap Shanks"],"campfire_rested":3,"item_purchase_floors":[3,12],"current_hp_per_floor":[61,61,61,61,59,59,36,57,57,57,32,32,25,19,40,29,65,54,54,54,54,29,51,51,51,51,29,9,0,0],"gold":167,"neow_bonus":"ONE_RARE_RELIC","is_daily":false,"chose_seed":false,"campfire_upgraded":3,"win_rate":0.0,"timestamp":1611187010,"path_taken":["M","?","?","?","?","R","E","R","T","R","E","$","?","M","R","BOSS","M","?","?","?","M","R","?","R","T","E","M","M"],"items_purchased_type":["Relic","Card"],"build_version":"2020-12-22","purchased_purges":1,"victory":false,"max_hp_per_floor":[70,70,70,70,70,70,70,70,70,70,70,70,70,70,70,70,75,75,75,75,75,75,75,75,75,75,75,75,75,75],"card_choices":[{"not_picked":["Prepared","Concentrate"],"picked":"Distraction","floor":1},{"not_picked":["Flechettes","Underhanded Strike"],"picked":"Blade Dance","floor":5},{"not_picked":["Tactician","Endless Agony"],"picked":"Replay:Bag of Tricks","floor":7},{"not_picked":["Escape Plan","Calculated Gamble"],"picked":"Terror","floor":11},{"not_picked":["hubris:SlightOfHand","Dodge and Roll"],"picked":"Predator","floor":14},{"not_picked":["Corpse Explosion","Bullet Time"],"picked":"Envenom","floor":16},{"not_picked":["Skewer","All Out Attack"],"picked":"Outmaneuver","floor":17},{"not_picked":["Finisher","Draining Mist","Blur"],"picked":"SKIP","floor":18},{"not_picked":["Backflip","Calculated Gamble"],"picked":"Leg Sweep","floor":22},{"not_picked":["Caltrops","Blade Dance"],"picked":"Cloak And Dagger","floor":28}],"player_experience":780852,"relics_obtained":[{"floor":4,"key":"Gambling Chip"},{"floor":7,"key":"Tiny Chest"},{"floor":9,"key":"Nunchaku"},{"floor":11,"key":"Blue Doll"},{"floor":21,"key":"Mummified Hand"},{"floor":26,"key":"Unceasing Top"}],"event_choices":[{"damage_healed":0,"gold_gain":0,"player_choice":"Got Potions","damage_taken":0,"max_hp_gain":0,"max_hp_loss":0,"event_name":"Lab","floor":2,"gold_loss":0},{"damage_healed":0,"gold_gain":0,"player_choice":"Relic","damage_taken":0,"max_hp_gain":0,"max_hp_loss":0,"event_name":"Wheel of Change","floor":4,"gold_loss":0},{"cards_removed":["Voices"],"damage_healed":0,"gold_gain":0,"player_choice":"Card Removal","damage_taken":7,"max_hp_gain":0,"max_hp_loss":0,"event_name":"Golden Wing","floor":13,"gold_loss":0},{"damage_healed":0,"gold_gain":0,"player_choice":"Bet on Murderer","damage_taken":0,"max_hp_gain":0,"max_hp_loss":0,"event_name":"The Joust","floor":20,"gold_loss":50},{"damage_healed":0,"gold_gain":0,"player_choice":"Ignored","damage_taken":0,"max_hp_gain":0,"max_hp_loss":0,"event_name":"Beggar","floor":24,"gold_loss":0}],"is_beta":false,"boss_relics":[{"not_picked":["hubris:Stopwatch","hubris:BlackHole"],"picked":"Tiny House"}],"items_purged_floors":[12],"is_endless":false,"potions_floor_spawned":[1,14,16,18,22],"killed_by":"Snake Plant","ascension_level":12}}