{"host":"sygfylmorsvdndbx","time":1611162246,"event":{"mods":["AchievementEnabler","BaseMod","Highlight Path","Minty Spire (QoL Compilation)","Permanent Neow","Quick Restart","Relic Stats"],"gold_per_floor":[119,132,132,132,45,45,79,79,132,132,146,184,184,204,204,325,325,350,363,376,376,376,376,386,386,386,417,443,368,378,404,404,507,507,523,542,559,96,106,140,140,154,232,263,263,275,275,305,305,305,305,305,4,39,39],"floor_reached":56,"language":"ENG","playtime":6710,"items_purged":["Defend_P","PathToVictory+1"],"score":1609,"play_id":"82a12d8d-6b0f-465c-b47f-e1d3fca92d13","local_time":"20210120120406","is_ascension_mode":true,"campfire_choices":[{"floor":6.0,"key":"REST"},{"data":"BowlingBash","floor":8.0,"key":"SMITH"},{"data":"CutThroughFate","floor":10.0,"key":"SMITH"},{"data":"Eruption","floor":13.0,"key":"SMITH"},{"data":"FlyingSleeves","floor":15.0,"key":"SMITH"},{"data":"SpiritShield","floor":23.0,"key":"SMITH"},{"data":"Wallop","floor":25.0,"key":"SMITH"},{"data":"Strike_P","floor":32.0,"key":"PURGE"},{"data":"Defend_P","floor":41,"key":"PURGE"},{"data":"WindmillStrike","floor":45,"key":"SMITH"},{"floor":49,"key":"RECALL"},{"data":"Alpha","floor":52,"key":"SMITH"}],"circlet_count":0,"master_deck":["Eruption+1","Vigilance","Wallop+1","BowlingBash+1","Meditate","CutThroughFate+1","ThirdEye","FlyingSleeves+1","SpiritShield+1","Swivel","Tantrum","SashWhip+1","EmptyFist+1","Protect+1","FollowUp+1","DevaForm","Perseverance+1","Establishment+1","WindmillStrike+1","Wireheading+1","Wallop","Scrawl","Protect+1","ReachHeaven+1","FlyingSleeves+1","Alpha+1","InnerPeace+1"],"relics":["PureWater","Bloody Idol","Pear","Ancient Tea Set","Centennial Puzzle","White Beast Statue","Snecko Eye","Peace Pipe","Red Mask","Bronze Scales","Gambling Chip","Astrolabe","Strawberry","Matryoshka","Nunchaku","Boot","Ornamental Fan","Toy Ornithopter","ClockworkSouvenir","StoneCalendar"],"acts_visited":["Exordium","TheCity","TheBeyond","TheEnding"],"potions_floor_usage":[37,46,50,55,55],"damage_taken":[{"damage":1.0,"enemies":"2 Louse","floor":1.0,"turns":2.0},{"damage":0.0,"enemies":"Small Slimes","floor":2.0,"turns":2.0},{"damage":1.0,"enemies":"3 Sentries","floor":7.0,"turns":3.0},{"damage":0.0,"enemies":"Jaw Worm","floor":11.0,"turns":3.0},{"damage":12.0,"enemies":"Lagavulin","floor":12.0,"turns":7.0},{"damage":0.0,"enemies":"Exordium Wildlife","floor":14.0,"turns":2.0},{"damage":0.0,"enemies":"Slime Boss","floor":16.0,"turns":4.0},{"damage":0.0,"enemies":"3 Byrds","floor":18.0,"turns":6.0},{"damage":0.0,"enemies":"Chosen","floor":19.0,"turns":2.0},{"damage":15.0,"enemies":"Snecko","floor":20.0,"turns":5.0},{"damage":0.0,"enemies":"Centurion and Healer","floor":24.0,"turns":2.0},{"damage":0.0,"enemies":"Masked Bandits","floor":27.0,"turns":2.0},{"damage":0.0,"enemies":"Gremlin Leader","floor":28.0,"turns":4.0},{"damage":2.0,"enemies":"Snake Plant","floor":30.0,"turns":3.0},{"damage":0.0,"enemies":"Book of Stabbing","floor":31.0,"turns":4.0},{"damage":0.0,"enemies":"Collector","floor":33.0,"turns":3.0},{"damage":0,"enemies":"3 Darklings","floor":35,"turns":2},{"damage":0,"enemies":"3 Shapes","floor":36,"turns":3},{"damage":15,"enemies":"Maw","floor":37,"turns":6},{"damage":0,"enemies":"4 Shapes","floor":39,"turns":3},{"damage":5,"enemies":"Giant Head","floor":40,"turns":7},{"damage":0,"enemies":"3 Darklings","floor":42,"turns":2},{"damage":0,"enemies":"Nemesis","floor":44,"turns":5},{"damage":26,"enemies":"Writhing Mass","floor":46,"turns":4},{"damage":0,"enemies":"Giant Head","floor":48,"turns":6},{"damage":12,"enemies":"Donu and Deca","floor":50,"turns":7},{"damage":47,"enemies":"Shield and Spear","floor":54,"turns":5},{"damage":32,"enemies":"The Heart","floor":55,"turns":8}],"seed_played":"-8884525889594505513","potions_obtained":[{"floor":11.0,"key":"FearPotion"},{"floor":12.0,"key":"Energy Potion"},{"floor":14.0,"key":"Weak Potion"},{"floor":16.0,"key":"FearPotion"},{"floor":19.0,"key":"SpeedPotion"},{"floor":20.0,"key":"LiquidMemories"},{"floor":24.0,"key":"Dexterity Potion"},{"floor":27.0,"key":"SkillPotion"},{"floor":28.0,"key":"GamblersBrew"},{"floor":31.0,"key":"Block Potion"},{"floor":33.0,"key":"CultistPotion"},{"floor":35,"key":"BlessingOfTheForge"},{"floor":37,"key":"Swift Potion"},{"floor":40,"key":"StancePotion"},{"floor":46,"key":"BottledMiracle"},{"floor":48,"key":"LiquidMemories"},{"floor":54,"key":"EssenceOfSteel"}],"is_trial":false,"path_per_floor":["M","M","?","?","$","R","E","R","T","R","M","E","R","M","R","B",null,"M","M","M","?","?","R","M","R","T","?","E","$","M","E","R","B",null,"M","M","M","$","M","E","R","M","T","E","R","M","?","E","R","B",null,"R","$","E","B",null],"character_chosen":"WATCHER","items_purchased":["Meditate","CutThroughFate","Wallop","Strawberry","Scrawl","Toy Ornithopter","ClockworkSouvenir"],"campfire_rested":1,"item_purchase_floors":[5,5,38,38,38,53,53],"current_hp_per_floor":[50,50,32,35,35,59,58,58,58,58,58,46,46,46,46,46,82,82,82,67,67,67,67,72,72,72,77,82,82,82,82,82,82,82,82,82,72,79,84,84,84,89,89,89,89,68,73,78,78,66,89,89,89,47,25],"gold":39,"neow_bonus":"REMOVE_TWO","is_daily":false,"chose_seed":false,"campfire_upgraded":8,"win_rate":0.0,"timestamp":1611162246,"path_taken":["M","M","?","?","?","R","E","R","T","R","M","E","R","?","R","BOSS","M","M","M","?","?","R","M","R","T","?","E","$","M","E","R","BOSS","M","M","M","$","M","E","R","M","T","E","R","M","?","E","R","BOSS","R","$","E","BOSS"],"items_purchased_type":["Card","Card","Card","Relic","Card","Relic","Relic"],"build_version":"2020-12-22","purchased_purges":2,"victory":true,"max_hp_per_floor":[72,72,72,82,82,82,82,82,82,82,82,82,82,82,82,82,82,82,82,82,82,82,82,82,82,82,82,82,82,82,82,82,82,82,82,82,82,89,89,89,89,89,89,89,89,89,89,89,89,89,89,89,89,89,89],"relic_stats":{"counters":[28,112],"Astrolabe":["Perseverance","Establishment","PathToVictory"],"StoneCalendar":[52],"Boot":[39],"Peace Pipe":2,"Centennial Puzzle":[26],"Nunchaku":[10],"Ornamental Fan":[44],"Bloody Idol":52,"Bronze Scales":[247],"Gambling Chip":[51],"Snecko Eye":[160,202,197,154],"obtain_stats":[{"Pear":4,"Golden Idol":3,"Astrolabe":34,"StoneCalendar":54,"Ancient Tea Set":7,"Boot":44,"White Beast Statue":12,"ClockworkSouvenir":53,"Peace Pipe":26,"Centennial Puzzle":9,"Nunchaku":43,"Matryoshka":40,"Ornamental Fan":48,"Bloody Idol":21,"Bronze Scales":28,"Gambling Chip":31,"Strawberry":38,"Snecko Eye":17,"Red Mask":27,"PureWater":0,"Toy Ornithopter":53},{"Pear":2,"Golden Idol":2,"Astrolabe":16,"StoneCalendar":27,"Ancient Tea Set":3,"Boot":23,"White Beast Statue":5,"ClockworkSouvenir":26,"Peace Pipe":11,"Centennial Puzzle":3,"Nunchaku":22,"Matryoshka":21,"Ornamental Fan":25,"Bloody Idol":10,"Bronze Scales":13,"Gambling Chip":15,"Strawberry":19,"Snecko Eye":7,"Red Mask":12,"PureWater":0,"Toy Ornithopter":26},{"Pear":4,"Golden Idol":4,"Astrolabe":54,"StoneCalendar":104,"Ancient Tea Set":7,"Boot":82,"White Beast Statue":17,"ClockworkSouvenir":99,"Peace Pipe":38,"Centennial Puzzle":7,"Nunchaku":77,"Matryoshka":75,"Ornamental Fan":92,"Bloody Idol":36,"Bronze Scales":44,"Gambling Chip":51,"Strawberry":65,"Snecko Eye":23,"Red Mask":40,"PureWater":0,"Toy Ornithopter":99}],"Toy Ornithopter":10},"card_choices":[{"not_picked":["EmptyBody","Protect"],"picked":"Wallop","floor":1.0},{"not_picked":["Perseverance","CrushJoints"],"picked":"BowlingBash","floor":2.0},{"not_picked":["SashWhip","Alpha"],"picked":"ThirdEye","floor":7.0},{"not_picked":["WaveOfTheHand","WindmillStrike","SignatureMove"],"picked":"SKIP","floor":11.0},{"not_picked":["Consecrate","EmptyFist"],"picked":"FlurryOfBlows","floor":12.0},{"not_picked":["FollowUp","Meditate"],"picked":"FlyingSleeves","floor":14.0},{"not_picked":["Omniscience","ConjureBlade"],"picked":"SpiritShield","floor":16.0},{"not_picked":["ReachHeaven","FlurryOfBlows","FlyingSleeves"],"picked":"SKIP","floor":18.0},{"not_picked":["EmptyFist","PathToVictory"],"picked":"Swivel","floor":19.0},{"not_picked":["Meditate","FlurryOfBlows"],"picked":"Tantrum","floor":20.0},{"not_picked":["Crescendo","FlurryOfBlows"],"picked":"SashWhip+1","floor":24.0},{"not_picked":["InnerPeace","Protect"],"picked":"EmptyFist+1","floor":27.0},{"not_picked":["BowlingBash","EmptyBody"],"picked":"Protect+1","floor":28.0},{"not_picked":["CutThroughFate+1","WreathOfFlame"],"picked":"FollowUp+1","floor":30.0},{"not_picked":["Indignation+1","Protect","CutThroughFate"],"picked":"SKIP","floor":31.0},{"not_picked":["SpiritShield","Devotion"],"picked":"DevaForm","floor":33.0},{"not_picked":["Protect","EmptyBody+1"],"picked":"WindmillStrike","floor":35},{"not_picked":["SandsOfTime","SignatureMove"],"picked":"Wireheading+1","floor":36},{"not_picked":["ClearTheMind+1","CrushJoints","JustLucky"],"picked":"SKIP","floor":37},{"not_picked":["ConjureBlade","CarveReality"],"picked":"Protect+1","floor":39},{"not_picked":["PathToVictory","DeceiveReality+1"],"picked":"ReachHeaven+1","floor":40},{"not_picked":["Pray+1","EmptyBody"],"picked":"FlyingSleeves+1","floor":42},{"not_picked":["EmptyBody+1","Indignation+1","Worship"],"picked":"SKIP","floor":44},{"not_picked":["ForeignInfluence+1","WreathOfFlame"],"picked":"Alpha","floor":46},{"not_picked":["EmptyBody","Vengeance","Indignation"],"picked":"SKIP","floor":48},{"not_picked":["BattleHymn","EmptyBody+1"],"picked":"InnerPeace+1","floor":54}],"player_experience":282520,"relics_obtained":[{"floor":7.0,"key":"Ancient Tea Set"},{"floor":9.0,"key":"Centennial Puzzle"},{"floor":12.0,"key":"White Beast Statue"},{"floor":26.0,"key":"Peace Pipe"},{"floor":27.0,"key":"Red Mask"},{"floor":28.0,"key":"Bronze Scales"},{"floor":31.0,"key":"Gambling Chip"},{"floor":40,"key":"Matryoshka"},{"floor":43,"key":"Nunchaku"},{"floor":44,"key":"Boot"},{"floor":48,"key":"Ornamental Fan"},{"floor":54,"key":"StoneCalendar"}],"event_choices":[{"damage_healed":0.0,"max_hp_gain":0.0,"max_hp_loss":0.0,"gold_gain":0.0,"event_name":"Golden Idol","player_choice":"Take Damage","floor":3.0,"gold_loss":0.0,"damage_taken":18.0,"relics_obtained":["Golden Idol"]},{"damage_healed":0.0,"max_hp_gain":0.0,"max_hp_loss":0.0,"gold_gain":0.0,"event_name":"Scrap Ooze","player_choice":"Success","floor":4.0,"gold_loss":0.0,"damage_taken":7.0,"relics_obtained":["Pear"]},{"damage_healed":0.0,"max_hp_gain":0.0,"max_hp_loss":0.0,"gold_gain":0.0,"event_name":"Forgotten Altar","player_choice":"Gave Idol","floor":21.0,"relics_lost":["Golden Idol"],"gold_loss":0.0,"damage_taken":0.0,"relics_obtained":["Bloody Idol"]},{"damage_healed":0.0,"max_hp_gain":0.0,"max_hp_loss":0.0,"gold_gain":0.0,"event_name":"Ghosts","player_choice":"Ignored","floor":22.0,"gold_loss":0.0,"damage_taken":0.0},{"damage_healed":0.0,"max_hp_gain":0.0,"max_hp_loss":0.0,"gold_gain":0.0,"event_name":"Masked Bandits","player_choice":"Fought Bandits","floor":27.0,"gold_loss":0.0,"damage_taken":0.0},{"cards_removed":["FlurryOfBlows"],"damage_healed":5,"gold_gain":0,"player_choice":"Offered Common","damage_taken":0,"max_hp_gain":0,"max_hp_loss":0,"event_name":"Bonfire Elementals","floor":47,"gold_loss":0},{"cards_removed":["FlurryOfBlows"],"damage_healed":5,"gold_gain":0,"player_choice":"Offered Special","damage_taken":0,"max_hp_gain":0,"max_hp_loss":0,"event_name":"Bonfire Elementals","floor":47,"gold_loss":0}],"is_beta":false,"boss_relics":[{"not_picked":["Runic Dome","Tiny House"],"picked":"Snecko Eye"},{"not_picked":["Black Star","Sozu"],"picked":"Astrolabe"}],"items_purged_floors":[29,38],"is_endless":false,"potions_floor_spawned":[11,12,14,16,18,19,20,24,27,28,30,31,33,35,36,37,39,40,42,44,46,48,54],"ascension_level":3}}