{"host":"uyrebrj0204enqpc","time":1611109109,"event":{"mods":["Act Like it!","Bard","BaseMod","Block Reminder","Challenge The Spire","Colored Map","Colored Powertips","DeckTracker","Downfall","GifTheSpireLib","HexUI Lib","Highlight Path","Hubris","Infinite Spire","Minty Spire (QoL Compilation)","Pale of the Ancients","Quick Restart","Random Character Button","Relic Sorter","Relic Stats","Shop Mod","StSLib","The Blue Laboratory","The Bug Knight","The Cursed","The Jungle","The Marked","Wandering Minibosses"],"gold_per_floor":[114,127,145,145,132,132,132],"floor_reached":6,"language":"ENG","playtime":298,"items_purged":[],"score":48,"play_id":"5c583155-cbe9-4156-90ee-30954c993423","local_time":"20210119211829","is_ascension_mode":true,"campfire_choices":[],"circlet_count":0,"master_deck":["theMarked:Strike","theMarked:Strike","theMarked:Strike","theMarked:Strike","theMarked:Strike","theMarked:Defend","theMarked:Defend","theMarked:Defend","theMarked:Defend","theMarked:SoldierOfQuellstein","theMarked:ElementalBlade","Madness","theMarked:TwofoldDefense"],"relics":[],"acts_visited":["Exordium"],"potions_floor_usage":[],"damage_taken":[{"damage":0,"enemies":"Cultist","floor":1,"turns":4},{"damage":12,"enemies":"Jaw Worm","floor":2,"turns":3},{"damage":2,"enemies":"2 Louse","floor":3,"turns":3},{"damage":7,"enemies":"Looter","floor":5,"turns":7},{"damage":62,"enemies":"Gremlin Nob","floor":6,"turns":5}],"seed_played":"1816825307724490321","potions_obtained":[{"floor":1,"key":"blueLaboratory:NullPotion"}],"is_trial":false,"path_per_floor":["M","M","M","?","M","E"],"character_chosen":"THE_DEFAULT","items_purchased":[],"campfire_rested":0,"item_purchase_floors":[],"current_hp_per_floor":[77,65,63,63,56,0,0],"gold":132,"neow_bonus":"TEN_PERCENT_HP_BONUS","is_daily":false,"chose_seed":false,"campfire_upgraded":0,"win_rate":0.0,"timestamp":1611109109,"path_taken":["M","M","?","?","?","E"],"items_purchased_type":[],"build_version":"2020-12-22","purchased_purges":0,"victory":false,"max_hp_per_floor":[77,77,77,77,77,77,77],"relic_stats":{"counters":[5,22],"obtain_stats":[{"theMarked:ArtifactOfAir":0},{"theMarked:ArtifactOfAir":0},{"theMarked:ArtifactOfAir":0}]},"card_choices":[{"not_picked":["theMarked:GodGivenPower","theMarked:LightningStrikesTwice","theMarked:Parry"],"picked":"SKIP","floor":1},{"not_picked":["theMarked:Reabsorb","theMarked:BanishingStrike"],"picked":"theMarked:ElementalBlade","floor":2},{"not_picked":["theMarked:Improvise","theMarked:ContemptForTheProud","theMarked:BanishingStrike"],"picked":"SKIP","floor":3},{"not_picked":["theMarked:Polarize","theMarked:ResourceFulStrike"],"picked":"theMarked:TwofoldDefense","floor":5}],"player_experience":1081819,"relics_obtained":[],"event_choices":[{"damage_healed":0,"gold_gain":0,"player_choice":"1 cards matched","damage_taken":0,"max_hp_gain":0,"max_hp_loss":0,"event_name":"Match and Keep!","floor":4,"gold_loss":0,"cards_obtained":["Madness"]}],"is_beta":false,"boss_relics":[],"items_purged_floors":[],"is_endless":false,"potions_floor_spawned":[1],"killed_by":"Gremlin Nob","ascension_level":5}}