{"host":"vahfsrte3c21740v","time":1611173019,"event":{"mods":["2.2 Compatiblity","AchievementEnabler","Aspiration","BaseMod","BetterRewards","Block Reminder","Colored Map","Colored Powertips","Conspire","Highlight Path","Hubris","Minty Spire (QoL Compilation)","Permanent Neow","Quick Restart","Rare Cards Sparkle","Reworked Bosses","StSLib","The Factory","The Jungle","Wandering Minibosses","everything is the same but u backflip on backflip","vexMod"],"gold_per_floor":[109,109,125,13,29,55,55,90,172,182,201,201,201,218,218,320,320,331,342,222,242,242,242,254,254,277,292,303,303,315,342,342,440,440,453,156,156,206,132,160,160,186,186,186,204,204,204,224,224,224,224,224,44,76,76],"floor_reached":56,"language":"ENG","playtime":4952,"items_purged":["Strike_P","Defend_P","Defend_P","Defend_P","Defend_P"],"score":1284,"play_id":"73b7725e-0775-4582-89ce-f2f2410d88e1","local_time":"20210120200339","is_ascension_mode":true,"campfire_choices":[{"data":"Eruption","floor":7.0,"key":"SMITH"},{"data":"Worship","floor":13.0,"key":"SMITH"},{"floor":15.0,"key":"REST"},{"floor":23.0,"key":"REST"},{"floor":32.0,"key":"REST"},{"floor":41.0,"key":"RECALL"},{"data":"FlurryOfBlows","floor":44.0,"key":"SMITH"},{"floor":47.0,"key":"REST"},{"floor":49.0,"key":"REST"},{"data":"Adaptation","floor":52.0,"key":"SMITH"}],"circlet_count":0,"master_deck":["Strike_P","Strike_P","Strike_P","Eruption+1","Vigilance","ThirdEye","Halt","Worship+1","CutThroughFate","EmptyFist","FlurryOfBlows+1","Brilliance","EmptyBody+1","EmptyFist","Vengeance+1","Devotion","Evaluate+1","Adaptation+1","ClearTheMind+1","Conserve Battery+1","Conserve Battery+1","hubris:PowerSurge","RitualDagger","DevaForm","TalkToTheHand","Master of Strategy+1","WindmillStrike","Prostrate+1","Worship+1","Redo+1","Defragment+1","Crescendo+1","ClearTheMind+1","Defragment","WheelKick+1"],"relics":["PureWater","aspiration:Nostalgia","Burning Blood","Happy Flower","Smiling Mask","Toxic Egg 2","Omamori","vexMod:MysteryBossChallenge","aspiration:DefectSkillbook","aspiration:RitualStick","hubris:SlimyHat","Regal Pillow","Philosopher\u0027s Stone","TungstenRod","Akabeko","Potion Belt","hubris:Icosahedron","hubris:MysteriousPyramids"],"acts_visited":["Exordium","TheCity","TheBeyond","TheEnding"],"potions_floor_usage":[55],"damage_taken":[{"damage":2.0,"enemies":"conspire:RoseBush","floor":1.0,"turns":4.0},{"damage":0.0,"enemies":"Cultist","floor":3.0,"turns":3.0},{"damage":5.0,"enemies":"Small Slimes","floor":5.0,"turns":3.0},{"damage":14.0,"enemies":"Lagavulin","floor":6.0,"turns":9.0},{"damage":25.0,"enemies":"Gremlin Nob","floor":8.0,"turns":5.0},{"damage":9.0,"enemies":"3 Louse","floor":10.0,"turns":3.0},{"damage":1.0,"enemies":"2 Fungi Beasts","floor":11.0,"turns":3.0},{"damage":6.0,"enemies":"Looter","floor":14.0,"turns":2.0},{"damage":28.0,"enemies":"The Guardian","floor":16.0,"turns":11.0},{"damage":10.0,"enemies":"2 Thieves","floor":18.0,"turns":3.0},{"damage":24.0,"enemies":"3 Byrds","floor":19.0,"turns":5.0},{"damage":9.0,"enemies":"Shelled Parasite and Fungi","floor":21.0,"turns":4.0},{"damage":26.0,"enemies":"Snecko","floor":24.0,"turns":5.0},{"damage":7.0,"enemies":"Sentry and Sphere","floor":27.0,"turns":4.0},{"damage":3.0,"enemies":"Centurion and Healer","floor":28.0,"turns":4.0},{"damage":0.0,"enemies":"Snecko","floor":30.0,"turns":4.0},{"damage":54.0,"enemies":"bossMod:newChamp","floor":33.0,"turns":12.0},{"damage":29.0,"enemies":"3 Darklings","floor":35.0,"turns":5.0},{"damage":7.0,"enemies":"Mind Bloom Boss Battle","floor":38.0,"turns":5.0},{"damage":3.0,"enemies":"Nemesis","floor":40.0,"turns":5.0},{"damage":12.0,"enemies":"Giant Head","floor":42.0,"turns":7.0},{"damage":22.0,"enemies":"Orb Walker","floor":45.0,"turns":4.0},{"damage":24.0,"enemies":"3 Darklings","floor":48.0,"turns":3.0},{"damage":59.0,"enemies":"bossMod:newShapes","floor":50.0,"turns":6.0},{"damage":20.0,"enemies":"Shield and Spear","floor":54.0,"turns":4.0},{"damage":86,"enemies":"The Heart","floor":55,"turns":6}],"seed_played":"7805621549416148479","potions_obtained":[{"floor":1.0,"key":"Energy Potion"},{"floor":2.0,"key":"FairyPotion"},{"floor":2.0,"key":"Block Potion"},{"floor":10.0,"key":"Block Potion"},{"floor":19.0,"key":"SneckoOil"},{"floor":24.0,"key":"DuplicationPotion"},{"floor":27.0,"key":"Strength Potion"},{"floor":33.0,"key":"Energy Potion"},{"floor":35.0,"key":"EntropicBrew"},{"floor":38.0,"key":"DuplicationPotion"},{"floor":42.0,"key":"DuplicationPotion"},{"floor":54.0,"key":"LiquidBronze"}],"is_trial":false,"path_per_floor":["M","?","M","$","M","E","R","E","T","M","M","$","R","M","R","B",null,"M","M","$","M","?","R","M","?","T","M","M","?","M","T","R","B",null,"M","$","?","?","$","E","R","E","T","R","M","?","R","M","R","B",null,"R","$","E","B",null],"character_chosen":"WATCHER","items_purchased":["Worship","CutThroughFate","Omamori","ClearTheMind+1","Conserve Battery+1","Master of Strategy+1","WindmillStrike","Prostrate+1","Crescendo+1","ClearTheMind+1","Defragment"],"campfire_rested":5,"item_purchase_floors":[4,4,12,20,20,36,36,39,53,53,53],"current_hp_per_floor":[72,72,72,72,72,64,64,45,45,42,47,32,32,32,53,31,72,68,50,50,47,34,57,37,22,22,21,24,18,24,24,62,14,77,54,54,61,60,60,63,63,57,57,57,41,41,77,59,77,24,77,77,77,63,26],"gold":76,"neow_bonus":"NOSTALGIA","is_daily":false,"chose_seed":false,"campfire_upgraded":4,"win_rate":0.0,"timestamp":1611173019,"path_taken":["M","?","M","$","M","E","R","E","T","M","?","?","R","?","R","BOSS","M","M","$","M","?","R","M","?","T","M","M","?","M","?","R","BOSS","M","$","?","?","$","E","R","E","T","R","M","?","R","M","R","BOSS","R","$","E","BOSS"],"items_purchased_type":["Card","Card","Relic","Card","Card","Card","Card","Card","Card","Card","Card"],"build_version":"2020-12-22","purchased_purges":5,"victory":true,"max_hp_per_floor":[72,72,72,72,72,72,72,72,72,72,72,72,72,72,72,72,72,72,72,72,72,77,77,77,77,77,77,77,77,77,77,77,77,77,77,77,77,77,77,77,77,77,77,77,77,77,77,77,77,77,77,77,77,77,77],"card_choices":[{"not_picked":["Nirvana","FollowUp"],"picked":"ThirdEye","floor":1.0},{"not_picked":["MentalFortress","WindmillStrike"],"picked":"Halt","floor":3.0},{"not_picked":["Evaluate","FearNoEvil"],"picked":"EmptyFist","floor":5.0},{"not_picked":["ThirdEye","FlyingSleeves"],"picked":"FlurryOfBlows","floor":6.0},{"not_picked":["Perseverance","ThirdEye"],"picked":"Brilliance","floor":8.0},{"not_picked":["Protect+1","FlyingSleeves"],"picked":"EmptyBody+1","floor":10.0},{"not_picked":["JustLucky","CutThroughFate"],"picked":"EmptyFist","floor":11.0},{"not_picked":["Halt+1","FlyingSleeves"],"picked":"Vengeance+1","floor":14.0},{"not_picked":["DevaForm","ConjureBlade+1"],"picked":"Devotion","floor":16.0},{"not_picked":["Beam Cell","Compile Driver+1","Redo+1"],"picked":"Evaluate+1","floor":18.0},{"not_picked":["Beam Cell","DeusExMachina+1","Redo+1"],"picked":"Adaptation","floor":19.0},{"not_picked":["Wireheading","conspire:Rain+1","Chill+1","Ball Lightning"],"picked":"SKIP","floor":21.0},{"not_picked":["Steam Power+1","Steam+1","CarveReality"],"picked":"Conserve Battery+1","floor":24.0},{"not_picked":["Undo+1","Beam Cell","BowlingBash+1"],"picked":"hubris:PowerSurge","floor":27.0},{"not_picked":["Blizzard+1","Skim+1","Rebound","Ball Lightning"],"picked":"SKIP","floor":28.0},{"not_picked":["Stack+1","WindmillStrike+1","WreathOfFlame+1","Hello World+1"],"picked":"SKIP","floor":30.0},{"not_picked":["MasterReality","hubris:SpecializedCircuitry","LessonLearned"],"picked":"DevaForm","floor":33.0},{"not_picked":["Streamline+1","CrushJoints+1","Skim+1"],"picked":"TalkToTheHand","floor":35.0},{"not_picked":["WindmillStrike+1","Hologram+1","Meteor Strike"],"picked":"Worship+1","floor":40.0},{"not_picked":["Adaptation","Consecrate","White Noise+1"],"picked":"Redo+1","floor":42.0},{"not_picked":["Rebound+1","Coolheaded+1","Cold Snap+1"],"picked":"Defragment+1","floor":45.0},{"not_picked":["Beam Cell","Evaluate+1","LikeWater+1","Wallop"],"picked":"SKIP","floor":48.0},{"not_picked":["CutThroughFate+1","Chaos+1","Steam+1"],"picked":"WheelKick+1","floor":54.0}],"player_experience":80218,"relics_obtained":[{"floor":6.0,"key":"Happy Flower"},{"floor":8.0,"key":"Smiling Mask"},{"floor":9.0,"key":"Toxic Egg 2"},{"floor":26.0,"key":"hubris:SlimyHat"},{"floor":31.0,"key":"Regal Pillow"},{"floor":38.0,"key":"TungstenRod"},{"floor":40.0,"key":"Akabeko"},{"floor":42.0,"key":"Potion Belt"},{"floor":54.0,"key":"hubris:MysteriousPyramids"}],"event_choices":[{"damage_healed":0.0,"max_hp_gain":0.0,"max_hp_loss":0.0,"gold_gain":0.0,"event_name":"Lab","player_choice":"Got Potions","floor":2.0,"gold_loss":0.0,"damage_taken":0.0},{"damage_healed":0.0,"max_hp_gain":5.0,"max_hp_loss":0.0,"gold_gain":0.0,"event_name":"Forgotten Altar","player_choice":"Shed Blood","floor":22.0,"gold_loss":0.0,"damage_taken":18.0},{"damage_healed":0.0,"max_hp_gain":0.0,"max_hp_loss":0.0,"gold_gain":0.0,"event_name":"Nest","player_choice":"Joined the Cult","floor":29.0,"gold_loss":0.0,"damage_taken":6.0,"cards_obtained":["RitualDagger"]},{"damage_healed":0.0,"max_hp_gain":0.0,"max_hp_loss":0.0,"gold_gain":0.0,"event_name":"MindBloom","player_choice":"Fight","floor":38.0,"gold_loss":0.0,"damage_taken":0.0}],"is_beta":false,"boss_relics":[{"not_picked":["aspiration:SecretTechniqueScroll","Velvet Choker"],"picked":"vexMod:MysteryBossChallenge"},{"not_picked":["hubris:ScarierMask","hubris:BlackHole"],"picked":"Philosopher\u0027s Stone"}],"items_purged_floors":[12,20,36,39,53],"is_endless":false,"potions_floor_spawned":[1,3,10,11,16,19,24,27,28,33,35,38,42,54],"ascension_level":2}}