{"host":"kw4o7b3ro2ktmmbe","time":1611143374,"event":{"mods":["BaseMod","Evolution","Minty Spire (QoL Compilation)","StSLib","The Druid"],"gold_per_floor":[117,117,135,135,155,155,52,69,95,111,125,125,125,142,142,242,242,257,271,121,133,232,232,245,245,245],"floor_reached":25,"language":"ENG","playtime":1536,"items_purged":[],"score":297,"play_id":"bcc8618c-ad2c-4ee1-8f74-0fc2cb1af6e2","local_time":"20210121004934","is_ascension_mode":true,"campfire_choices":[{"data":"theDruid:Forage","floor":6,"key":"SMITH"},{"data":"theDruid:BriarArmor","floor":13,"key":"SMITH"},{"data":"theDruid:InsectSwarm","floor":15,"key":"SMITH"},{"data":"theDruid:ApexPredator","floor":23,"key":"SMITH"}],"circlet_count":0,"master_deck":["theDruid:ThornStrike","theDruid:ThornStrike","theDruid:ThornStrike","theDruid:ThornStrike","theDruid:FelineGrace","theDruid:Defend_O","theDruid:Defend_O","theDruid:Defend_O","theDruid:BriarArmor+1","theDruid:WildSlash","theDruid:LunarScythe","theDruid:ApexPredator+1","theDruid:Forage+1","theDruid:PouncingStrike","theDruid:Earthquake","theDruid:InsectSwarm+1","theDruid:ApexPredator","theDruid:Gore+1"],"relics":["EVO:Axolotl","Philosopher\u0027s Stone","Omamori","Busted Crown","Centennial Puzzle"],"acts_visited":["Exordium","TheCity"],"potions_floor_usage":[7,18,19,25],"damage_taken":[{"damage":5.0,"enemies":"Jaw Worm","floor":1.0,"turns":2.0},{"damage":0.0,"enemies":"Cultist","floor":3.0,"turns":3.0},{"damage":3,"enemies":"2 Louse","floor":5,"turns":4},{"damage":6,"enemies":"Large Slime","floor":8,"turns":5},{"damage":20,"enemies":"Exordium Thugs","floor":10,"turns":4},{"damage":5,"enemies":"Blue Slaver","floor":11,"turns":3},{"damage":0,"enemies":"Large Slime","floor":14,"turns":2},{"damage":0,"enemies":"Slime Boss","floor":16,"turns":6},{"damage":13,"enemies":"Chosen","floor":18,"turns":5},{"damage":3,"enemies":"Shell Parasite","floor":19,"turns":4},{"damage":26,"enemies":"Cultist and Chosen","floor":21,"turns":5},{"damage":24,"enemies":"Shelled Parasite and Fungi","floor":24,"turns":4},{"damage":40,"enemies":"Slavers","floor":25,"turns":2}],"seed_played":"-3755169363157181215","potions_obtained":[{"floor":1.0,"key":"Swift Potion"},{"floor":10,"key":"Swift Potion"},{"floor":11,"key":"SteroidPotion"},{"floor":16,"key":"SkillPotion"},{"floor":19,"key":"SteroidPotion"},{"floor":24,"key":"GamblersBrew"}],"is_trial":false,"path_per_floor":["M","?","M","?","M","R","$","M","T","M","M","$","R","M","R","B",null,"M","M","$","M","?","R","M","E"],"character_chosen":"DRUID","items_purchased":["Fruit Juice","Centennial Puzzle"],"campfire_rested":0,"item_purchase_floors":[7,20],"current_hp_per_floor":[70,70,70,75,75,75,80,74,74,59,59,59,59,64,64,69,80,72,74,74,53,53,53,34,0,0],"gold":245,"neow_bonus":"BOSS_RELIC","is_daily":false,"chose_seed":false,"campfire_upgraded":4,"win_rate":0.0,"timestamp":1611143374,"path_taken":["M","?","?","?","M","R","$","M","T","M","M","$","R","M","R","BOSS","M","?","$","M","?","R","M","E"],"items_purchased_type":["Potion","Relic"],"build_version":"2020-12-22","purchased_purges":0,"victory":false,"max_hp_per_floor":[75,75,75,75,75,75,80,80,80,80,80,80,80,80,80,80,80,80,80,80,80,80,80,80,80,80],"card_choices":[{"not_picked":["theDruid:AstralShield","theDruid:FuriousSlash"],"picked":"theDruid:LunarScythe","floor":1.0},{"not_picked":["theDruid:ThickHide","theDruid:PlagueClaw"],"picked":"theDruid:Forage","floor":3.0},{"not_picked":["theDruid:NaturalAgility","theDruid:Gore"],"picked":"theDruid:PouncingStrike","floor":5},{"not_picked":["theDruid:BloodiedFur","theDruid:BlessedStrike","theDruid:FuriousSlash"],"picked":"SKIP","floor":8},{"not_picked":["theDruid:ExposingSlash","theDruid:Gore"],"picked":"theDruid:Earthquake","floor":10},{"not_picked":["theDruid:BloodiedFur","theDruid:RockSlide","theDruid:TwilightsCall"],"picked":"SKIP","floor":11},{"not_picked":["theDruid:ExposingSlash","theDruid:TakeShelter"],"picked":"theDruid:InsectSwarm","floor":14},{"not_picked":["theDruid:SurvivalCache","theDruid:HailofThorns"],"picked":"theDruid:ApexPredator","floor":16},{"not_picked":["theDruid:BrambleLash"],"picked":"SKIP","floor":18},{"not_picked":["theDruid:Rummage"],"picked":"SKIP","floor":19},{"not_picked":["theDruid:Rummage"],"picked":"SKIP","floor":21},{"not_picked":["theDruid:Gore+1"],"picked":"SKIP","floor":24},{"not_picked":[],"picked":"theDruid:Gore+1","floor":24}],"player_experience":1857892,"relics_obtained":[{"floor":9,"key":"Omamori"}],"event_choices":[{"damage_healed":0.0,"max_hp_gain":0.0,"max_hp_loss":0.0,"gold_gain":0.0,"event_name":"Match and Keep!","player_choice":"1 cards matched","floor":2.0,"gold_loss":0.0,"damage_taken":0.0,"cards_obtained":["theDruid:ApexPredator"]},{"damage_healed":5,"gold_gain":0,"player_choice":"Full Heal","damage_taken":0,"max_hp_gain":0,"max_hp_loss":0,"event_name":"Wheel of Change","floor":4,"gold_loss":0},{"damage_healed":0,"gold_gain":99,"player_choice":"Stole From Cult","damage_taken":0,"max_hp_gain":0,"max_hp_loss":0,"event_name":"Nest","floor":22,"gold_loss":0}],"is_beta":false,"boss_relics":[{"not_picked":["Snecko Eye","Runic Dome"],"picked":"Busted Crown"}],"items_purged_floors":[],"is_endless":false,"potions_floor_spawned":[1,10,11,16,19,24],"killed_by":"Slavers","ascension_level":2}}