{"host":"o6k2gaocsza4qys9","time":1611133463,"event":{"mods":["BaseMod","Minty Spire (QoL Compilation)","Relic Stats"],"gold_per_floor":[117,135,60,60,75,109,109,122,149,174,188,222,222,238,238,337,337,362,381,69,90,115,115,115,115],"floor_reached":24,"language":"ENG","playtime":1275,"items_purged":["Strike_R"],"score":465,"play_id":"83a3cdf2-6196-4ee7-84a9-c14cf41aef9f","local_time":"20210120170423","is_ascension_mode":true,"campfire_choices":[{"data":"Feed","floor":7,"key":"SMITH"},{"floor":15,"key":"REST"},{"data":"Carnage","floor":23,"key":"SMITH"}],"circlet_count":0,"master_deck":["AscendersBane","Strike_R","Strike_R+1","Strike_R","Defend_R","Defend_R","Defend_R","Defend_R","Bash","Wild Strike+1","Thunderclap","Feed+1","Cleave","Carnage+1","Disarm","Shrug It Off","Power Through","Offering"],"relics":["Burning Blood","Whetstone","MealTicket","Vajra","InkBottle","Golden Idol","Velvet Choker","Strange Spoon"],"acts_visited":["TheCity"],"potions_floor_usage":[6,16,17,24],"damage_taken":[{"damage":9,"enemies":"2 Louse","floor":1,"turns":3},{"damage":1,"enemies":"Cultist","floor":2,"turns":4},{"damage":0,"enemies":"Jaw Worm","floor":5,"turns":3},{"damage":50,"enemies":"3 Sentries","floor":6,"turns":10},{"damage":1,"enemies":"2 Fungi Beasts","floor":8,"turns":2},{"damage":25,"enemies":"Lagavulin","floor":10,"turns":6},{"damage":8,"enemies":"3 Louse","floor":11,"turns":3},{"damage":25,"enemies":"3 Sentries","floor":12,"turns":5},{"damage":9,"enemies":"Red Slaver","floor":14,"turns":2},{"damage":30,"enemies":"The Guardian","floor":16,"turns":12},{"damage":21,"enemies":"Shell Parasite","floor":18,"turns":4},{"damage":15,"enemies":"Chosen","floor":19,"turns":4},{"damage":3,"enemies":"Centurion and Healer","floor":21,"turns":5},{"damage":14,"enemies":"Snecko","floor":22,"turns":4},{"damage":95,"enemies":"Gremlin Leader","floor":24,"turns":6}],"seed_played":"7392225328408629947","potions_obtained":[{"floor":1,"key":"Swift Potion"},{"floor":5,"key":"GamblersBrew"},{"floor":11,"key":"SpeedPotion"},{"floor":16,"key":"BloodPotion"}],"is_trial":false,"path_per_floor":["M","M","$","?","M","E","R","M","T","E","M","E","?","M","R","B",null,"M","M","$","M","M","R","E"],"character_chosen":"IRONCLAD","items_purchased":["Feed","Strange Spoon","Ancient Potion"],"campfire_rested":1,"item_purchase_floors":[3,20,20],"current_hp_per_floor":[72,77,77,77,82,41,41,50,50,31,33,18,18,15,41,17,87,76,67,82,89,85,85,0,0],"gold":115,"neow_bonus":"TEN_PERCENT_HP_BONUS","is_daily":false,"chose_seed":false,"campfire_upgraded":2,"win_rate":0.0,"timestamp":1611133463,"path_taken":["M","M","$","?","M","E","R","M","T","E","?","E","?","M","R","BOSS","M","M","$","M","M","R","E"],"items_purchased_type":["Card","Relic","Potion"],"build_version":"2020-12-22","purchased_purges":1,"victory":false,"max_hp_per_floor":[82,82,82,82,82,85,85,89,89,89,93,97,88,88,88,88,88,92,92,92,96,100,100,100,100],"relic_stats":{"Strange Spoon":[3],"counters":[15,73],"Golden Idol":41,"MealTicket":15,"Whetstone":["Wild Strike","Strike_R"],"obtain_stats":[{"Strange Spoon":20,"Golden Idol":13,"Vajra":10,"Velvet Choker":17,"MealTicket":9,"Whetstone":6,"Burning Blood":0,"InkBottle":12},{"Strange Spoon":12,"Golden Idol":8,"Vajra":6,"Velvet Choker":10,"MealTicket":5,"Whetstone":4,"Burning Blood":0,"InkBottle":8},{"Strange Spoon":58,"Golden Idol":36,"Vajra":28,"Velvet Choker":50,"MealTicket":22,"Whetstone":20,"Burning Blood":0,"InkBottle":36}],"Burning Blood":83,"InkBottle":[11]},"card_choices":[{"not_picked":["Body Slam","Clash"],"picked":"Wild Strike","floor":1},{"not_picked":["Evolve","Twin Strike"],"picked":"Thunderclap","floor":2},{"not_picked":["Barricade","Clothesline"],"picked":"Cleave","floor":5},{"not_picked":["Armaments","Clothesline"],"picked":"Carnage","floor":6},{"not_picked":["Sentinel","Dark Embrace"],"picked":"Disarm","floor":8},{"not_picked":["Perfected Strike","Dark Embrace","Inflame"],"picked":"SKIP","floor":10},{"not_picked":["Havoc","Rampage","Reckless Charge"],"picked":"SKIP","floor":11},{"not_picked":["Uppercut","Body Slam"],"picked":"Shrug It Off","floor":12},{"not_picked":["Havoc","Armaments"],"picked":"Power Through","floor":14},{"not_picked":["Berserk","Bludgeon"],"picked":"Offering","floor":16},{"not_picked":["Perfected Strike","Cleave","Pommel Strike"],"picked":"SKIP","floor":18},{"not_picked":["Dropkick","Uppercut","Flex"],"picked":"SKIP","floor":19},{"not_picked":["Clothesline","Power Through","Warcry"],"picked":"SKIP","floor":21},{"not_picked":["Twin Strike","Headbutt","Body Slam+1"],"picked":"SKIP","floor":22}],"player_experience":445692,"relics_obtained":[{"floor":6,"key":"Whetstone"},{"floor":9,"key":"MealTicket"},{"floor":10,"key":"Vajra"},{"floor":12,"key":"InkBottle"}],"event_choices":[{"cards_removed":["Strike_R"],"damage_healed":0,"gold_gain":0,"player_choice":"Purged","damage_taken":0,"max_hp_gain":0,"max_hp_loss":0,"event_name":"Purifier","floor":4,"gold_loss":0},{"damage_healed":0,"gold_gain":0,"player_choice":"Lose Max HP","damage_taken":0,"relics_obtained":["Golden Idol"],"max_hp_gain":0,"max_hp_loss":9,"event_name":"Golden Idol","floor":13,"gold_loss":0}],"is_beta":false,"boss_relics":[{"not_picked":["Runic Cube","Sozu"],"picked":"Velvet Choker"}],"items_purged_floors":[20],"is_endless":false,"potions_floor_spawned":[1,5,11,12,16,22],"killed_by":"Gremlin Leader","ascension_level":20}}