{"host":"gc8h028r85mpey4t","time":1611109492,"event":{"mods":["BaseMod","BetterRewards","Colored Powertips","Minty Spire (QoL Compilation)","StSLib","The Senshi"],"gold_per_floor":[111,125,125,135,148,148,248,248,248,262,262,281,301,311,311,311,311],"floor_reached":16,"language":"ENG","playtime":1764,"items_purged":[],"score":96,"play_id":"77e5015c-5619-4546-bdef-246ac36848af","local_time":"20210119182452","is_ascension_mode":false,"campfire_choices":[{"data":"theSenshi:SailorKick","floor":6,"key":"SMITH"},{"data":"theSenshi:SailorKick","floor":8,"key":"SMITH"},{"data":"theSenshi:LunasBite","floor":15,"key":"SMITH"}],"circlet_count":0,"master_deck":["theSenshi:SailorKick+1","theSenshi:SailorKick+1","theSenshi:SailorKick","theSenshi:SailorKick+1","theSenshi:SailorBlock","theSenshi:SailorBlock+1","theSenshi:SailorBlock","theSenshi:SailorBlock","theSenshi:RoseThrow","theSenshi:MoonPrismPowerMakeUp","theSenshi:TuxedoMaskAssists","theSenshi:SailorVenusAssists","theSenshi:Sidestep","theSenshi:TuxedoSmokingBomber","theSenshi:MoonCosmicPowerMakeUp","theSenshi:SailorChibiMoonAssists","theSenshi:LunasBite+1","theSenshi:JupitersPower"],"relics":["theSenshi:TransformationBroochRelic","NeowsBlessing","Mercury Hourglass"],"acts_visited":["Exordium"],"potions_floor_usage":[],"damage_taken":[{"damage":0,"enemies":"Small Slimes","floor":1,"turns":1},{"damage":0,"enemies":"Cultist","floor":2,"turns":1},{"damage":0,"enemies":"2 Louse","floor":4,"turns":1},{"damage":5,"enemies":"Blue Slaver","floor":5,"turns":3},{"damage":0,"enemies":"Large Slime","floor":10,"turns":4},{"damage":11,"enemies":"Exordium Thugs","floor":12,"turns":5},{"damage":5,"enemies":"Lots of Slimes","floor":13,"turns":2},{"damage":3,"enemies":"Blue Slaver","floor":14,"turns":3},{"damage":54,"enemies":"Slime Boss","floor":16,"turns":9}],"seed_played":"-4505772922685827874","potions_obtained":[{"floor":1,"key":"LiquidBronze"},{"floor":10,"key":"FearPotion"},{"floor":13,"key":"AttackPotion"}],"is_trial":false,"path_per_floor":["M","M","?","M","M","R","?","R","T","M","?","M","M","M","R","B"],"character_chosen":"THE_SENSHI","items_purchased":[],"campfire_rested":0,"item_purchase_floors":[],"current_hp_per_floor":[75,75,75,75,70,70,70,70,70,70,70,59,54,51,51,0,0],"gold":311,"neow_bonus":"THREE_ENEMY_KILL","is_daily":false,"chose_seed":false,"campfire_upgraded":3,"win_rate":0.0,"timestamp":1611109492,"path_taken":["M","M","?","M","M","R","?","R","T","?","?","M","?","M","R","BOSS"],"items_purchased_type":[],"build_version":"2020-12-22","purchased_purges":0,"victory":false,"max_hp_per_floor":[75,75,75,75,75,75,75,75,75,75,75,75,75,75,75,75,75],"card_choices":[{"not_picked":["theSenshi:MoonKick","theSenshi:LateForSchool"],"picked":"theSenshi:TuxedoMaskAssists","floor":1},{"not_picked":["theSenshi:GatheringStrength","theSenshi:MoonPunch"],"picked":"theSenshi:SailorVenusAssists","floor":2},{"not_picked":["theSenshi:EncouragingSpeech","theSenshi:InTheNameOfTheMoon"],"picked":"theSenshi:Sidestep","floor":4},{"not_picked":["theSenshi:MoonsReflection","theSenshi:LateForSchool"],"picked":"theSenshi:TuxedoSmokingBomber","floor":5},{"not_picked":["theSenshi:EncouragingSpeech","theSenshi:SailorPlanetPower"],"picked":"theSenshi:MoonCosmicPowerMakeUp","floor":10},{"not_picked":["theSenshi:TuxedoMaskAssists","theSenshi:TallSilhouette"],"picked":"theSenshi:SailorChibiMoonAssists","floor":12},{"not_picked":["theSenshi:MoonPower","theSenshi:MoonCosmicPowerMakeUp"],"picked":"theSenshi:LunasBite","floor":13},{"not_picked":["theSenshi:SchoolBag","theSenshi:MoonTiaraMagic"],"picked":"theSenshi:JupitersPower","floor":14}],"player_experience":103407,"relics_obtained":[{"floor":9,"key":"Mercury Hourglass"}],"event_choices":[{"damage_healed":0,"gold_gain":0,"player_choice":"Grow","damage_taken":0,"max_hp_gain":0,"max_hp_loss":0,"event_name":"Living Wall","floor":3,"gold_loss":0,"cards_upgraded":["theSenshi:SailorKick"]},{"damage_healed":0,"gold_gain":100,"player_choice":"Pray","damage_taken":0,"max_hp_gain":0,"max_hp_loss":0,"event_name":"Golden Shrine","floor":7,"gold_loss":0},{"damage_healed":0,"gold_gain":0,"player_choice":"Forge","damage_taken":0,"max_hp_gain":0,"max_hp_loss":0,"event_name":"Accursed Blacksmith","floor":11,"gold_loss":0,"cards_upgraded":["theSenshi:SailorBlock"]}],"is_beta":false,"boss_relics":[],"items_purged_floors":[],"is_endless":false,"potions_floor_spawned":[1,10,13],"killed_by":"Slime Boss","ascension_level":0}}