{"host":"g2yp6paluzgljz05","time":1611132274,"event":{"mods":["BaseMod","Bestiary","Colored Powertips","DeckTracker","Highlight Path","Minty Spire (QoL Compilation)","Quick Restart"],"gold_per_floor":[118,131,183,56,56,87,87,120,120,140,140,174,174,243,243,243,243],"floor_reached":16,"language":"ENG","playtime":550,"items_purged":["Strike_B"],"score":164,"play_id":"e57e3e69-33ec-418d-b166-4238d4e59f02","local_time":"20210120194434","is_ascension_mode":true,"campfire_choices":[{"data":"Zap","floor":7,"key":"SMITH"},{"data":"Beam Cell","floor":11,"key":"SMITH"},{"data":"Gash","floor":13,"key":"SMITH"},{"data":"Gash","floor":15,"key":"SMITH"}],"circlet_count":0,"master_deck":["Strike_B","Strike_B","Strike_B","Defend_B","Defend_B","Defend_B","Defend_B","Zap+1","Dualcast","Beam Cell","All For One","Beam Cell+1","Go for the Eyes","Gash+1","Gash+1","Sweeping Beam"],"relics":["Cracked Core","NeowsBlessing","SsserpentHead","Letter Opener","Meat on the Bone","Darkstone Periapt","CaptainsWheel"],"acts_visited":["Exordium"],"potions_floor_usage":[8],"damage_taken":[{"damage":0,"enemies":"2 Louse","floor":1,"turns":1},{"damage":0,"enemies":"Small Slimes","floor":2,"turns":1},{"damage":0,"enemies":"Gremlin Nob","floor":6,"turns":1},{"damage":36,"enemies":"Lagavulin","floor":8,"turns":6},{"damage":0,"enemies":"Cultist","floor":10,"turns":2},{"damage":15,"enemies":"3 Sentries","floor":12,"turns":5},{"damage":0,"enemies":"Large Slime","floor":14,"turns":3},{"damage":41,"enemies":"The Guardian","floor":16,"turns":4}],"seed_played":"2466738611862064591","potions_obtained":[{"floor":8,"key":"Fruit Juice"},{"floor":10,"key":"FocusPotion"}],"is_trial":false,"path_per_floor":["M","M","?","$","?","E","R","E","T","M","R","E","R","M","R","B"],"character_chosen":"DEFECT","items_purchased":["Beam Cell"],"campfire_rested":0,"item_purchase_floors":[4],"current_hp_per_floor":[75,75,75,75,75,75,75,44,44,44,44,41,41,41,41,0,0],"gold":243,"neow_bonus":"THREE_ENEMY_KILL","is_daily":false,"chose_seed":false,"campfire_upgraded":4,"win_rate":0.0,"timestamp":1611132274,"path_taken":["M","M","?","$","?","E","R","E","T","M","R","E","R","?","R","BOSS"],"items_purchased_type":["Card"],"build_version":"2020-12-22","purchased_purges":1,"victory":false,"max_hp_per_floor":[75,75,75,75,75,75,75,80,80,80,80,80,80,80,80,80,80],"card_choices":[{"not_picked":["Barrage","Turbo"],"picked":"Beam Cell","floor":1},{"not_picked":["Hello World","Turbo"],"picked":"All For One","floor":2},{"not_picked":["Fission","Streamline"],"picked":"Go for the Eyes","floor":6},{"not_picked":["Doom and Gloom","Rebound"],"picked":"Gash","floor":8},{"not_picked":["Sweeping Beam","Coolheaded"],"picked":"Gash","floor":10},{"not_picked":["Cold Snap","Streamline"],"picked":"Sweeping Beam","floor":12},{"not_picked":["Compile Driver","Redo","Rebound"],"picked":"SKIP","floor":14}],"player_experience":232346,"relics_obtained":[{"floor":6,"key":"Letter Opener"},{"floor":8,"key":"Meat on the Bone"},{"floor":9,"key":"Darkstone Periapt"},{"floor":12,"key":"CaptainsWheel"}],"event_choices":[{"damage_healed":0,"gold_gain":52,"player_choice":"Gained Gold","damage_taken":0,"max_hp_gain":0,"max_hp_loss":0,"event_name":"Golden Wing","floor":3,"gold_loss":0},{"damage_healed":0,"gold_gain":0,"player_choice":"Trade","damage_taken":0,"relics_obtained":["SsserpentHead"],"max_hp_gain":0,"max_hp_loss":0,"event_name":"FaceTrader","floor":5,"gold_loss":0}],"is_beta":false,"boss_relics":[],"items_purged_floors":[4],"is_endless":false,"potions_floor_spawned":[8,10],"killed_by":"The Guardian","ascension_level":3}}