{"host":"v711dtdb46xe9u7l","time":1611165388,"event":{"mods":["BaseMod","Bestiary","Highlight Path","Minty Spire (QoL Compilation)","Quick Restart","StSLib"],"gold_per_floor":[117,134,150,1,11,11,46,46,46,57,57,83,83,5,5,110,110,125,140,154,154,166,166,195,195,195,220,238,238,258,291,291,392,392,402,402,158,170,181,212,212,223,223,254,6,6,29,60,60,60,60,60,9,36,36,36],"floor_reached":55,"language":"ENG","playtime":4937,"items_purged":["Defend_B","Darkness","Cold Snap"],"score":1130,"play_id":"b61fd9b7-d174-4af7-a943-c1485e4b422f","local_time":"20210120175628","is_ascension_mode":true,"campfire_choices":[{"data":"Tempest","floor":6,"key":"SMITH"},{"data":"Hologram","floor":8,"key":"SMITH"},{"data":"Hyperbeam","floor":13,"key":"SMITH"},{"data":"Reprogram","floor":15,"key":"SMITH"},{"data":"Beam Cell","floor":23,"key":"SMITH"},{"data":"Leap","floor":29,"key":"SMITH"},{"data":"Seek","floor":32,"key":"SMITH"},{"floor":41,"key":"RECALL"},{"data":"Echo Form","floor":46,"key":"SMITH"},{"data":"Buffer","floor":49,"key":"SMITH"},{"data":"Seek","floor":52,"key":"SMITH"}],"circlet_count":0,"master_deck":["Strike_B","Strike_B","Strike_B","Defend_B+1","Defend_B","Defend_B","Dualcast","CurseOfTheBell","Hologram+1","Leap+1","Tempest+1","Hyperbeam+1","Ball Lightning","Reprogram+1","Seek+1","Hologram+1","Chaos+1","Fusion+1","Streamline+1","Undo","Rebound+1","Beam Cell+1","Skim+1","Seek+1","Compile Driver","Undo+1","Recycle+1","Buffer+1","Reprogram+1","Purity","Hologram+1","White Noise+1","FTL+1","Beam Cell","Steam","Echo Form+1","FTL","Parasite","Loop+1"],"relics":["Calling Bell","Bag of Preparation","Meat on the Bone","TungstenRod","Dream Catcher","Eternal Feather","Cables","Astrolabe","Nunchaku","Akabeko","InkBottle","Nuclear Battery","Orrery","Bag of Marbles","Toxic Egg 2","War Paint","Orichalcum","Thread and Needle"],"acts_visited":["Exordium","TheCity","TheBeyond","TheEnding"],"potions_floor_usage":[12,16,16,31,33,40,44,44,50,50,54,54],"damage_taken":[{"damage":4,"enemies":"Cultist","floor":1,"turns":4},{"damage":5,"enemies":"Jaw Worm","floor":2,"turns":4},{"damage":0,"enemies":"Small Slimes","floor":3,"turns":3},{"damage":7,"enemies":"Blue Slaver","floor":5,"turns":4},{"damage":17,"enemies":"3 Sentries","floor":7,"turns":8},{"damage":4,"enemies":"Exordium Thugs","floor":10,"turns":3},{"damage":15,"enemies":"Gremlin Nob","floor":12,"turns":3},{"damage":5,"enemies":"Slime Boss","floor":16,"turns":8},{"damage":13,"enemies":"2 Thieves","floor":18,"turns":3},{"damage":14,"enemies":"Spheric Guardian","floor":19,"turns":5},{"damage":16,"enemies":"Centurion and Healer","floor":20,"turns":3},{"damage":10,"enemies":"Sentry and Sphere","floor":22,"turns":3},{"damage":28,"enemies":"Slavers","floor":24,"turns":3},{"damage":31,"enemies":"Gremlin Leader","floor":27,"turns":8},{"damage":10,"enemies":"Chosen and Byrds","floor":28,"turns":3},{"damage":9,"enemies":"Centurion and Healer","floor":30,"turns":6},{"damage":27,"enemies":"Slavers","floor":31,"turns":5},{"damage":33,"enemies":"Collector","floor":33,"turns":9},{"damage":0,"enemies":"3 Darklings","floor":35,"turns":2},{"damage":0,"enemies":"3 Shapes","floor":38,"turns":3},{"damage":19,"enemies":"Jaw Worm Horde","floor":39,"turns":3},{"damage":10,"enemies":"Reptomancer","floor":40,"turns":8},{"damage":0,"enemies":"Writhing Mass","floor":42,"turns":5},{"damage":0,"enemies":"Giant Head","floor":44,"turns":5},{"damage":0,"enemies":"Nemesis","floor":48,"turns":3},{"damage":15,"enemies":"Time Eater","floor":50,"turns":12},{"damage":7,"enemies":"Shield and Spear","floor":54,"turns":5},{"damage":72,"enemies":"The Heart","floor":55,"turns":9}],"seed_played":"5845603608298299554","potions_obtained":[{"floor":2,"key":"FearPotion"},{"floor":3,"key":"SpeedPotion"},{"floor":10,"key":"Swift Potion"},{"floor":19,"key":"CultistPotion"},{"floor":22,"key":"LiquidBronze"},{"floor":30,"key":"AttackPotion"},{"floor":31,"key":"Block Potion"},{"floor":33,"key":"Dexterity Potion"},{"floor":40,"key":"Fire Potion"},{"floor":42,"key":"SkillPotion"}],"is_trial":false,"path_per_floor":["M","M","M","$","M","R","E","R","T","M","?","E","R","$","R","B",null,"M","M","M","?","M","R","E","?","T","E","M","R","M","E","R","B",null,"M","?","$","M","M","E","R","M","T","E","$","R","T","E","R","B",null,"R","$","E","B"],"character_chosen":"DEFECT","items_purchased":["Tempest","Reprogram","Orrery","LiquidMemories","PowerPotion","Weak Potion"],"campfire_rested":0,"item_purchase_floors":[4,14,37,45,45,53],"current_hp_per_floor":[64,59,59,59,52,52,47,47,47,43,43,40,49,49,58,53,70,57,43,39,39,41,56,40,40,40,21,23,38,41,26,41,20,61,61,61,61,61,42,44,65,65,65,65,65,75,75,75,75,60,71,75,75,68,0,0],"gold":36,"neow_bonus":"BOSS_RELIC","is_daily":false,"chose_seed":false,"campfire_upgraded":10,"win_rate":0.0,"timestamp":1611165388,"path_taken":["M","M","M","$","M","R","E","R","T","?","?","E","R","$","R","BOSS","M","M","?","?","M","R","E","?","T","E","M","R","M","E","R","BOSS","M","?","?","?","M","E","R","M","T","E","$","R","?","E","R","BOSS","R","$","E","BOSS"],"items_purchased_type":["Card","Card","Relic","Potion","Potion","Potion"],"build_version":"2020-12-22","purchased_purges":3,"victory":false,"max_hp_per_floor":[75,75,75,75,75,75,75,75,75,75,75,75,75,75,75,75,75,75,75,75,75,75,75,75,75,75,75,75,75,75,75,75,75,75,75,75,75,75,75,75,75,75,75,75,75,75,75,75,75,75,75,75,75,75,75,75],"card_choices":[{"not_picked":["Coolheaded","Static Discharge"],"picked":"Cold Snap","floor":1},{"not_picked":["Heatsinks","Static Discharge"],"picked":"Hologram","floor":2},{"not_picked":["Chill","Static Discharge"],"picked":"Leap","floor":3},{"not_picked":["Stack","Hologram"],"picked":"Cold Snap","floor":5},{"not_picked":["Static Discharge","Turbo"],"picked":"Hyperbeam","floor":7},{"not_picked":["Hologram","Turbo"],"picked":"Darkness","floor":10},{"not_picked":["Turbo","Stack"],"picked":"Ball Lightning","floor":12},{"not_picked":["Fission","Thunder Strike"],"picked":"Seek","floor":16},{"not_picked":["Turbo","Barrage"],"picked":"Streamline+1","floor":18},{"not_picked":["Barrage+1","Tempest"],"picked":"Undo","floor":19},{"not_picked":["Barrage+1","Hologram+1"],"picked":"Rebound+1","floor":20},{"not_picked":["Redo","Coolheaded"],"picked":"Skim","floor":22},{"not_picked":["Loop","Sunder"],"picked":"Seek","floor":24},{"not_picked":["Beam Cell","Aggregate","Cold Snap"],"picked":"SKIP","floor":27},{"not_picked":["Redo","Hello World+1"],"picked":"Compile Driver","floor":28},{"not_picked":["Storm","Skim"],"picked":"Undo+1","floor":30},{"not_picked":["Reprogram","Double Energy"],"picked":"Recycle+1","floor":31},{"not_picked":["Seek","Thunder Strike"],"picked":"Buffer","floor":33},{"not_picked":["Beam Cell","Compile Driver+1"],"picked":"Reprogram+1","floor":35},{"not_picked":["Master of Strategy","Secret Weapon"],"picked":"Purity","floor":36},{"not_picked":["Ball Lightning+1","Go for the Eyes+1"],"picked":"Hologram+1","floor":37},{"not_picked":["Consume+1","Force Field+1"],"picked":"White Noise+1","floor":37},{"not_picked":["Streamline+1","Ball Lightning"],"picked":"FTL+1","floor":37},{"not_picked":["Defragment+1","Static Discharge"],"picked":"Beam Cell","floor":37},{"not_picked":["Consume+1","Darkness+1"],"picked":"Steam","floor":37},{"not_picked":["Undo+1","Chaos"],"picked":"Echo Form","floor":38},{"not_picked":["Hologram+1","Beam Cell"],"picked":"FTL","floor":39},{"not_picked":["Turbo+1","Biased Cognition","Storm"],"picked":"SKIP","floor":40},{"not_picked":["Conserve Battery","Streamline+1"],"picked":"Loop+1","floor":42},{"not_picked":["Static Discharge","Tempest+1","Beam Cell"],"picked":"SKIP","floor":44},{"not_picked":["Thunder Strike","Go for the Eyes","Doom and Gloom"],"picked":"SKIP","floor":48},{"not_picked":["Loop","Sweeping Beam","Go for the Eyes"],"picked":"SKIP","floor":54}],"player_experience":357994,"relics_obtained":[{"floor":0,"key":"Bag of Preparation"},{"floor":0,"key":"Meat on the Bone"},{"floor":0,"key":"TungstenRod"},{"floor":7,"key":"Dream Catcher"},{"floor":9,"key":"Eternal Feather"},{"floor":12,"key":"Cables"},{"floor":24,"key":"Nunchaku"},{"floor":27,"key":"Akabeko"},{"floor":31,"key":"InkBottle"},{"floor":40,"key":"Bag of Marbles"},{"floor":43,"key":"Toxic Egg 2"},{"floor":44,"key":"War Paint"},{"floor":47,"key":"Orichalcum"},{"floor":48,"key":"Thread and Needle"}],"event_choices":[{"damage_healed":0,"gold_gain":0,"player_choice":"Bought 0 Potions","damage_taken":0,"max_hp_gain":0,"max_hp_loss":0,"event_name":"The Woman in Blue","floor":11,"gold_loss":0},{"damage_healed":0,"gold_gain":0,"player_choice":"Read","damage_taken":0,"max_hp_gain":0,"max_hp_loss":0,"event_name":"The Library","floor":21,"gold_loss":0,"cards_obtained":["Beam Cell"]},{"damage_healed":0,"gold_gain":0,"player_choice":"Ignored","damage_taken":0,"max_hp_gain":0,"max_hp_loss":0,"event_name":"Ghosts","floor":25,"gold_loss":0},{"damage_healed":0,"gold_gain":0,"player_choice":"Memory 1","damage_taken":0,"max_hp_gain":0,"max_hp_loss":0,"event_name":"SensoryStone","floor":36,"gold_loss":0}],"is_beta":false,"boss_relics":[{"not_picked":["Coffee Dripper","Velvet Choker"],"picked":"Astrolabe"},{"not_picked":["Runic Pyramid","Philosopher\u0027s Stone"],"picked":"Nuclear Battery"}],"items_purged_floors":[4,37,45],"is_endless":false,"potions_floor_spawned":[2,3,10,19,22,30,31,33,39,40,42],"killed_by":"The Heart","ascension_level":6}}