{"host":"ad59wuc8ynh8u2z6","time":1611148563,"event":{"mods":["AchievementEnabler","BaseMod","Colored Powertips","DeckTracker","Highlight Path","Minty Spire (QoL Compilation)","Permanent Neow"],"gold_per_floor":[117,117,192,192,216,260,260,295,295,322,358,377,419,442,442,577,577,595,627,645,422,441,488,508,556,580,580,616,650,674,674,674,812,812,844,1066,467,480,340,372,372,412,412,442,442,492,452,488,488,488],"floor_reached":51,"language":"ENG","playtime":2485,"items_purged":["Strike_P","Strike_P"],"score":1358,"play_id":"9af2a359-2a14-4cc0-b0e7-d4d3063d82dc","local_time":"20210120141603","is_ascension_mode":true,"campfire_choices":[{"floor":7.0,"key":"REST"},{"data":"ConjureBlade","floor":15.0,"key":"SMITH"},{"data":"Omniscience","floor":27.0,"key":"SMITH"},{"data":"Devotion","floor":32.0,"key":"SMITH"},{"data":"Omniscience","floor":41.0,"key":"SMITH"},{"data":"CutThroughFate","floor":45,"key":"SMITH"},{"data":"Eruption","floor":49,"key":"SMITH"}],"circlet_count":0,"master_deck":["Strike_P","Strike_P","Defend_P","Defend_P","Defend_P","Defend_P","Eruption+1","Vigilance","Wallop+1","CutThroughFate+1","ConjureBlade+1","Omniscience+1","Sanctity+1","Devotion+1","Evaluate+1","Omniscience+1","WheelKick+1","CutThroughFate+1","CutThroughFate+1","CutThroughFate+1"],"relics":["Black Star","Golden Idol","Turnip","MealTicket","CeramicFish","Bag of Marbles","Lizard Tail","Vajra","HornCleat","Gremlin Horn","Ginger","Coffee Dripper","Strawberry","Yang","Calipers","Pen Nib","StoneCalendar","Ancient Tea Set","Happy Flower","Damaru","Red Mask","Cursed Key","Gambling Chip","Sling","Blood Vial","Darkstone Periapt","Bottled Lightning","Anchor","PreservedInsect","Nunchaku","Toxic Egg 2"],"acts_visited":["Exordium","TheCity","TheBeyond"],"potions_floor_usage":[50,50,50],"damage_taken":[{"damage":6.0,"enemies":"Small Slimes","floor":1.0,"turns":7.0},{"damage":0.0,"enemies":"Jaw Worm","floor":5.0,"turns":3.0},{"damage":40.0,"enemies":"Gremlin Nob","floor":6.0,"turns":6.0},{"damage":18.0,"enemies":"Lagavulin","floor":8.0,"turns":6.0},{"damage":0.0,"enemies":"Cultist","floor":10.0,"turns":2.0},{"damage":0.0,"enemies":"Gremlin Nob","floor":11.0,"turns":3.0},{"damage":0.0,"enemies":"Gremlin Gang","floor":12.0,"turns":5.0},{"damage":13.0,"enemies":"3 Sentries","floor":13.0,"turns":9.0},{"damage":0.0,"enemies":"Blue Slaver","floor":14.0,"turns":2.0},{"damage":0.0,"enemies":"Hexaghost","floor":16.0,"turns":6.0},{"damage":0.0,"enemies":"Spheric Guardian","floor":18.0,"turns":3.0},{"damage":0.0,"enemies":"Chosen","floor":19.0,"turns":3.0},{"damage":0.0,"enemies":"Snecko","floor":20.0,"turns":2.0},{"damage":1.0,"enemies":"Shelled Parasite and Fungi","floor":22.0,"turns":6.0},{"damage":0.0,"enemies":"Slavers","floor":23.0,"turns":3.0},{"damage":0.0,"enemies":"Snake Plant","floor":24.0,"turns":3.0},{"damage":0.0,"enemies":"Gremlin Leader","floor":25.0,"turns":5.0},{"damage":8.0,"enemies":"Book of Stabbing","floor":28.0,"turns":6.0},{"damage":0.0,"enemies":"Masked Bandits","floor":29.0,"turns":3.0},{"damage":0.0,"enemies":"Centurion and Healer","floor":30.0,"turns":4.0},{"damage":4.0,"enemies":"Champ","floor":33.0,"turns":5.0},{"damage":0.0,"enemies":"3 Shapes","floor":35.0,"turns":5.0},{"damage":0.0,"enemies":"Orb Walker","floor":38.0,"turns":1.0},{"damage":0.0,"enemies":"3 Darklings","floor":40.0,"turns":4.0},{"damage":0.0,"enemies":"Reptomancer","floor":42.0,"turns":4.0},{"damage":0,"enemies":"Sphere and 2 Shapes","floor":44,"turns":2},{"damage":0,"enemies":"Giant Head","floor":46,"turns":4},{"damage":0,"enemies":"Reptomancer","floor":48,"turns":1},{"damage":0,"enemies":"Donu and Deca","floor":50,"turns":3}],"seed_played":"-4724576416230649124","potions_obtained":[{"floor":1.0,"key":"PowerPotion"},{"floor":8.0,"key":"AttackPotion"},{"floor":16.0,"key":"LiquidMemories"},{"floor":19.0,"key":"BlessingOfTheForge"},{"floor":20.0,"key":"Regen Potion"},{"floor":23.0,"key":"StancePotion"},{"floor":25.0,"key":"Fruit Juice"},{"floor":28.0,"key":"Energy Potion"},{"floor":35.0,"key":"FearPotion"},{"floor":48,"key":"Energy Potion"}],"is_trial":false,"path_per_floor":["M","?","?","?","M","E","R","E","T","M","E","M","E","M","R","B",null,"M","M","M","$","M","E","M","E","T","R","E","?","M","?","R","B",null,"M","?","$","M","?","M","R","E","T","M","R","E","?","E","R","B",null],"character_chosen":"WATCHER","items_purchased":["Strawberry","Gambling Chip","Sling","Strength Potion"],"campfire_rested":1,"item_purchase_floors":[21,37,37,37],"current_hp_per_floor":[66,66,55,55,55,15,35,17,17,17,17,17,4,4,4,4,67,67,67,67,74,73,73,73,78,78,78,70,70,70,55,55,51,84,84,84,84,84,84,84,84,84,84,84,84,84,84,84,84,84],"gold":488,"neow_bonus":"BOSS_RELIC","is_daily":false,"chose_seed":false,"campfire_upgraded":6,"win_rate":0.0,"timestamp":1611148563,"path_taken":["M","?","?","?","M","E","R","E","T","?","E","?","E","M","R","BOSS","M","M","M","$","M","E","?","E","T","R","E","?","M","?","R","BOSS","M","?","$","M","?","M","R","E","T","?","R","E","?","E","R","BOSS"],"items_purchased_type":["Relic","Relic","Relic","Potion"],"build_version":"2020-12-22","purchased_purges":2,"victory":true,"max_hp_per_floor":[72,67,67,67,67,67,67,67,67,67,67,67,67,67,67,67,67,67,67,67,74,74,74,74,79,79,79,79,79,79,84,84,84,84,84,84,84,84,84,84,84,84,84,84,84,84,84,84,84,84],"card_choices":[{"not_picked":["PathToVictory","BowlingBash"],"picked":"Wallop","floor":1.0},{"not_picked":["FlurryOfBlows","CrushJoints","EmptyFist"],"picked":"SKIP","floor":5.0},{"not_picked":["Weave","ThirdEye","Meditate"],"picked":"SKIP","floor":6.0},{"not_picked":["WindmillStrike","CrushJoints","SignatureMove"],"picked":"SKIP","floor":8.0},{"not_picked":["WaveOfTheHand","Prostrate"],"picked":"CutThroughFate","floor":10.0},{"not_picked":["Halt","WaveOfTheHand","SashWhip"],"picked":"SKIP","floor":11.0},{"not_picked":["Weave","Meditate","JustLucky"],"picked":"SKIP","floor":12.0},{"not_picked":["ClearTheMind","InnerPeace"],"picked":"ConjureBlade","floor":13.0},{"not_picked":["Weave","LikeWater","Swivel"],"picked":"SKIP","floor":14.0},{"not_picked":["SpiritShield","DevaForm"],"picked":"Omniscience","floor":16.0},{"not_picked":["Prostrate+1","Halt+1","Sanctity"],"picked":"SKIP","floor":18.0},{"not_picked":["Swivel","Evaluate"],"picked":"Sanctity+1","floor":19.0},{"not_picked":["BowlingBash","ThirdEye","PathToVictory"],"picked":"SKIP","floor":20.0},{"not_picked":["Adaptation","FlurryOfBlows+1","JustLucky"],"picked":"SKIP","floor":22.0},{"not_picked":["Perseverance","SignatureMove"],"picked":"Devotion","floor":23.0},{"not_picked":["Conclude","Crescendo+1","Adaptation"],"picked":"SKIP","floor":24.0},{"not_picked":["FollowUp","PathToVictory"],"picked":"Evaluate+1","floor":25.0},{"not_picked":["LikeWater","Weave","ClearTheMind+1"],"picked":"SKIP","floor":28.0},{"not_picked":["Wireheading","Crescendo","FlyingSleeves+1"],"picked":"SKIP","floor":30.0},{"not_picked":["SpiritShield","Judgement"],"picked":"Omniscience","floor":33.0},{"not_picked":["EmptyBody+1","WaveOfTheHand"],"picked":"WheelKick+1","floor":35.0},{"not_picked":["Perseverance+1","BowlingBash+1","Indignation"],"picked":"SKIP","floor":38.0},{"not_picked":["Protect+1","ClearTheMind"],"picked":"CutThroughFate+1","floor":40.0},{"not_picked":["FlurryOfBlows","Fasting2","JustLucky"],"picked":"SKIP","floor":42.0},{"not_picked":["WheelKick","Protect+1"],"picked":"CutThroughFate+1","floor":44},{"not_picked":["Prostrate+1","Crescendo"],"picked":"CutThroughFate+1","floor":46},{"not_picked":["Alpha+1","EmptyFist","BattleHymn+1"],"picked":"SKIP","floor":48}],"player_experience":70275,"relics_obtained":[{"floor":6.0,"key":"Turnip"},{"floor":6.0,"key":"MealTicket"},{"floor":8.0,"key":"CeramicFish"},{"floor":8.0,"key":"Bag of Marbles"},{"floor":9.0,"key":"Lizard Tail"},{"floor":11.0,"key":"Vajra"},{"floor":11.0,"key":"HornCleat"},{"floor":13.0,"key":"Gremlin Horn"},{"floor":13.0,"key":"Ginger"},{"floor":23.0,"key":"Yang"},{"floor":23.0,"key":"Calipers"},{"floor":25.0,"key":"Pen Nib"},{"floor":25.0,"key":"StoneCalendar"},{"floor":26.0,"key":"Ancient Tea Set"},{"floor":28.0,"key":"Happy Flower"},{"floor":28.0,"key":"Damaru"},{"floor":29.0,"key":"Red Mask"},{"floor":42.0,"key":"Darkstone Periapt"},{"floor":42.0,"key":"Bottled Lightning"},{"floor":46,"key":"Anchor"},{"floor":46,"key":"PreservedInsect"},{"floor":48,"key":"Nunchaku"},{"floor":48,"key":"Toxic Egg 2"}],"event_choices":[{"damage_healed":0.0,"max_hp_gain":0.0,"max_hp_loss":5.0,"gold_gain":0.0,"event_name":"Golden Idol","player_choice":"Lose Max HP","floor":2.0,"gold_loss":0.0,"damage_taken":0.0,"relics_obtained":["Golden Idol"]},{"damage_healed":0.0,"max_hp_gain":0.0,"max_hp_loss":0.0,"gold_gain":75.0,"event_name":"World of Goop","player_choice":"Gather Gold","floor":3.0,"gold_loss":0.0,"damage_taken":11.0},{"damage_healed":0.0,"max_hp_gain":0.0,"max_hp_loss":0.0,"gold_gain":0.0,"event_name":"Living Wall","player_choice":"Grow","floor":4.0,"gold_loss":0.0,"damage_taken":0.0,"cards_upgraded":["Wallop"]},{"damage_healed":0.0,"max_hp_gain":0.0,"max_hp_loss":0.0,"gold_gain":0.0,"event_name":"Masked Bandits","player_choice":"Fought Bandits","floor":29.0,"gold_loss":0.0,"damage_taken":0.0},{"damage_healed":0.0,"max_hp_gain":5.0,"max_hp_loss":0.0,"gold_gain":0.0,"event_name":"Forgotten Altar","player_choice":"Shed Blood","floor":31.0,"gold_loss":0.0,"damage_taken":20.0},{"damage_healed":0.0,"max_hp_gain":0.0,"max_hp_loss":0.0,"gold_gain":222.0,"event_name":"Tomb of Lord Red Mask","player_choice":"Wore Mask","floor":36.0,"gold_loss":0.0,"damage_taken":0.0},{"damage_healed":0.0,"max_hp_gain":0.0,"max_hp_loss":0.0,"gold_gain":0.0,"event_name":"WeMeetAgain","player_choice":"Paid Gold","floor":39.0,"gold_loss":140.0,"damage_taken":0.0,"relics_obtained":["Blood Vial"]},{"damage_healed":0,"gold_gain":0,"player_choice":"Bought 3 Potions","damage_taken":0,"max_hp_gain":0,"max_hp_loss":0,"event_name":"The Woman in Blue","floor":47,"gold_loss":0}],"is_beta":false,"boss_relics":[{"not_picked":["Fusion Hammer","Astrolabe"],"picked":"Coffee Dripper"},{"not_picked":["Velvet Choker","Calling Bell"],"picked":"Cursed Key"}],"items_purged_floors":[21,37],"is_endless":false,"potions_floor_spawned":[1,8,16,19,20,23,25,28,30,35,42,46,48],"ascension_level":3}}