{"host":"l60rmjjsfi0fipmi","time":1611166993,"event":{"mods":["BaseMod","Colored Map","DeckTracker","Hermit","Highlight Path","Jorbs\u0027s Wanderer Trilogy","Minty Spire (QoL Compilation)","StSLib","The Cursed"],"gold_per_floor":[119,131,150,67,77,77,104,104,104,122,85,85,85,85,85,85,85],"floor_reached":16,"language":"ENG","playtime":1078,"items_purged":[],"score":115,"play_id":"80da568b-84f3-44ef-9a42-ee4f9f8270f1","local_time":"20210120132313","is_ascension_mode":true,"campfire_choices":[{"data":"Vigilance","floor":6,"key":"SMITH"},{"data":"Meditate","floor":8,"key":"SMITH"},{"floor":15,"key":"REST"}],"circlet_count":0,"master_deck":["Strike_P","Strike_P","Strike_P","Strike_P","Defend_P","Defend_P","Defend_P","Defend_P","Eruption+1","Vigilance+1","Crescendo","Conclude","FlurryOfBlows","Meditate+1","Protect","Evaluate","ThirdEye","LikeWater","Study","JustLucky","Writhe"],"relics":["PureWater","Bottled Flame","Gremlin Horn","Darkstone Periapt"],"acts_visited":["Exordium"],"potions_floor_usage":[16],"damage_taken":[{"damage":1,"enemies":"Small Slimes","floor":1,"turns":5},{"damage":0,"enemies":"Jaw Worm","floor":2,"turns":3},{"damage":0,"enemies":"2 Louse","floor":3,"turns":2},{"damage":12,"enemies":"Red Slaver","floor":5,"turns":5},{"damage":14,"enemies":"Lagavulin","floor":7,"turns":8},{"damage":0,"enemies":"Lots of Slimes","floor":10,"turns":2},{"damage":44,"enemies":"Hexaghost","floor":16,"turns":16}],"seed_played":"760182707202358094","potions_obtained":[{"floor":1,"key":"Ancient Potion"},{"floor":10,"key":"GamblersBrew"}],"is_trial":false,"path_per_floor":["M","M","M","$","M","R","E","R","T","M","$","?","?","?","R","B"],"character_chosen":"WATCHER","items_purchased":["Meditate","Protect","LikeWater"],"campfire_rested":1,"item_purchase_floors":[4,4,11],"current_hp_per_floor":[71,71,71,71,59,59,45,45,45,45,45,12,12,18,41,0,0],"gold":85,"neow_bonus":"UPGRADE_CARD","is_daily":false,"chose_seed":false,"campfire_upgraded":2,"win_rate":0.0,"timestamp":1611166993,"path_taken":["M","M","M","$","M","R","E","R","T","M","$","?","?","?","R","BOSS"],"items_purchased_type":["Card","Card","Card"],"build_version":"2020-12-22","purchased_purges":0,"victory":false,"max_hp_per_floor":[72,72,72,72,72,72,72,72,72,72,72,72,72,78,78,78,78],"card_choices":[{"not_picked":["Sanctity","Evaluate"],"picked":"Crescendo","floor":1},{"not_picked":["Consecrate","JustLucky"],"picked":"Conclude","floor":2},{"not_picked":["SashWhip","FlyingSleeves"],"picked":"FlurryOfBlows","floor":3},{"not_picked":["Vengeance","Fasting2"],"picked":"Evaluate","floor":5},{"not_picked":["Vengeance","Consecrate"],"picked":"ThirdEye","floor":7},{"not_picked":["JustLucky","Protect","PathToVictory"],"picked":"SKIP","floor":10}],"player_experience":515539,"relics_obtained":[{"floor":7,"key":"Bottled Flame"},{"floor":9,"key":"Gremlin Horn"}],"event_choices":[{"damage_healed":0,"gold_gain":0,"player_choice":"Success","damage_taken":33,"relics_obtained":["Darkstone Periapt"],"max_hp_gain":0,"max_hp_loss":0,"event_name":"Scrap Ooze","floor":12,"gold_loss":0},{"damage_healed":0,"gold_gain":0,"player_choice":"Searched \u00271\u0027 times","damage_taken":0,"max_hp_gain":0,"max_hp_loss":0,"event_name":"Dead Adventurer","floor":13,"gold_loss":0},{"damage_healed":0,"gold_gain":0,"player_choice":"3 cards matched","damage_taken":0,"max_hp_gain":0,"max_hp_loss":0,"event_name":"Match and Keep!","floor":14,"gold_loss":0,"cards_obtained":["Study","JustLucky","Writhe"]}],"is_beta":false,"boss_relics":[],"items_purged_floors":[],"is_endless":false,"potions_floor_spawned":[1,10],"killed_by":"Hexaghost","ascension_level":3}}