{"host":"l60rmjjsfi0fipmi","time":1611111385,"event":{"mods":["BaseMod","Colored Map","DeckTracker","Highlight Path","Minty Spire (QoL Compilation)","StSLib","The Cursed","The Servant 0.9.4"],"gold_per_floor":[110,110,126,146,74,106,118,118,118,118,118,43,43,60,60,60,60],"floor_reached":16,"language":"ENG","playtime":700,"items_purged":["Strike_G"],"score":125,"play_id":"fcb207d6-28d9-4276-b6f2-e08acaa08112","local_time":"20210119215625","is_ascension_mode":true,"campfire_choices":[{"floor":10,"key":"REST"},{"data":"Dodge and Roll","floor":13,"key":"SMITH"},{"data":"Cloak And Dagger","floor":15,"key":"SMITH"}],"circlet_count":0,"master_deck":["Strike_G","Strike_G","Strike_G","Strike_G","Defend_G","Defend_G","Defend_G","Defend_G","Defend_G","Survivor","Neutralize+1","Cloak And Dagger+1","Backflip","Dodge and Roll+1","Blade Dance","Infinite Blades","Parasite","Deflect"],"relics":["Ring of the Snake","Juzu Bracelet","Paper Crane"],"acts_visited":["Exordium"],"potions_floor_usage":[6,16],"damage_taken":[{"damage":0,"enemies":"Cultist","floor":1,"turns":5},{"damage":1,"enemies":"2 Louse","floor":3,"turns":3},{"damage":1,"enemies":"Small Slimes","floor":4,"turns":5},{"damage":36,"enemies":"Lagavulin","floor":6,"turns":12},{"damage":4,"enemies":"2 Fungi Beasts","floor":7,"turns":4},{"damage":7,"enemies":"Exordium Wildlife","floor":14,"turns":4},{"damage":61,"enemies":"Slime Boss","floor":16,"turns":11}],"seed_played":"8359850550283769820","potions_obtained":[{"floor":3,"key":"Fire Potion"},{"floor":14,"key":"BlessingOfTheForge"}],"is_trial":false,"path_per_floor":["M","?","M","M","$","E","M","?","T","R","?","$","R","M","R","B"],"character_chosen":"THE_SILENT","items_purchased":["Infinite Blades"],"campfire_rested":1,"item_purchase_floors":[5],"current_hp_per_floor":[70,70,69,68,68,32,28,28,28,49,66,66,66,59,59,0,0],"gold":60,"neow_bonus":"THREE_CARDS","is_daily":false,"chose_seed":false,"campfire_upgraded":2,"win_rate":0.0,"timestamp":1611111385,"path_taken":["M","?","M","M","$","E","M","?","T","R","?","$","R","M","R","BOSS"],"items_purchased_type":["Card"],"build_version":"2020-12-22","purchased_purges":1,"victory":false,"max_hp_per_floor":[70,70,70,70,70,70,70,70,70,70,70,70,70,70,70,70,70],"card_choices":[{"not_picked":["Predator","Flying Knee"],"picked":"Cloak And Dagger","floor":0},{"not_picked":["Prepared","Outmaneuver"],"picked":"Backflip","floor":1},{"not_picked":["Cloak And Dagger","Setup"],"picked":"Dodge and Roll","floor":3},{"not_picked":["Infinite Blades","Dash"],"picked":"Blade Dance","floor":4},{"not_picked":["Skewer","All Out Attack","Doppelganger"],"picked":"SKIP","floor":6},{"not_picked":["Poisoned Stab","Choke","Reflex"],"picked":"SKIP","floor":7},{"not_picked":["Underhanded Strike","Bouncing Flask"],"picked":"Deflect","floor":14}],"player_experience":508969,"relics_obtained":[{"floor":6,"key":"Juzu Bracelet"},{"floor":9,"key":"Paper Crane"}],"event_choices":[{"damage_healed":0,"gold_gain":0,"player_choice":"Grow","damage_taken":0,"max_hp_gain":0,"max_hp_loss":0,"event_name":"Living Wall","floor":2,"gold_loss":0,"cards_upgraded":["Neutralize"]},{"damage_healed":0,"gold_gain":0,"player_choice":"Ignored","damage_taken":0,"max_hp_gain":0,"max_hp_loss":0,"event_name":"Golden Idol","floor":8,"gold_loss":0},{"damage_healed":17,"gold_gain":0,"player_choice":"Healed and dodged fight","damage_taken":0,"max_hp_gain":0,"max_hp_loss":0,"event_name":"Mushrooms","floor":11,"gold_loss":0,"cards_obtained":["Parasite"]}],"is_beta":false,"boss_relics":[],"items_purged_floors":[12],"is_endless":false,"potions_floor_spawned":[3,14],"killed_by":"Slime Boss","ascension_level":5}}