{"host":"skr63qsdfgeey3it","time":1611123983,"event":{"mods":["BaseMod","Colored Map","Hubris","Minty Spire (QoL Compilation)","Replay The Spire","Spicy Shops","StSLib"],"gold_per_floor":[116,41,52,52,64,90,90,90,90],"floor_reached":8,"language":"ENG","playtime":260,"items_purged":["Languid"],"score":92,"play_id":"7ec71579-fb39-4a19-9f18-6028147c91d2","local_time":"20210120002623","is_ascension_mode":true,"campfire_choices":[],"circlet_count":0,"master_deck":["AscendersBane","Strike_R","Strike_R","Strike_R","Strike_R","Strike_R","Defend_R","Defend_R","Defend_R","Defend_R","Bash","ReplayReversal","Combust","Dropkick","ReplayTheSpireMod:Limb From Limb"],"relics":["Burning Blood","hubris:TenFootPole","hubris:64BitClover"],"acts_visited":["Exordium"],"potions_floor_usage":[6],"damage_taken":[{"damage":11,"enemies":"2 Louse","floor":1,"turns":4},{"damage":14,"enemies":"Cultist","floor":3,"turns":5},{"damage":16,"enemies":"Jaw Worm","floor":5,"turns":3},{"damage":43,"enemies":"Gremlin Nob","floor":6,"turns":5},{"damage":49,"enemies":"3 Sentries","floor":8,"turns":4}],"seed_played":"1228348902794055159","potions_obtained":[{"floor":1,"key":"Milkshake"},{"floor":6,"key":"LifebloodPotion"}],"is_trial":false,"path_per_floor":["M","$","M","?","M","E","?","E"],"character_chosen":"IRONCLAD","items_purchased":[],"campfire_rested":0,"item_purchase_floors":[],"current_hp_per_floor":[67,67,59,90,80,43,43,0,0],"gold":90,"neow_bonus":"THREE_RARE_CARDS","is_daily":false,"chose_seed":false,"campfire_upgraded":0,"win_rate":0.0,"timestamp":1611123983,"path_taken":["M","$","M","?","?","E","?","E"],"items_purchased_type":[],"build_version":"2020-12-22","purchased_purges":1,"victory":false,"max_hp_per_floor":[80,80,80,90,90,90,90,90,90],"card_choices":[{"not_picked":["Limit Break","Barricade"],"picked":"Berserk","floor":0},{"not_picked":["Armaments","Clothesline"],"picked":"ReplayReversal","floor":1},{"not_picked":["Clash","hubris:ReadiedAction"],"picked":"Combust","floor":3},{"not_picked":["Headbutt","Blood for Blood"],"picked":"Dropkick","floor":5},{"not_picked":["Flex","Dropkick"],"picked":"ReplayTheSpireMod:Limb From Limb","floor":6}],"player_experience":766752,"relics_obtained":[{"floor":6,"key":"hubris:TenFootPole"}],"event_choices":[{"cards_removed":["Berserk"],"damage_healed":21,"gold_gain":0,"player_choice":"Offered Rare","damage_taken":0,"max_hp_gain":10,"max_hp_loss":0,"event_name":"Bonfire Elementals","floor":4,"gold_loss":0},{"damage_healed":0,"gold_gain":0,"player_choice":"Gave Potion","damage_taken":0,"relics_obtained":["hubris:64BitClover"],"max_hp_gain":0,"max_hp_loss":0,"event_name":"WeMeetAgain","floor":7,"gold_loss":0}],"is_beta":false,"boss_relics":[],"items_purged_floors":[2],"is_endless":false,"potions_floor_spawned":[1,6],"killed_by":"3 Sentries","ascension_level":13}}