{"host":"3jhxjeq8h3mqaq9s","time":1611170361,"event":{"mods":["BaseMod","Bestiary","Colored Map","Downfall","Highlight Path","Minty Spire (QoL Compilation)","Rare Cards Sparkle","Relic Stats","StSLib","everything is the same but u backflip on backflip","slay the spire mod where everything is the same but ironclad has a cowboy hat"],"gold_per_floor":[99,117,27,46,46,46,70,70,105,122,22,56,56,66,76,171,171,71,89,74,85,85,85,85,101,1,17,17,37,37,62,76,180,180,180,190,240,240,90,36,60,86,86,115,126,126,126,159,169,169,169,203,18,18,18,18],"floor_reached":57,"language":"ENG","playtime":5401,"items_purged":["bronze:Strike","bronze:Defend"],"score":1068,"play_id":"c2906dea-ec1a-4b30-8812-b6daa59a3450","local_time":"20210120141921","is_ascension_mode":false,"campfire_choices":[{"floor":1.0,"key":"RECALL"},{"data":"bronze:Goto","floor":8.0,"key":"SMITH"},{"floor":11.0,"key":"REST"},{"data":"bronze:FineTuning","floor":18.0,"key":"SMITH"},{"data":"bronze:DelayedSlice","floor":23.0,"key":"SMITH"},{"data":"bronze:Branch","floor":26.0,"key":"SMITH"},{"data":"bronze:WhirlingStrike","floor":28.0,"key":"SMITH"},{"data":"bronze:Format","floor":35.0,"key":"SMITH"},{"floor":46.0,"key":"REST"},{"data":"expansioncontent:LastStand","floor":47.0,"key":"SMITH"},{"floor":54.0,"key":"REST"}],"circlet_count":0,"master_deck":["bronze:Strike+1","bronze:Defend+1","bronze:Defend","bronze:Defend","bronze:Replicate+1","bronze:Goto+1","bronze:Return","bronze:Branch+1","bronze:Deprecate+1","bronze:Format+1","bronze:WhirlingStrike+1","bronze:FineTuning+1","bronze:Format","bronze:Format","bronze:DelayedSlice+1","bronze:CutThrough+1","bronze:Verify","bronze:Philosophize+1","bronze:Repulsor","bronze:Mutator","bronze:FineTuning+1","expansioncontent:LastStand+1","bronze:Iterate+1","bronze:ItsAFeature"],"relics":["bronze:PlatinumCore","WingedGreaves","War Paint","downfall:HeartBlessingBlue","Lantern","downfall:HeartBlessingRed","Whetstone","downfall:HeartBlessingGreen","Art of War","Sozu","Peace Pipe","Lizard Tail","Pear","Vajra","Bag of Preparation","Mummified Hand","Blood Vial","Gremlin Horn","Strawberry"],"acts_visited":["Exordium","TheCity","TheBeyond","TheEnding"],"potions_floor_usage":[],"damage_taken":[{"damage":1.0,"enemies":"Jaw Worm","floor":2.0,"turns":3.0},{"damage":0.0,"enemies":"downfall:FleeingMerchant","floor":3.0,"turns":4.0},{"damage":0.0,"enemies":"Small Slimes","floor":4.0,"turns":4.0},{"damage":23.0,"enemies":"Gremlin Nob","floor":9.0,"turns":6.0},{"damage":0.0,"enemies":"2 Louse","floor":10.0,"turns":2.0},{"damage":2.0,"enemies":"Lagavulin","floor":12.0,"turns":7.0},{"damage":0.0,"enemies":"Blue Slaver","floor":14.0,"turns":3.0},{"damage":0.0,"enemies":"Large Slime","floor":15.0,"turns":3.0},{"damage":48.0,"enemies":"IC_STATUS_ARCHETYPE","floor":16.0,"turns":14.0},{"damage":0.0,"enemies":"Chosen","floor":19.0,"turns":3.0},{"damage":0.0,"enemies":"downfall:FleeingMerchant","floor":20.0,"turns":4.0},{"damage":0.0,"enemies":"3 Byrds","floor":21.0,"turns":4.0},{"damage":7.0,"enemies":"Snake Plant","floor":25.0,"turns":3.0},{"damage":0.0,"enemies":"Shelled Parasite and Fungi","floor":27.0,"turns":2.0},{"damage":0.0,"enemies":"Centurion and Healer","floor":29.0,"turns":3.0},{"damage":0.0,"enemies":"Slavers","floor":31.0,"turns":4.0},{"damage":9.0,"enemies":"Snecko","floor":32.0,"turns":5.0},{"damage":9.0,"enemies":"DF_ARCHETYPE_CLAW","floor":33.0,"turns":9.0},{"damage":21.0,"enemies":"3 Darklings","floor":36.0,"turns":3.0},{"damage":0.0,"enemies":"3 Darklings","floor":37.0,"turns":4.0},{"damage":15.0,"enemies":"downfall:FleeingMerchant","floor":39.0,"turns":4.0},{"damage":0.0,"enemies":"downfall:FleeingMerchant","floor":40.0,"turns":1.0},{"damage":13.0,"enemies":"Reptomancer","floor":42.0,"turns":5.0},{"damage":13.0,"enemies":"Giant Head","floor":44.0,"turns":6.0},{"damage":0.0,"enemies":"Orb Walker","floor":45.0,"turns":2.0},{"damage":21.0,"enemies":"Reptomancer","floor":48.0,"turns":5.0},{"damage":0.0,"enemies":"Sphere and 2 Shapes","floor":49.0,"turns":3.0},{"damage":10.0,"enemies":"SI_POISON_ARCHETYPE","floor":50.0,"turns":12.0},{"damage":19.0,"enemies":"downfall:CharBossMerchant","floor":52.0,"turns":7.0},{"damage":20.0,"enemies":"downfall:NeowBoss","floor":55.0,"turns":12.0},{"damage":27,"enemies":"downfall:NeowBoss","floor":56,"turns":10}],"seed_played":"-4078534018100543893","potions_obtained":[{"floor":2.0,"key":"FearPotion"},{"floor":9.0,"key":"Swift Potion"},{"floor":14.0,"key":"SneckoOil"},{"floor":15.0,"key":"SpeedPotion"},{"floor":16.0,"key":"Dexterity Potion"},{"floor":22.0,"key":"CultistPotion"}],"is_trial":false,"path_per_floor":["R","M","$","M","?","?","T","R","E","M","R","E","?","M","M","B",null,"R","M","$","M","?","R","T","M","R","M","R","M","?","E","M","B",null,"R","M","?","?","$","$","T","E","?","E","M","R","R","E","M","B",null,"E","$","R","B","B",null],"character_chosen":"THE_AUTOMATON","items_purchased":["bronze:Repulsor","bronze:Mutator","Pear","bronze:ItsAFeature","Strawberry"],"campfire_rested":3,"item_purchase_floors":[39,40,40,53,53],"current_hp_per_floor":[49,48,48,48,48,48,48,48,25,25,59,57,57,57,57,9,80,80,80,80,80,80,80,80,73,73,73,73,73,73,73,64,55,80,80,59,59,59,44,54,54,41,41,28,28,55,55,34,46,48,90,71,78,97,77,52],"gold":18,"neow_bonus":"ONE_RARE_RELIC","is_daily":false,"chose_seed":false,"campfire_upgraded":7,"win_rate":0.0,"timestamp":1611170361,"path_taken":["R","M","$","M","?","?","T","R","E","M","R","E","?","M","M","BOSS","R","M","$","M","?","R","T","M","R","M","R","M","?","E","M","BOSS","R","M","?","?","?","$","T","E","?","E","M","R","R","E","M","BOSS","E","$","R","BOSS","BOSS"],"items_purchased_type":["Card","Card","Relic","Card","Relic"],"build_version":"2020-12-22","purchased_purges":2,"victory":true,"max_hp_per_floor":[70,70,70,70,70,70,70,70,70,70,80,80,80,80,80,80,80,80,80,80,80,80,80,80,80,80,80,80,80,80,80,80,80,80,80,80,80,80,80,90,90,90,90,90,90,90,90,90,90,90,90,90,97,97,97,97],"relic_stats":{"Sozu":4,"Peace Pipe":0,"Blood Vial":6,"Lizard Tail":0,"Gremlin Horn":[8,8],"counters":[31,157],"Mummified Hand":[24],"Art of War":[3],"Bag of Preparation":[16],"Whetstone":["bronze:Strike","bronze:Replicate"],"War Paint":["bronze:Deprecate","bronze:Defend"],"obtain_stats":[{"bronze:PlatinumCore":17,"Lantern":12,"bronze:BronzeCore":0,"Pear":40,"downfall:HeartBlessingRed":18,"Gremlin Horn":52,"Vajra":41,"downfall:HeartBlessingGreen":26,"Bag of Preparation":42,"Whetstone":24,"War Paint":9,"Sozu":34,"Peace Pipe":37,"Blood Vial":48,"Lizard Tail":38,"downfall:HeartBlessingBlue":11,"Mummified Hand":44,"Strawberry":53,"WingedGreaves":0,"Art of War":31},{"bronze:PlatinumCore":9,"Lantern":6,"bronze:BronzeCore":0,"Pear":22,"downfall:HeartBlessingRed":9,"Gremlin Horn":29,"Vajra":22,"downfall:HeartBlessingGreen":13,"Bag of Preparation":23,"Whetstone":12,"War Paint":4,"Sozu":18,"Peace Pipe":20,"Blood Vial":26,"Lizard Tail":20,"downfall:HeartBlessingBlue":5,"Mummified Hand":24,"Strawberry":29,"WingedGreaves":0,"Art of War":16},{"bronze:PlatinumCore":46,"Lantern":26,"bronze:BronzeCore":0,"Pear":95,"downfall:HeartBlessingRed":46,"Gremlin Horn":135,"Vajra":95,"downfall:HeartBlessingGreen":60,"Bag of Preparation":100,"Whetstone":57,"War Paint":17,"Sozu":83,"Peace Pipe":90,"Blood Vial":113,"Lizard Tail":90,"downfall:HeartBlessingBlue":19,"Mummified Hand":106,"Strawberry":135,"WingedGreaves":0,"Art of War":69}]},"card_choices":[{"not_picked":["bronze:Fortify","bronze:Shield","bronze:WildBeam"],"picked":"SKIP","floor":2.0},{"not_picked":["bronze:Overheat","bronze:Turbo"],"picked":"bronze:Return","floor":3.0},{"not_picked":["bronze:WildBeam","bronze:BugBarrage"],"picked":"bronze:Branch","floor":4.0},{"not_picked":["bronze:DelayedGuard","bronze:Boost"],"picked":"bronze:Format","floor":9.0},{"not_picked":["bronze:Shield","bronze:MaxOutput","bronze:Turbo"],"picked":"SKIP","floor":10.0},{"not_picked":["bronze:Backtrace","bronze:BuggyMess"],"picked":"bronze:WhirlingStrike","floor":12.0},{"not_picked":["bronze:Shield","bronze:BitShift"],"picked":"bronze:FineTuning","floor":14.0},{"not_picked":["bronze:BuggyMess","bronze:Overload"],"picked":"bronze:Format","floor":15.0},{"not_picked":["bronze:ShipIt","bronze:ThunderWave"],"picked":"bronze:Format","floor":16.0},{"not_picked":["bronze:CloningBeam","bronze:ForceShield","bronze:MaxOutput+1"],"picked":"SKIP","floor":19.0},{"not_picked":["bronze:Branch+1","bronze:WhirlingStrike+1","bronze:NullPointer+1"],"picked":"SKIP","floor":20.0},{"not_picked":["bronze:WildBeam+1","bronze:Overheat+1"],"picked":"bronze:DelayedSlice","floor":21.0},{"not_picked":["bronze:Backtrace+1","bronze:CloningBeam"],"picked":"bronze:CutThrough+1","floor":25.0},{"not_picked":["bronze:RecursiveStrike","bronze:OilSpill+1","bronze:Invalidate"],"picked":"SKIP","floor":27.0},{"not_picked":["bronze:ForceShield+1","bronze:DelayedSlice","bronze:ForLoop"],"picked":"SKIP","floor":29.0},{"not_picked":["bronze:Shield","bronze:ClassDefault+1","bronze:WhirlingStrike"],"picked":"SKIP","floor":31.0},{"not_picked":["bronze:Shield","bronze:ClassDefault+1","bronze:WhirlingStrike"],"picked":"SKIP","floor":31.0},{"not_picked":["bronze:Turbo+1","bronze:Frontload","bronze:FindAndReplace"],"picked":"SKIP","floor":32.0},{"not_picked":["bronze:ThunderWave","bronze:RecursiveStrike"],"picked":"bronze:Verify","floor":33.0},{"not_picked":["bronze:BitShift","bronze:Turbo+1","bronze:Shield+1"],"picked":"SKIP","floor":36.0},{"not_picked":["bronze:BitShift","bronze:Deprecate+1"],"picked":"bronze:Philosophize+1","floor":39.0},{"not_picked":["bronze:Turbo+1","bronze:DelayedGuard+1","bronze:Optimize+1"],"picked":"SKIP","floor":40.0},{"not_picked":["bronze:CloningBeam","bronze:Optimize"],"picked":"bronze:FineTuning+1","floor":42.0},{"not_picked":["expansioncontent:Hexaburn","expansioncontent:PrepareCrush"],"picked":"expansioncontent:LastStand","floor":43.0},{"not_picked":["bronze:Overload","bronze:CutThrough+1","bronze:BronzeArmor"],"picked":"SKIP","floor":44.0},{"not_picked":["bronze:Invalidate","bronze:BitShift","bronze:CloningBeam+1"],"picked":"SKIP","floor":45.0},{"not_picked":["bronze:MaxOutput","bronze:Shield","bronze:CutThrough+1"],"picked":"SKIP","floor":48.0},{"not_picked":["bronze:OilSpill+1","bronze:Repair","bronze:CutThrough"],"picked":"SKIP","floor":49.0},{"not_picked":["bronze:FindAndReplace","bronze:ClassDefault"],"picked":"bronze:Iterate+1","floor":52.0}],"player_experience":2610323,"relics_obtained":[{"floor":9.0,"key":"War Paint"},{"floor":12.0,"key":"Lantern"},{"floor":24.0,"key":"Whetstone"},{"floor":31.0,"key":"Art of War"},{"floor":37.0,"key":"Peace Pipe"},{"floor":38.0,"key":"Lizard Tail"},{"floor":41.0,"key":"Vajra"},{"floor":42.0,"key":"Bag of Preparation"},{"floor":44.0,"key":"Mummified Hand"},{"floor":48.0,"key":"Blood Vial"},{"floor":52.0,"key":"Gremlin Horn"}],"event_choices":[],"is_beta":false,"boss_relics":[{"not_picked":["Fusion Hammer","SacredBark"],"picked":"bronze:PlatinumCore"},{"not_picked":["Runic Dome","Cursed Key"],"picked":"Sozu"}],"items_purged_floors":[3,39],"is_endless":false,"potions_floor_spawned":[2,9,14,15,16,21,29,31,32,36,42,45,48],"ascension_level":0}}