{"host":"jscggscbx0p7706o","time":1611141682,"event":{"mods":["AchievementEnabler","BaseMod","Block Reminder","Colored Powertips","Filter the Spire","Minty Spire (QoL Compilation)","Permanent Neow","Quick Restart","StSLib"],"gold_per_floor":[369,382,89,89,109,109,143,143,159,159,179,179,194,210,235,235,235,337,337,355,355,365,365,382,382,382,414,414,426,507,584,584,584,584],"floor_reached":33,"language":"ENG","playtime":1387,"items_purged":["Clumsy"],"score":305,"play_id":"84a42e23-0db0-4bc4-b2d2-829acccd1a06","local_time":"20210120192122","is_ascension_mode":true,"campfire_choices":[{"data":"Eruption","floor":6.0,"key":"SMITH"},{"data":"ThirdEye","floor":8.0,"key":"SMITH"},{"floor":16.0,"key":"REST"},{"data":"Vault","floor":17.0,"key":"SMITH"},{"data":"Judgement","floor":26.0,"key":"SMITH"},{"data":"Establishment","floor":28,"key":"SMITH"},{"data":"Vigilance","floor":32,"key":"SMITH"}],"circlet_count":0,"master_deck":["Strike_P+1","Strike_P+1","Strike_P+1","Defend_P","Defend_P+1","Defend_P","Defend_P","Eruption+1","Vigilance+1","ClearTheMind+1","FlyingSleeves","LessonLearned","EmptyBody","MentalFortress+1","ThirdEye+1","EmptyBody+1","Vault+1","Establishment+1","Judgement+1","Halt+1","FlyingSleeves"],"relics":["PureWater","Membership Card","Matryoshka","Anchor","Bottled Flame","Orichalcum","Coffee Dripper","Dream Catcher","Pen Nib","Letter Opener","Eternal Feather"],"acts_visited":["Exordium","TheCity"],"potions_floor_usage":[27,29],"damage_taken":[{"damage":0.0,"enemies":"2 Louse","floor":1.0,"turns":3.0},{"damage":2.0,"enemies":"Cultist","floor":2.0,"turns":3.0},{"damage":2.0,"enemies":"Jaw Worm","floor":5.0,"turns":5.0},{"damage":8.0,"enemies":"Lagavulin","floor":7.0,"turns":9.0},{"damage":0.0,"enemies":"Lots of Slimes","floor":9.0,"turns":2.0},{"damage":0.0,"enemies":"Blue Slaver","floor":11.0,"turns":3.0},{"damage":0.0,"enemies":"Gremlin Gang","floor":13.0,"turns":5.0},{"damage":9.0,"enemies":"Large Slime","floor":14.0,"turns":7.0},{"damage":17.0,"enemies":"Gremlin Nob","floor":15.0,"turns":5.0},{"damage":50.0,"enemies":"Hexaghost","floor":18.0,"turns":18.0},{"damage":0.0,"enemies":"Spheric Guardian","floor":20.0,"turns":1.0},{"damage":5.0,"enemies":"Shell Parasite","floor":22.0,"turns":4.0},{"damage":15.0,"enemies":"Snecko","floor":24.0,"turns":5.0},{"damage":6,"enemies":"Book of Stabbing","floor":27,"turns":7},{"damage":23,"enemies":"Chosen and Byrds","floor":29,"turns":7},{"damage":9,"enemies":"Slavers","floor":33,"turns":3}],"seed_played":"-6957880292994698856","potions_obtained":[{"floor":1.0,"key":"LiquidBronze"},{"floor":2.0,"key":"Explosive Potion"},{"floor":5.0,"key":"Weak Potion"},{"floor":13.0,"key":"Fire Potion"},{"floor":18.0,"key":"DistilledChaos"},{"floor":21.0,"key":"DuplicationPotion"},{"floor":29,"key":"EssenceOfSteel"}],"is_trial":false,"path_per_floor":["M","M","$","?","M","R","E","R","M","T","M","?","M","M","E","R","R","B",null,"M","?","M","M","M","?","R","E","R","M","T","T","R","E"],"character_chosen":"WATCHER","items_purchased":["Membership Card","LessonLearned","EmptyBody","MentalFortress"],"campfire_rested":1,"item_purchase_floors":[3,3,3,3],"current_hp_per_floor":[72,70,70,70,68,68,60,60,60,60,60,60,60,51,34,55,55,5,72,72,72,67,67,52,52,52,46,46,23,23,23,35,26,26],"gold":584,"neow_bonus":"TWO_FIFTY_GOLD","is_daily":false,"chose_seed":false,"campfire_upgraded":6,"win_rate":0.0,"timestamp":1611141682,"path_taken":["M","M","$","?","M","R","E","R","M","T","?","?","M","?","E","R","R","BOSS","M","?","M","?","M","?","R","E","R","M","T","T","R","E"],"items_purchased_type":["Relic","Card","Card","Card"],"build_version":"2020-12-22","purchased_purges":1,"victory":false,"max_hp_per_floor":[72,72,72,72,72,72,72,72,72,72,72,72,72,72,72,72,72,72,72,72,72,72,72,72,72,72,72,72,72,72,72,72,72,72],"card_choices":[{"not_picked":["FollowUp","WreathOfFlame"],"picked":"ClearTheMind","floor":1.0},{"not_picked":["Meditate","Pray"],"picked":"FlyingSleeves","floor":2.0},{"not_picked":["Study","Weave","WreathOfFlame"],"picked":"SKIP","floor":5.0},{"not_picked":["Prostrate","Evaluate"],"picked":"ThirdEye","floor":7.0},{"not_picked":["BattleHymn","JustLucky","Adaptation"],"picked":"SKIP","floor":9.0},{"not_picked":["FlyingSleeves","WindmillStrike","WreathOfFlame"],"picked":"SKIP","floor":11.0},{"not_picked":["Prostrate","Collect"],"picked":"EmptyBody","floor":13.0},{"not_picked":["SashWhip","CrushJoints"],"picked":"Vault","floor":14.0},{"not_picked":["FlyingSleeves","Meditate"],"picked":"Establishment","floor":15.0},{"not_picked":["DevaForm","Brilliance"],"picked":"Judgement","floor":18.0},{"not_picked":["SignatureMove","Sanctity"],"picked":"Halt+1","floor":20.0},{"not_picked":["Nirvana","SashWhip"],"picked":"FlyingSleeves","floor":22.0},{"not_picked":["EmptyFist","EmptyBody","SashWhip+1"],"picked":"SKIP","floor":24.0},{"not_picked":["EmptyBody","Prostrate","Consecrate"],"picked":"SKIP","floor":27},{"not_picked":["Nirvana+1","LessonLearned","Pray"],"picked":"SKIP","floor":29}],"player_experience":317527,"relics_obtained":[{"floor":7.0,"key":"Matryoshka"},{"floor":10.0,"key":"Anchor"},{"floor":10.0,"key":"Bottled Flame"},{"floor":15.0,"key":"Orichalcum"},{"floor":27,"key":"Dream Catcher"},{"floor":30,"key":"Pen Nib"},{"floor":30,"key":"Letter Opener"},{"floor":31,"key":"Eternal Feather"}],"event_choices":[{"damage_healed":0.0,"max_hp_gain":0.0,"max_hp_loss":0.0,"gold_gain":0.0,"event_name":"Accursed Blacksmith","player_choice":"Forge","floor":4.0,"gold_loss":0.0,"damage_taken":0.0,"cards_upgraded":["MentalFortress"]},{"cards_removed":["Strike_P"],"damage_healed":0.0,"max_hp_gain":0.0,"max_hp_loss":0.0,"gold_gain":0.0,"event_name":"Bonfire Elementals","player_choice":"Offered Basic","floor":12.0,"gold_loss":0.0,"damage_taken":0.0},{"damage_healed":0.0,"max_hp_gain":0.0,"max_hp_loss":0.0,"gold_gain":0.0,"event_name":"Lab","player_choice":"Got Potions","floor":21.0,"gold_loss":0.0,"damage_taken":0.0},{"damage_healed":0.0,"max_hp_gain":0.0,"max_hp_loss":0.0,"gold_gain":0.0,"event_name":"Match and Keep!","player_choice":"0 cards matched","floor":25.0,"gold_loss":0.0,"damage_taken":0.0,"cards_obtained":[]}],"is_beta":false,"boss_relics":[{"not_picked":["Calling Bell","SacredBark"],"picked":"Coffee Dripper"}],"items_purged_floors":[3],"is_endless":false,"potions_floor_spawned":[1,2,5,13,18,22,29],"killed_by":"Slavers","ascension_level":2}}