{"host":"51mqhfpmwwd4kxyt","time":1611154135,"event":{"mods":["BaseMod","Downfall","Hermit","Highlight Path","Minty Spire (QoL Compilation)","READ ME - Guardian Mod","Remilia??????","StSLib","The Animator","The Bug Knight","The Cursed","The Jungle","The Servant 0.9.4"],"gold_per_floor":[113,113,113,132,150,150,165,165,219,247,422,440,440,456,456,456,456],"floor_reached":16,"language":"ENG","playtime":639,"items_purged":[],"score":102,"play_id":"c1e4e23b-198a-40b5-a284-00f2b3db8c8c","local_time":"20210120094855","is_ascension_mode":false,"campfire_choices":[{"data":"HollowMod:FocusHealStart","floor":6,"key":"SMITH"},{"data":"HollowMod:SharpenedShadows","floor":8,"key":"SMITH"},{"data":"HollowMod:SoulShaman","floor":13,"key":"SMITH"},{"data":"HollowMod:CloakDash","floor":15,"key":"SMITH"}],"circlet_count":0,"master_deck":["HollowMod:NailStrikeStart","HollowMod:NailStrikeStart","HollowMod:NailStrikeStart","HollowMod:QuickDashStart+1","HollowMod:QuickDashStart","HollowMod:QuickDashStart","HollowMod:QuickDashStart+1","HollowMod:FocusHealStart+1","HollowMod:PogoStrike","HollowMod:SharpenedShadows+1","HollowMod:DescendingDark","HollowMod:CloakDash+1","HollowMod:ZotesMagnificence","HollowMod:SoulShaman+1"],"relics":["HollowMod:VesselMask","NeowsBlessing","Vajra","Omamori"],"acts_visited":["Exordium"],"potions_floor_usage":[10,16],"damage_taken":[{"damage":0,"enemies":"Small Slimes","floor":1,"turns":1},{"damage":0,"enemies":"Jaw Worm","floor":4,"turns":1},{"damage":0,"enemies":"Cultist","floor":5,"turns":1},{"damage":4,"enemies":"Blue Slaver","floor":7,"turns":5},{"damage":13,"enemies":"Gremlin Nob","floor":10,"turns":3},{"damage":0,"enemies":"Looter","floor":12,"turns":2},{"damage":5,"enemies":"3 Louse","floor":14,"turns":3},{"damage":69,"enemies":"Hexaghost","floor":16,"turns":13}],"seed_played":"5808677320715026834","potions_obtained":[{"floor":1,"key":"Block Potion"},{"floor":4,"key":"Strength Potion"},{"floor":5,"key":"DuplicationPotion"},{"floor":14,"key":"Weak Potion"}],"is_trial":false,"path_per_floor":["M","?","?","M","M","R","M","R","T","E","?","M","R","M","R","B"],"character_chosen":"THE_BUGKNIGHT","items_purchased":[],"campfire_rested":0,"item_purchase_floors":[],"current_hp_per_floor":[75,60,60,60,60,60,68,68,68,55,55,55,55,56,56,0,0],"gold":456,"neow_bonus":"THREE_ENEMY_KILL","is_daily":false,"chose_seed":false,"campfire_upgraded":4,"win_rate":0.0,"timestamp":1611154135,"path_taken":["M","?","?","M","?","R","M","R","T","E","?","M","R","M","R","BOSS"],"items_purchased_type":[],"build_version":"2020-12-22","purchased_purges":0,"victory":false,"max_hp_per_floor":[75,75,75,75,75,75,75,75,75,75,75,75,75,75,75,75,75],"card_choices":[{"not_picked":["HollowMod:MothsMistake","HollowMod:CycloneSlash"],"picked":"HollowMod:SharpenedShadows","floor":1},{"not_picked":["HollowMod:InfectionAssault","HollowMod:LifebloodCocoon"],"picked":"HollowMod:DescendingDark","floor":4},{"not_picked":["HollowMod:TaintedHusks","HollowMod:LifebloodCocoon"],"picked":"HollowMod:CloakDash","floor":5},{"not_picked":["HollowMod:LifebloodCocoon","HollowMod:HuntersJournal"],"picked":"HollowMod:ZotesMagnificence","floor":7},{"not_picked":["HollowMod:SoulSplash","HollowMod:ShadowDash"],"picked":"HollowMod:SoulShaman","floor":10},{"not_picked":["HollowMod:CoiledNail","HollowMod:VengefulVoid","HollowMod:DungDefenderAura"],"picked":"SKIP","floor":12},{"not_picked":["HollowMod:DoubleDash","HollowMod:DesolateDive","HollowMod:VengefulSpirit"],"picked":"SKIP","floor":14}],"player_experience":410178,"relics_obtained":[{"floor":9,"key":"Vajra"},{"floor":10,"key":"Omamori"}],"event_choices":[{"damage_healed":0,"gold_gain":0,"player_choice":"Entered Light","damage_taken":15,"max_hp_gain":0,"max_hp_loss":0,"event_name":"Shining Light","floor":2,"gold_loss":0,"cards_upgraded":["HollowMod:QuickDashStart","HollowMod:QuickDashStart"]},{"cards_removed":["HollowMod:NailStrikeStart"],"damage_healed":0,"gold_gain":0,"player_choice":"Purged","damage_taken":0,"max_hp_gain":0,"max_hp_loss":0,"event_name":"Purifier","floor":3,"gold_loss":0},{"damage_healed":0,"gold_gain":175,"player_choice":"AGREE","damage_taken":0,"max_hp_gain":0,"max_hp_loss":0,"event_name":"Liars Game","floor":11,"gold_loss":0,"cards_obtained":["Doubt"]}],"is_beta":false,"boss_relics":[],"items_purged_floors":[],"is_endless":false,"potions_floor_spawned":[1,4,5,14],"killed_by":"Hexaghost","ascension_level":0}}