{"host":"7v9t59ze4jbx2rzq","time":1611153242,"event":{"mods":["Aspiration","BaseMod","Better Silent Start","Block Reminder","Challenge The Spire","Colored Powertips","Dark Map","Fox Events","Googly Eyes","Halation","Highlight Path","Hubris","Infinite Spire","Jedi Mod","Minty Spire (QoL Compilation)","Optimize The Spire","Poem Panic","Poor People Problems","Quarter Circle Forward PUNCH!","Replay The Spire","Spire Arcade","StSLib","The Factory","The Jungle","Wandering Minibosses","Wide Potions"],"gold_per_floor":[111,126,69,69,69,95,95,95,95,114,142,161,190,215,215,287,287,297,311,59,59,75,75,107,107,107,7,20,20,31,56,56,127,127,143,143,143,160,35,68,68,80,80,80,108,108,108,120,120,120,120,120,120,8,43,43,43],"floor_reached":56,"language":"ENG","playtime":4797,"items_purged":["Dagger Spray","ReplayTheSpireMod:Tripwire","Pain"],"score":2272,"play_id":"bd0f16da-2b14-4058-8388-2cb07cda23b7","local_time":"20210120093402","is_ascension_mode":true,"campfire_choices":[{"data":"Accuracy","floor":15,"key":"SMITH"},{"data":"After Image","floor":23,"key":"SMITH"},{"floor":25,"key":"REST"},{"data":"ReplayTheSpireMod:Scrap Shanks","floor":32,"key":"SMITH"},{"data":"Infinite Blades","floor":41,"key":"SMITH"},{"floor":44,"key":"RECALL"},{"data":"Cloak And Dagger","floor":49,"key":"SMITH"},{"data":"Neutralize","floor":53,"key":"SMITH"}],"circlet_count":0,"master_deck":["AscendersBane","Survivor","Neutralize+1","Backstab","Footwork","ReplayTheSpireMod:Speed Training","Glass Knife+1","Dash+1","Adrenaline+1","Cloak And Dagger+1","Dagger Throw","jedi:unstablefumes","ReplayTheSpireMod:Scrap Shanks+1","Backflip","Accuracy+1","Reflex","Infinite Blades+1","After Image+1","ReplayTheSpireMod:Speed Training","Hidden Blade","Bane","Dagger Throw","Backflip+1"],"relics":["Ring of the Snake","PoemPanic:PoemPanicRelic","Tingsha","qcfpunch:Chain_With_Nametags","Ornamental Fan","Odd Mushroom","Pet Ghost","WristBlade","Mango","Bottled Tornado","aspiration:FutureDiary","halation:YellowSoulGem","WarpedTongs","Letter Opener","infinitespire:CheckeredPen","Boot","hubris:Towel","Vampiric Spirits"],"acts_visited":["Exordium","Exordium","theJungle:Jungle","TheEnding"],"potions_floor_usage":[6,11,16,19,24,31,38,55],"damage_taken":[{"damage":0,"enemies":"2 Louse","floor":1,"turns":1},{"damage":0,"enemies":"Small Slimes","floor":2,"turns":1},{"damage":0,"enemies":"3 Sentries","floor":6,"turns":5},{"damage":0,"enemies":"Jaw Worm","floor":10,"turns":2},{"damage":0,"enemies":"Gremlin Nob","floor":11,"turns":2},{"damage":0,"enemies":"2 Fungi Beasts","floor":12,"turns":2},{"damage":0,"enemies":"The Mushroom Lair","floor":13,"turns":2},{"damage":0,"enemies":"3 Sentries","floor":14,"turns":4},{"damage":0,"enemies":"Slime Boss","floor":16,"turns":7},{"damage":1,"enemies":"theJungle:GiantWrat","floor":18,"turns":3},{"damage":2,"enemies":"theJungle:5_Spyders","floor":19,"turns":4},{"damage":25,"enemies":"theJungle:Lyon","floor":22,"turns":4},{"damage":0,"enemies":"theJungle:MamaSnecko","floor":24,"turns":6},{"damage":0,"enemies":"theJungle:SlimyTreeVines","floor":28,"turns":4},{"damage":19,"enemies":"theJungle:JungleHuntersEncounter","floor":30,"turns":5},{"damage":5,"enemies":"theJungle:2_Phrogs","floor":31,"turns":6},{"damage":0,"enemies":"theJungle:FunGuy","floor":33,"turns":7},{"damage":0,"enemies":"theFactory:BigBot","floor":35,"turns":3},{"damage":9,"enemies":"theFactory:4_Mini-Bots","floor":38,"turns":4},{"damage":3,"enemies":"theFactory:DrinkBrewer","floor":40,"turns":5},{"damage":9,"enemies":"theFactory:ShrapnelTosser","floor":42,"turns":3},{"damage":2,"enemies":"theFactory:Manservantes","floor":45,"turns":5},{"damage":0,"enemies":"theFactory:Sentry and Guards","floor":48,"turns":3},{"damage":6,"enemies":"theFactory:Guardian2","floor":50,"turns":7},{"damage":5,"enemies":"theFactory:Experiment01","floor":51,"turns":8},{"damage":12,"enemies":"Shield and Spear","floor":55,"turns":6},{"damage":66,"enemies":"The Heart","floor":56,"turns":5}],"seed_played":"-3635791251353303169","potions_obtained":[{"floor":1,"key":"Fire Potion"},{"floor":6,"key":"Adrenaline Potion"},{"floor":11,"key":"SkillPotion"},{"floor":16,"key":"SteroidPotion"},{"floor":22,"key":"CunningPotion"},{"floor":30,"key":"LiquidMemories"},{"floor":35,"key":"jedi:StrikingPotion"},{"floor":40,"key":"SpeedPotion"},{"floor":45,"key":"SteroidPotion"}],"is_trial":false,"path_per_floor":["M","M","$","?","?","E","$","?","T","M","E","M","?","E","R","B",null,"M","M","$","?","M","R","E","R","T","$","M","?","M","E","R","B",null,"M","?","?","M","$","E","R","M","T","R","E","?","?","M","R","B","B",null,"R","$","E","B"],"character_chosen":"THE_SILENT","items_purchased":["Block Potion","Infinite Blades","LiquidBronze","PowerPotion","Dagger Throw","Block Potion"],"campfire_rested":1,"item_purchase_floors":[3,20,20,20,54,54],"current_hp_per_floor":[59,59,59,59,39,39,39,61,61,61,61,61,61,61,61,61,65,64,62,62,62,37,37,51,75,75,75,78,78,59,54,54,54,74,74,74,74,65,65,62,62,53,53,53,51,51,51,51,51,45,40,70,70,70,58,0,0],"gold":43,"neow_bonus":"","is_daily":false,"chose_seed":false,"campfire_upgraded":6,"win_rate":0.0,"timestamp":1611153242,"path_taken":["M","M","$","?","?","E","$","?","T","M","E","?","?","E","R","BOSS","M","M","$","?","M","R","E","R","T","$","M","?","M","E","R","BOSS","M","?","?","M","$","E","R","?","T","R","E","?","?","M","R","BOSS","BOSS","R","$","E","BOSS"],"items_purchased_type":["Potion","Card","Potion","Potion","Card","Potion"],"build_version":"2020-12-22","purchased_purges":3,"victory":false,"max_hp_per_floor":[66,66,66,66,66,66,66,66,66,66,66,66,66,66,66,66,66,66,66,66,66,66,66,80,80,80,80,80,80,80,80,80,80,80,80,80,80,80,80,80,80,80,80,80,80,80,80,80,80,80,80,80,80,80,80,80,80],"card_choices":[{"not_picked":["Flying Knee","Bane"],"picked":"Cloak And Dagger","floor":1},{"not_picked":["Underhanded Strike","Flying Knee"],"picked":"Dagger Throw","floor":2},{"not_picked":["Dodge and Roll","Expertise"],"picked":"jedi:unstablefumes","floor":6},{"not_picked":["Dash","Prepared"],"picked":"ReplayTheSpireMod:Tripwire","floor":10},{"not_picked":["Dagger Spray","Sucker Punch"],"picked":"ReplayTheSpireMod:Scrap Shanks","floor":11},{"not_picked":["Escape Plan","Hidden Blade"],"picked":"Backflip","floor":12},{"not_picked":["Distraction","Masterful Stab"],"picked":"Accuracy","floor":13},{"not_picked":["Quick Slash","infinitespire:Neurotoxin","Sucker Punch"],"picked":"SKIP","floor":14},{"not_picked":["Dagger Spray","ReplayTheSpireMod:Speed Training"],"picked":"Reflex","floor":18},{"not_picked":["Dagger Spray","hubris:Counter","Acrobatics"],"picked":"SKIP","floor":19},{"not_picked":["Deadly Poison","Outmaneuver"],"picked":"After Image","floor":22},{"not_picked":["Escape Plan","Reflex","Bane+1"],"picked":"SKIP","floor":24},{"not_picked":["ReplayTheSpireMod:Exploit Weakness","Leg Sweep","jedi:collectorvenom"],"picked":"SKIP","floor":28},{"not_picked":["Outmaneuver","Dagger Spray","Underhanded Strike"],"picked":"SKIP","floor":30},{"not_picked":["Backflip","Predator","jedi:pocketpoison"],"picked":"SKIP","floor":31},{"not_picked":["Noxious Fumes+1","Sucker Punch","Poisoned Stab"],"picked":"SKIP","floor":35},{"not_picked":["Cloak And Dagger","Outmaneuver"],"picked":"ReplayTheSpireMod:Speed Training","floor":38},{"not_picked":["ReplayTheSpireMod:Exploit Weakness","Dagger Throw","Bane"],"picked":"SKIP","floor":40},{"not_picked":["ReplayTheSpireMod:Necrosis","Deflect","hubris:TrickCloak"],"picked":"SKIP","floor":42},{"not_picked":["Outmaneuver+1","Expertise+1"],"picked":"Hidden Blade","floor":45},{"not_picked":["Dagger Spray+1","jedi:pocketpoison","Outmaneuver+1"],"picked":"SKIP","floor":48},{"not_picked":["Outmaneuver","Toxin Wave"],"picked":"Backflip+1","floor":55}],"player_experience":2150737,"relics_obtained":[{"floor":6,"key":"Tingsha"},{"floor":9,"key":"qcfpunch:Chain_With_Nametags"},{"floor":11,"key":"Ornamental Fan"},{"floor":13,"key":"Odd Mushroom"},{"floor":14,"key":"Pet Ghost"},{"floor":24,"key":"Mango"},{"floor":31,"key":"Bottled Tornado"},{"floor":40,"key":"Letter Opener"},{"floor":43,"key":"infinitespire:CheckeredPen"},{"floor":45,"key":"Boot"},{"floor":55,"key":"Vampiric Spirits"}],"event_choices":[{"damage_healed":0,"gold_gain":0,"player_choice":"Grow","damage_taken":0,"max_hp_gain":0,"max_hp_loss":0,"event_name":"Living Wall","floor":4,"gold_loss":0,"cards_upgraded":["Glass Knife"]},{"damage_healed":0,"gold_gain":0,"player_choice":"Entered Light","damage_taken":20,"max_hp_gain":0,"max_hp_loss":0,"event_name":"Shining Light","floor":5,"gold_loss":0,"cards_upgraded":["Adrenaline","Dash"]},{"damage_healed":22,"gold_gain":0,"player_choice":"Banana","damage_taken":0,"max_hp_gain":0,"max_hp_loss":0,"event_name":"Big Fish","floor":8,"gold_loss":0},{"damage_healed":0,"gold_gain":0,"player_choice":"Fought Mushrooms","damage_taken":0,"max_hp_gain":0,"max_hp_loss":0,"event_name":"Mushrooms","floor":13,"gold_loss":0},{"damage_healed":0,"gold_gain":0,"player_choice":"Rummage","damage_taken":0,"relics_obtained":["WarpedTongs"],"max_hp_gain":0,"max_hp_loss":0,"event_name":"Accursed Blacksmith","floor":37,"gold_loss":0,"cards_obtained":["Pain"]},{"damage_healed":0,"gold_gain":0,"cards_transformed":["Glass Knife"],"player_choice":"Transformed","damage_taken":0,"max_hp_gain":0,"max_hp_loss":0,"event_name":"Transmorgrifier","floor":47,"gold_loss":0,"cards_obtained":["Bane"]}],"is_beta":false,"boss_relics":[{"not_picked":["aspiration:SecretTechniqueScroll","halation:SmartPhone"],"picked":"WristBlade"},{"not_picked":["Black Star","aspiration:RitualDagger"],"picked":"aspiration:FutureDiary"}],"items_purged_floors":[20,27,39],"is_endless":false,"potions_floor_spawned":[1,6,11,12,16,18,22,30,35,40,42,45,51],"killed_by":"The Heart","ascension_level":20}}