{"host":"vfjw5z5u57sxa51v","time":1611105572,"event":{"mods":["AchievementEnabler","Act Like it!","Aspiration","BaseMod","Better Altar","Better Match","Better Note","Better Sensory Stone","Better Skull","Better Synergies","Better Third Choice","BetterRewards","CCEM","Colored Map","Conspire","Dota2Spire","GifTheSpireLib","GungeonMod","Halation","Hallownest","Highlight Path","Hubris","Infinite Spire","Jedi Mod","Minty Spire (QoL Compilation)","Permanent Neow","Replay The Spire","Shop Mod","Spicy Shops","StSLib","Stuff the Spire","Unceasing Turn Reminder","everything is the same but u backflip on backflip"],"gold_per_floor":[111,125,137,137,153,178,178,188,213,228,228,228],"floor_reached":11,"language":"DEU","playtime":754,"items_purged":[],"score":77,"play_id":"b79db83b-3617-4132-8bd5-89ff30f9f92f","local_time":"20210120021932","is_ascension_mode":false,"campfire_choices":[{"floor":7,"key":"REST"}],"circlet_count":0,"master_deck":["DemoMod:Strike_Huntress","DemoMod:Strike_Huntress","DemoMod:Strike_Huntress","DemoMod:Defend_Huntress","DemoMod:Defend_Huntress","DemoMod:Defend_Huntress","DemoMod:Defend_Huntress","DemoMod:Roll","DemoMod:ManualReload","DemoMod:RustySidearm","DemoMod:CrossBow","DemoMod:TripleGun","DemoMod:StickyCrossBow","DemoMod:ShadowBullets","Hallownest:curseDreamersLament","DemoMod:CombinedRifle","DemoMod:AWP","DemoMod:FullFirepower","DemoMod:AbyssalTentacle"],"relics":["DemoMod:Dog","halation:KoshaPiece","CCEMRelics:Pendulum"],"acts_visited":["Exordium"],"potions_floor_usage":[5,5,11],"damage_taken":[{"damage":0,"enemies":"2 Louse","floor":1,"turns":2},{"damage":0,"enemies":"Jaw Worm","floor":2,"turns":4},{"damage":0,"enemies":"Cultist","floor":3,"turns":4},{"damage":20,"enemies":"conspire:2 RoseBushes","floor":5,"turns":4},{"damage":36,"enemies":"Replay:BlueRogue","floor":6,"turns":8},{"damage":10,"enemies":"Looter","floor":8,"turns":2},{"damage":17,"enemies":"Exordium Wildlife","floor":10,"turns":2},{"damage":30,"enemies":"Gremlin Nob","floor":11,"turns":3}],"seed_played":"4723041093984694480","potions_obtained":[{"floor":1,"key":"SneckoOil"},{"floor":3,"key":"Energy Potion"},{"floor":5,"key":"SkillPotion"}],"is_trial":false,"path_per_floor":["M","M","M","?","M","E","R","M","T","M","E"],"character_chosen":"HUNTRESS","items_purchased":[],"campfire_rested":1,"item_purchase_floors":[],"current_hp_per_floor":[77,77,77,77,57,21,44,34,34,17,0,0],"gold":228,"neow_bonus":"TEN_PERCENT_HP_BONUS","is_daily":false,"chose_seed":false,"campfire_upgraded":0,"win_rate":0.0,"timestamp":1611105572,"path_taken":["M","M","M","?","M","E","R","M","T","M","E"],"items_purchased_type":[],"build_version":"2020-12-22","purchased_purges":0,"victory":false,"max_hp_per_floor":[77,77,77,77,77,77,77,77,77,77,77,77],"card_choices":[{"not_picked":["DemoMod:AC15","DemoMod:FortunesFavor"],"picked":"DemoMod:TripleGun","floor":1},{"not_picked":["DemoMod:TeaPot","DemoMod:JK47"],"picked":"DemoMod:StickyCrossBow","floor":2},{"not_picked":["DemoMod:Camera","DemoMod:Unity"],"picked":"DemoMod:ShadowBullets","floor":3},{"not_picked":["DemoMod:TeaPot","DemoMod:JK47"],"picked":"DemoMod:CombinedRifle","floor":5},{"not_picked":["DemoMod:AC15","DemoMod:JK47"],"picked":"DemoMod:AWP","floor":6},{"not_picked":["DemoMod:BattleInHaste","DemoMod:Ejector"],"picked":"DemoMod:FullFirepower","floor":8},{"not_picked":["DemoMod:FortunesFavor","DemoMod:CombinedRifle"],"picked":"DemoMod:AbyssalTentacle","floor":10}],"player_experience":10776,"relics_obtained":[{"floor":6,"key":"halation:KoshaPiece"},{"floor":9,"key":"CCEMRelics:Pendulum"}],"event_choices":[],"is_beta":false,"boss_relics":[],"items_purged_floors":[],"is_endless":false,"potions_floor_spawned":[1,3,5],"killed_by":"Gremlin Nob","ascension_level":0}}