{"host":"8wq2kaef3mxk27dm","time":1611106269,"event":{"mods":["100% Spire Juice","Abigail Mod","Act Like it!","Aspiration","Bard","BaseMod","CCEM","Colored Map","Friendly Minions","Gensokyo","GifTheSpireLib","Hallownest","Hermit","Hubris","Koishi","Minty Spire (QoL Compilation)","Quarter Circle Forward PUNCH!","StSLib","Stuff the Spire","The Bug Knight","The Cursed","The Gatherer","The Juggle","The Mystic","Trackpad"],"gold_per_floor":[116,127,139,64,80,80,105,105,179,79,98,98,115,126,126,221,101,75,75,90,90,90],"floor_reached":21,"language":"ENG","playtime":2270,"items_purged":["Moonworks:Strike","Moonworks:Strike"],"score":183,"play_id":"8d2a957c-ddef-416e-bcc8-9a49c2995f3e","local_time":"20210119193109","is_ascension_mode":false,"campfire_choices":[{"data":"Moonworks:BindingChains","floor":6,"key":"SMITH"},{"floor":12,"key":"REST"},{"floor":15,"key":"REST"}],"circlet_count":0,"master_deck":["Moonworks:Strike","Moonworks:Strike","Moonworks:Defend","Moonworks:Defend","Moonworks:Defend","Moonworks:Ambush","Moonworks:LongDistanceShot","Moonworks:LulusLuckyEgg","Moonworks:BindingChains+1","Moonworks:DeployBits","Moonworks:CloudOfSeagulls","Moonworks:MeltingMemories","Moonworks:IntelligenceOfficer","Moonworks:DevilHand","Moonworks:SakisCookie","Moonworks:LeapThroughSpace"],"relics":["Moonworks:BrokenBomb","Moonworks:Homemark","StuffTheSpire:HeavyRock","CCEMRelics:OverlyComfyChair","hubris:Stopwatch"],"acts_visited":["Exordium","TheCity"],"potions_floor_usage":[7,11,16],"damage_taken":[{"damage":1,"enemies":"Cultist","floor":1,"turns":4},{"damage":0,"enemies":"Small Slimes","floor":2,"turns":3},{"damage":1,"enemies":"2 Louse","floor":3,"turns":3},{"damage":2,"enemies":"Blue Slaver","floor":5,"turns":4},{"damage":52,"enemies":"Gremlin Nob","floor":7,"turns":6},{"damage":0,"enemies":"Red Slaver","floor":11,"turns":1},{"damage":6,"enemies":"Exordium Thugs","floor":13,"turns":3},{"damage":7,"enemies":"Blue Slaver","floor":14,"turns":4},{"damage":2,"enemies":"The Guardian","floor":16,"turns":9},{"damage":21,"enemies":"2 Thieves","floor":18,"turns":5},{"damage":62,"enemies":"3 Byrds","floor":20,"turns":9},{"damage":17,"enemies":"Snake Plant","floor":21,"turns":3}],"seed_played":"1848053177344855009","potions_obtained":[{"floor":1,"key":"Energy Potion"},{"floor":5,"key":"Swift Potion"},{"floor":11,"key":"PowerPotion"},{"floor":13,"key":"Dexterity Potion"},{"floor":16,"key":"EssenceOfSteel"}],"is_trial":false,"path_per_floor":["M","M","M","$","M","R","E","?","T","$","M","R","M","M","R","B",null,"M","$","M","M"],"character_chosen":"THE_STARBREAKER","items_purchased":[],"campfire_rested":2,"item_purchase_floors":[],"current_hp_per_floor":[65,65,64,64,62,62,10,3,3,3,18,37,31,26,45,49,66,58,58,30,24,24],"gold":90,"neow_bonus":"TEN_PERCENT_HP_BONUS","is_daily":false,"chose_seed":false,"campfire_upgraded":1,"win_rate":0.0,"timestamp":1611106269,"path_taken":["M","M","M","$","?","R","E","?","T","$","M","R","M","M","R","BOSS","M","$","M","M"],"items_purchased_type":[],"build_version":"2020-12-22","purchased_purges":2,"victory":false,"max_hp_per_floor":[66,66,66,66,66,66,66,66,66,66,66,66,66,66,66,66,66,66,66,64,64,64],"card_choices":[{"not_picked":["Moonworks:SealedMemories","Moonworks:BeyondHell"],"picked":"Moonworks:LulusLuckyEgg","floor":1},{"not_picked":["Moonworks:EvilSpyWorkPreparation","Moonworks:FinalSurgery"],"picked":"Moonworks:BindingChains","floor":2},{"not_picked":["Moonworks:JonathanRush","Moonworks:Assault"],"picked":"Moonworks:DeployBits","floor":3},{"not_picked":["Moonworks:JonathanRush","Moonworks:DeployBits"],"picked":"Moonworks:CloudOfSeagulls","floor":5},{"not_picked":["Moonworks:SealedMemories","Moonworks:WeAreWaruda"],"picked":"Moonworks:MeltingMemories","floor":7},{"not_picked":["Moonworks:ExtendedPhotonRifle","Moonworks:ImOnFire"],"picked":"Moonworks:IntelligenceOfficer","floor":11},{"not_picked":["Moonworks:DeployBits","Moonworks:Flamethrower"],"picked":"Moonworks:DevilHand","floor":13},{"not_picked":["Moonworks:Bloodlust","Moonworks:DeployBits"],"picked":"Moonworks:SakisCookie","floor":14},{"not_picked":["Moonworks:RocketCannon","Moonworks:OutOfAmmo"],"picked":"Moonworks:LeapThroughSpace","floor":16},{"not_picked":["Moonworks:JonathanRush+1","Moonworks:EvilSpyWorkPreparation","Moonworks:BigMagnum"],"picked":"SKIP","floor":18},{"not_picked":["Moonworks:NicePresent","Moonworks:ImOnFire","Moonworks:FinalSurgery+1"],"picked":"SKIP","floor":20}],"player_experience":143967,"relics_obtained":[{"floor":7,"key":"StuffTheSpire:HeavyRock"},{"floor":9,"key":"CCEMRelics:OverlyComfyChair"}],"event_choices":[{"cards_removed":["Moonworks:Defend"],"damage_healed":0,"gold_gain":0,"player_choice":"Card Removal","damage_taken":7,"max_hp_gain":0,"max_hp_loss":0,"event_name":"Golden Wing","floor":8,"gold_loss":0}],"is_beta":false,"boss_relics":[{"not_picked":["aspiration:RunicSpoon","hubris:GrandSneckoEye"],"picked":"hubris:Stopwatch"}],"items_purged_floors":[4,10],"is_endless":false,"potions_floor_spawned":[1,5,11,13,16],"killed_by":"Snake Plant","ascension_level":0}}