{"host":"6p0attdrtjqaih7v","time":1611103540,"event":{"mods":["2.2 Compatiblity","AchievementEnabler","Bard","BaseMod","Better Skull","Better Third Choice","Colored Powertips","Hermit","Highlight Path","Jorbs\u0027s Wanderer Trilogy","Key Reminder","Minty Spire (QoL Compilation)","Permanent Neow","Quick Restart","Random Character Button","Relic Stats","Replay The Spire","Robot Space Explorer","StSLib"],"gold_per_floor":[115,187,206,223,70,97,97,124,124,159,159,172,172,189,189,266,266,285,298,309,359,376,406,406,406,406,406,115,115,115,115],"floor_reached":30,"language":"ENG","playtime":1062,"items_purged":["hermit:Strike_Hermit"],"score":536,"play_id":"73480ea4-3340-4ec2-b557-e0af7bdcc965","local_time":"20210119194540","is_ascension_mode":true,"campfire_choices":[{"floor":7,"key":"REST"},{"floor":11,"key":"REST"},{"data":"Apotheosis","floor":13,"key":"SMITH"},{"data":"hermit:Maintenance","floor":15,"key":"SMITH"},{"floor":27,"key":"REST"},{"data":"hermit:FlashPowder","floor":29,"key":"SMITH"}],"circlet_count":0,"master_deck":["AscendersBane","hermit:Strike_Hermit","hermit:Strike_Hermit","hermit:Strike_Hermit","hermit:Defend_Hermit","hermit:Defend_Hermit","hermit:Defend_Hermit","hermit:Defend_Hermit","hermit:Snapshot","hermit:Covet","Apotheosis+1","hermit:CursedWeapon","hermit:LowProfile","hermit:Spite","hermit:Maintenance+1","hermit:NoHoldsBarred","hermit:Midnight","hermit:NoHoldsBarred","hermit:Reprieve","hermit:Deadeye","hermit:FlashPowder+1","hermit:Spite","Ghostly","Ghostly","Ghostly"],"relics":["hermit:Momento","Simple Rune","Mummified Hand","Mercury Hourglass","White Beast Statue","Sozu","Art of War","Omamori","StrikeDummy","Membership Card","Replay:WaspNest"],"acts_visited":["Exordium","TheCity"],"potions_floor_usage":[6,8,8,16,22,23],"damage_taken":[{"damage":0,"enemies":"2 Louse","floor":1,"turns":3},{"damage":4,"enemies":"Jaw Worm","floor":3,"turns":3},{"damage":2,"enemies":"Small Slimes","floor":4,"turns":3},{"damage":38,"enemies":"Gremlin Nob","floor":6,"turns":4},{"damage":17,"enemies":"3 Sentries","floor":8,"turns":6},{"damage":10,"enemies":"Gremlin Nob","floor":10,"turns":3},{"damage":3,"enemies":"Looter","floor":12,"turns":3},{"damage":6,"enemies":"Exordium Wildlife","floor":14,"turns":3},{"damage":18,"enemies":"Slime Boss","floor":16,"turns":6},{"damage":4,"enemies":"3 Byrds","floor":18,"turns":3},{"damage":2,"enemies":"Spheric Guardian","floor":19,"turns":3},{"damage":2,"enemies":"Snake Plant","floor":20,"turns":2},{"damage":9,"enemies":"Chosen and Byrds","floor":22,"turns":5},{"damage":46,"enemies":"Book of Stabbing","floor":23,"turns":6},{"damage":11,"enemies":"Sentry and Sphere","floor":30,"turns":3}],"seed_played":"8003966969315120718","potions_obtained":[{"floor":1,"key":"Strength Potion"},{"floor":4,"key":"Swift Potion"},{"floor":6,"key":"SkillPotion"},{"floor":12,"key":"Regen Potion"},{"floor":14,"key":"SkillPotion"},{"floor":16,"key":"SteroidPotion"}],"is_trial":false,"path_per_floor":["M","?","M","M","$","E","R","E","T","E","R","M","R","M","R","B",null,"M","M","M","?","M","E","T","?","T","R","$","R","M"],"character_chosen":"HERMIT","items_purchased":["hermit:Maintenance","Membership Card","Replay:WaspNest"],"campfire_rested":3,"item_purchase_floors":[5,28,28],"current_hp_per_floor":[64,64,60,58,58,20,39,22,22,12,31,28,28,22,22,19,53,49,47,45,45,40,2,2,2,2,11,11,11,0,0],"gold":115,"neow_bonus":"RANDOM_COLORLESS_2","is_daily":false,"chose_seed":false,"campfire_upgraded":3,"win_rate":0.0,"timestamp":1611103540,"path_taken":["M","?","M","M","$","E","R","E","T","E","R","M","R","M","R","BOSS","M","M","M","?","M","E","?","?","T","R","$","R","M"],"items_purchased_type":["Card","Relic","Relic"],"build_version":"2020-12-22","purchased_purges":1,"victory":false,"max_hp_per_floor":[64,64,64,64,64,64,64,64,64,64,64,64,64,64,64,64,64,64,64,64,64,64,64,64,32,32,32,32,32,32,32],"relic_stats":{"Sozu":5,"counters":[15,56],"Mummified Hand":[0],"Art of War":[1],"obtain_stats":[{"Sozu":17,"Mummified Hand":8,"Simple Rune":6,"Replay:WaspNest":28,"Art of War":23,"Omamori":24,"Membership Card":28,"StrikeDummy":26,"hermit:Momento":0,"White Beast Statue":10,"Mercury Hourglass":9},{"Sozu":9,"Mummified Hand":5,"Simple Rune":4,"Replay:WaspNest":14,"Art of War":14,"Omamori":14,"Membership Card":14,"StrikeDummy":14,"hermit:Momento":0,"White Beast Statue":6,"Mercury Hourglass":5},{"Sozu":34,"Mummified Hand":19,"Simple Rune":13,"Replay:WaspNest":53,"Art of War":53,"Omamori":53,"Membership Card":53,"StrikeDummy":53,"hermit:Momento":0,"White Beast Statue":22,"Mercury Hourglass":19}],"Mercury Hourglass":[129]},"card_choices":[{"not_picked":["The Bomb","Magnetism"],"picked":"Apotheosis","floor":0},{"not_picked":["hermit:HighCaliber","hermit:HoleUp"],"picked":"hermit:CursedWeapon","floor":1},{"not_picked":["hermit:EyeOfTheStorm","hermit:Headshot"],"picked":"hermit:LowProfile","floor":3},{"not_picked":["hermit:HoleUp","hermit:Coalescence"],"picked":"hermit:Spite","floor":4},{"not_picked":["hermit:LoneWolf","hermit:Dissolve"],"picked":"hermit:NoHoldsBarred","floor":6},{"not_picked":["hermit:CursedWeapon","hermit:Coalescence"],"picked":"hermit:Midnight","floor":8},{"not_picked":["hermit:TrackingShot","hermit:BigShot","hermit:Magnum"],"picked":"SKIP","floor":10},{"not_picked":["hermit:Headshot","hermit:GoldenBullet"],"picked":"hermit:NoHoldsBarred","floor":12},{"not_picked":["hermit:Quickdraw","hermit:HoleUp","hermit:Feint"],"picked":"SKIP","floor":14},{"not_picked":["hermit:Magnum","hermit:Dissolve"],"picked":"hermit:Reprieve","floor":16},{"not_picked":["hermit:HighCaliber","hermit:BigShot","hermit:PistolWhip"],"picked":"SKIP","floor":18},{"not_picked":["hermit:Quickdraw","hermit:TrackingShot+1","hermit:BodyArmor"],"picked":"SKIP","floor":19},{"not_picked":["hermit:Headshot","hermit:Feint"],"picked":"hermit:Deadeye","floor":20},{"not_picked":["hermit:Deadeye","hermit:Malice"],"picked":"hermit:FlashPowder","floor":22},{"not_picked":["hermit:FullyLoaded","hermit:TakeCover"],"picked":"hermit:Spite","floor":23}],"player_experience":888296,"relics_obtained":[{"floor":6,"key":"Simple Rune"},{"floor":8,"key":"Mummified Hand"},{"floor":9,"key":"Mercury Hourglass"},{"floor":10,"key":"White Beast Statue"},{"floor":23,"key":"Art of War"},{"floor":24,"key":"Omamori"},{"floor":26,"key":"StrikeDummy"}],"event_choices":[{"damage_healed":0,"gold_gain":72,"player_choice":"Gained Gold","damage_taken":0,"max_hp_gain":0,"max_hp_loss":0,"event_name":"Golden Wing","floor":2,"gold_loss":0},{"damage_healed":0,"gold_gain":50,"player_choice":"Stole From Cult","damage_taken":0,"max_hp_gain":0,"max_hp_loss":0,"event_name":"Nest","floor":21,"gold_loss":0},{"damage_healed":0,"gold_gain":0,"player_choice":"Became a Ghost","damage_taken":0,"max_hp_gain":0,"max_hp_loss":32,"event_name":"Ghosts","floor":25,"gold_loss":0,"cards_obtained":["Ghostly","Ghostly","Ghostly"]}],"is_beta":false,"boss_relics":[{"not_picked":["Replay:Bronze Core","Honey Jar"],"picked":"Sozu"}],"items_purged_floors":[5],"is_endless":false,"potions_floor_spawned":[1,4,6,12,14,16,18,19,20,22,23],"killed_by":"Sentry and Sphere","ascension_level":20}}