{"host":"7jl4uf745pjtflnx","time":1611182750,"event":{"mods":["BaseMod","BetterRewards","Hubris","Minty Spire (QoL Compilation)","Replay The Spire","StSLib","SuperFastMode","The Construct"],"gold_per_floor":[149,149,119,139,139,139,179,179,202,244,149,194,289,334,334,419,419,405,458,458,486,514,554,469,496,496,496,496,496,117,117,160,196,196,281,281,304,365,365,315,333,333],"floor_reached":41,"language":"ENG","playtime":3701,"items_purged":["Strike_G","Strike_G","Strike_G","Strike_G"],"score":1294,"play_id":"ffbd8e72-b9a2-45dd-a716-4c6b2f0fbca4","local_time":"20210120174550","is_ascension_mode":true,"campfire_choices":[{"floor":6,"key":"REST"},{"floor":8,"key":"REST"},{"data":"HandOfGreed","floor":15,"key":"SMITH"},{"floor":29,"key":"REST"},{"floor":31,"key":"REST"},{"floor":34,"key":"REST"}],"circlet_count":0,"master_deck":["AscendersBane","Strike_G","Defend_G","Defend_G+1","Defend_G","Defend_G+1","Defend_G","Survivor","Neutralize","Flash of Steel","Deadly Poison","Dramatic Entrance+1","Poisoned Stab","Leg Sweep","HandOfGreed+1","Catalyst","Master of Strategy+1","PiercingWail","Backflip","PiercingWail","Deadly Poison","Fluid Movement","Caltrops","Deflect+1","Adrenaline","Catalyst+1","Deflect+1","Footwork","Envenom","Blade Dance","Backstab","A Thousand Cuts","Cloak And Dagger+1","Bouncing Flask"],"relics":["Ring of the Serpent","Snake Skull","Replay:Bandana","StoneCalendar","Replay:Baseball","Mercury Hourglass","Ginger","Replay:Accelerometer","hubris:SlimyHat","Shuriken","construct:WeddingRing","hubris:MysteriousPyramids","MealTicket","Potion Belt","War Paint","Basket Of Snakes"],"acts_visited":["Exordium","TheCity","TheBeyond"],"potions_floor_usage":[13,13,16,18,23,23,32,35,38],"damage_taken":[{"damage":0,"enemies":"Jaw Worm","floor":1,"turns":3},{"damage":0,"enemies":"Cultist","floor":4,"turns":2},{"damage":0,"enemies":"Small Slimes","floor":7,"turns":2},{"damage":0,"enemies":"Looter","floor":10,"turns":2},{"damage":0,"enemies":"Lots of Slimes","floor":12,"turns":2},{"damage":0,"enemies":"3 Sentries","floor":13,"turns":4},{"damage":0,"enemies":"Large Slime","floor":14,"turns":5},{"damage":0,"enemies":"The Guardian","floor":16,"turns":7},{"damage":10,"enemies":"2 Thieves","floor":18,"turns":4},{"damage":10,"enemies":"Spheric Guardian","floor":19,"turns":6},{"damage":13,"enemies":"Snake Plant","floor":21,"turns":4},{"damage":0,"enemies":"Centurion and Healer","floor":22,"turns":7},{"damage":24,"enemies":"Book of Stabbing","floor":23,"turns":4},{"damage":19,"enemies":"Slavers","floor":32,"turns":6},{"damage":17,"enemies":"Chosen and Byrds","floor":33,"turns":7},{"damage":36,"enemies":"Automaton","floor":35,"turns":9},{"damage":7,"enemies":"Orb Walker","floor":37,"turns":4},{"damage":25,"enemies":"3 Darklings","floor":38,"turns":5},{"damage":23,"enemies":"Maw","floor":41,"turns":5}],"seed_played":"-3475556896421486846","potions_obtained":[{"floor":3,"key":"Venom Potion"},{"floor":3,"key":"ColorlessPotion"},{"floor":13,"key":"AttackPotion"},{"floor":16,"key":"Dexterity Potion"},{"floor":18,"key":"Toxic Potion"},{"floor":22,"key":"PowerPotion"},{"floor":32,"key":"Explosive Potion"},{"floor":33,"key":"SkillPotion"}],"is_trial":false,"path_per_floor":["M","?","?","M","?","R","M","R","T","M","$","M","E","M","R","B",null,"M","M","?","M","M","E","?","T","T","PTL","PTL","R","$","R","E","M","R","B",null,"M","M","?","?","M"],"character_chosen":"THE_SILENT","items_purchased":["Snake Skull","Replay:Bandana","Flash of Steel","Well Laid Plans","Deadly Poison","Dramatic Entrance","Replay:Baseball","Mercury Hourglass","Poisoned Stab","Leg Sweep","HandOfGreed","Catalyst","Master of Strategy","Deadly Poison","Fluid Movement","War Paint","PowerPotion"],"campfire_rested":5,"item_purchase_floors":[0,0,0,0,0,0,0,0,0,0,0,0,0,11,11,30,30],"current_hp_per_floor":[18,7,7,7,7,26,26,45,45,45,45,45,45,45,45,45,61,51,41,41,28,28,4,4,4,4,4,4,23,38,57,38,21,40,4,51,44,19,19,19,0,0],"gold":333,"neow_bonus":"","is_daily":false,"chose_seed":false,"campfire_upgraded":1,"win_rate":0.0,"timestamp":1611182750,"path_taken":["M","?","?","?","?","R","M","R","T","M","$","M","E","M","R","BOSS","M","M","?","?","M","E","?","?","T","PTL","PTL","R","$","R","E","M","R","BOSS","M","M","?","?","?"],"items_purchased_type":["Relic","Relic","Card","Card","Card","Card","Relic","Relic","Card","Card","Card","Card","Card","Card","Card","Relic","Potion"],"build_version":"2020-12-22","purchased_purges":4,"victory":false,"max_hp_per_floor":[66,66,66,66,66,66,66,66,66,66,66,66,66,66,66,66,66,66,66,66,66,66,66,66,66,66,66,66,66,66,66,66,66,66,66,66,66,66,66,66,66,66],"card_choices":[{"not_picked":["Toxin Wave","Quick Slash"],"picked":"PiercingWail","floor":1},{"not_picked":["Heel Hook","ReplayTheSpireMod:Shiv Toss","hubris:SlightOfHand"],"picked":"SKIP","floor":4},{"not_picked":["Dodge and Roll","Reflex"],"picked":"Backflip","floor":7},{"not_picked":["ReplayTheSpireMod:Exploit Weakness","Concentrate"],"picked":"PiercingWail","floor":10},{"not_picked":["Dodge and Roll","Underhanded Strike"],"picked":"Caltrops","floor":12},{"not_picked":["Acrobatics","Outmaneuver","Dagger Throw"],"picked":"SKIP","floor":13},{"not_picked":["Dagger Throw","Infinite Blades"],"picked":"Deflect","floor":14},{"not_picked":["Tools of the Trade","Wraith Form v2"],"picked":"Adrenaline","floor":16},{"not_picked":["Poisoned Stab","PiercingWail"],"picked":"Catalyst","floor":18},{"not_picked":["Hidden Blade","PiercingWail","Flying Knee"],"picked":"SKIP","floor":19},{"not_picked":["Night Terror","Dagger Spray"],"picked":"Deflect+1","floor":21},{"not_picked":["Crippling Poison","Concentrate"],"picked":"Footwork","floor":22},{"not_picked":["Tactician","Hidden Blade"],"picked":"Envenom","floor":23},{"not_picked":["Choke","ReplayTheSpireMod:The Works"],"picked":"Blade Dance","floor":32},{"not_picked":["Sucker Punch","Blade Dance"],"picked":"Backstab","floor":33},{"not_picked":["Corpse Explosion","Wraith Form v2"],"picked":"A Thousand Cuts","floor":35},{"not_picked":["Slice","Bane"],"picked":"Cloak And Dagger+1","floor":37},{"not_picked":["Tactician","hubris:Counter"],"picked":"Bouncing Flask","floor":38}],"player_experience":714909,"relics_obtained":[{"floor":9,"key":"hubris:SlimyHat"},{"floor":13,"key":"Shuriken"},{"floor":23,"key":"hubris:MysteriousPyramids"},{"floor":26,"key":"Potion Belt"},{"floor":32,"key":"Basket Of Snakes"}],"event_choices":[{"damage_healed":0,"gold_gain":0,"player_choice":"Success","damage_taken":11,"relics_obtained":["Replay:Accelerometer"],"max_hp_gain":0,"max_hp_loss":0,"event_name":"Scrap Ooze","floor":2,"gold_loss":0},{"damage_healed":0,"gold_gain":0,"player_choice":"Bought 2 Potions","damage_taken":0,"max_hp_gain":0,"max_hp_loss":0,"event_name":"The Woman in Blue","floor":3,"gold_loss":0},{"damage_healed":0,"gold_gain":0,"player_choice":"Forge","damage_taken":0,"max_hp_gain":0,"max_hp_loss":0,"event_name":"Accursed Blacksmith","floor":20,"gold_loss":0,"cards_upgraded":["Catalyst"]},{"damage_healed":0,"gold_gain":0,"player_choice":"Obtained Relic","damage_taken":0,"relics_obtained":["MealTicket"],"max_hp_gain":0,"max_hp_loss":0,"event_name":"Addict","floor":24,"gold_loss":85},{"cards_removed":["Well Laid Plans"],"damage_healed":0,"gold_gain":0,"player_choice":"Removed Power","damage_taken":0,"max_hp_gain":0,"max_hp_loss":0,"event_name":"Falling","floor":39,"gold_loss":0},{"damage_healed":0,"gold_gain":0,"player_choice":"Upgraded Two","damage_taken":0,"max_hp_gain":0,"max_hp_loss":0,"event_name":"Designer","floor":40,"gold_loss":50,"cards_upgraded":["Defend_G","Dramatic Entrance"]}],"is_beta":false,"boss_relics":[{"not_picked":["Abe\u0027s Treasure","SacredBark"],"picked":"construct:WeddingRing"},{"not_picked":["Empty Cage","HoveringKite"],"picked":"Ring of the Serpent"}],"items_purged_floors":[0,0,0,30],"is_endless":false,"potions_floor_spawned":[12,13,16,18,22,32,33],"killed_by":"Maw","ascension_level":18}}