{"host":"ktcdj36to33j8wen","time":1611103370,"event":{"mods":["AchievementEnabler","BaseMod","Minty Spire (QoL Compilation)","StSLib"],"gold_per_floor":[167,178,253,268,279,254,254,254,254,254,289,289,303,322,322,424,424,437,203,217,234,449,449,449],"floor_reached":23,"language":"ENG","playtime":1296,"items_purged":[],"score":218,"play_id":"cf14daf9-6987-471a-95c3-fd03392ee354","local_time":"20210119194250","is_ascension_mode":false,"campfire_choices":[{"floor":10,"key":"REST"},{"floor":12,"key":"REST"},{"floor":15,"key":"REST"}],"circlet_count":0,"master_deck":["Strike_R","Strike_R","Strike_R+1","Strike_R","Strike_R","Defend_R","Defend_R","Defend_R","Defend_R","Bash","Rampage","Pommel Strike","Anger","Perfected Strike","Anger","Strike_B","Anger","Shockwave","Armaments","Double Tap","Bandage Up","Anger","Bloodletting+1"],"relics":["Tiny House","Pen Nib","Kunai","SacredBark","Boot","Old Coin"],"acts_visited":["Exordium","TheCity"],"potions_floor_usage":[4,11,21,21,21],"damage_taken":[{"damage":1,"enemies":"2 Louse","floor":1,"turns":3},{"damage":1,"enemies":"Jaw Worm","floor":2,"turns":3},{"damage":0,"enemies":"Cultist","floor":4,"turns":3},{"damage":38,"enemies":"Gremlin Gang","floor":5,"turns":5},{"damage":23,"enemies":"Lagavulin","floor":11,"turns":6},{"damage":7,"enemies":"Blue Slaver","floor":13,"turns":2},{"damage":6,"enemies":"3 Louse","floor":14,"turns":3},{"damage":39,"enemies":"Slime Boss","floor":16,"turns":8},{"damage":34,"enemies":"Spheric Guardian","floor":18,"turns":6},{"damage":5,"enemies":"Chosen","floor":20,"turns":3},{"damage":39,"enemies":"Snecko","floor":21,"turns":5},{"damage":16,"enemies":"Book of Stabbing","floor":23,"turns":1}],"seed_played":"281544527546933039","potions_obtained":[{"floor":0,"key":"SteroidPotion"},{"floor":1,"key":"ElixirPotion"},{"floor":2,"key":"ColorlessPotion"},{"floor":4,"key":"Dexterity Potion"},{"floor":14,"key":"Swift Potion"},{"floor":20,"key":"Strength Potion"}],"is_trial":false,"path_per_floor":["M","M","?","M","M","$","?","?","T","R","E","R","M","M","R","B",null,"M","$","M","M","?","E"],"character_chosen":"IRONCLAD","items_purchased":["Anger","Boot","Bandage Up"],"campfire_rested":3,"item_purchase_floors":[6,19,19],"current_hp_per_floor":[84,83,72,72,34,34,34,34,34,59,36,61,54,48,73,34,85,51,51,46,7,7,0,0],"gold":449,"neow_bonus":"BOSS_RELIC","is_daily":false,"chose_seed":false,"campfire_upgraded":0,"win_rate":0.0,"timestamp":1611103370,"path_taken":["M","M","?","M","M","$","?","?","T","R","E","R","M","?","R","BOSS","M","$","?","M","?","E"],"items_purchased_type":["Card","Relic","Card"],"build_version":"2020-12-22","purchased_purges":0,"victory":false,"max_hp_per_floor":[85,85,85,85,85,85,85,85,85,85,85,85,85,85,85,85,85,85,85,85,85,85,85,85],"card_choices":[{"not_picked":["Burning Pact","Infernal Blade"],"picked":"Rampage","floor":0},{"not_picked":["Shrug It Off","Dropkick"],"picked":"Pommel Strike","floor":1},{"not_picked":["Blood for Blood","Sword Boomerang"],"picked":"Anger","floor":2},{"not_picked":["Combust","Clothesline"],"picked":"Perfected Strike","floor":4},{"not_picked":["True Grit","Flex"],"picked":"Twin Strike","floor":5},{"not_picked":["Inflame","Metallicize"],"picked":"Anger","floor":11},{"not_picked":["Battle Trance","Pummel"],"picked":"Shockwave","floor":13},{"not_picked":["Twin Strike","Power Through"],"picked":"Armaments","floor":14},{"not_picked":["Reaper","Fiend Fire"],"picked":"Double Tap","floor":16},{"not_picked":["Body Slam","Headbutt","Rupture"],"picked":"SKIP","floor":18},{"not_picked":["Second Wind","Twin Strike+1"],"picked":"Anger","floor":20},{"not_picked":["Clothesline","Cleave"],"picked":"Bloodletting+1","floor":21}],"player_experience":24455,"relics_obtained":[{"floor":9,"key":"Pen Nib"},{"floor":11,"key":"Kunai"}],"event_choices":[{"damage_healed":0,"gold_gain":75,"player_choice":"Gather Gold","damage_taken":11,"max_hp_gain":0,"max_hp_loss":0,"event_name":"World of Goop","floor":3,"gold_loss":0},{"damage_healed":0,"gold_gain":0,"player_choice":"Ignored","damage_taken":0,"max_hp_gain":0,"max_hp_loss":0,"event_name":"Liars Game","floor":7,"gold_loss":0},{"cards_removed":["Twin Strike"],"damage_healed":0,"gold_gain":0,"player_choice":"Took Card","damage_taken":0,"max_hp_gain":0,"max_hp_loss":0,"event_name":"NoteForYourself","floor":8,"gold_loss":0,"cards_obtained":["Strike_B"]},{"damage_healed":0,"gold_gain":0,"player_choice":"Obtained Relic","damage_taken":0,"relics_obtained":["Old Coin"],"max_hp_gain":0,"max_hp_loss":0,"event_name":"Addict","floor":22,"gold_loss":85}],"is_beta":false,"boss_relics":[{"not_picked":["Snecko Eye","Runic Dome"],"picked":"SacredBark"}],"items_purged_floors":[],"is_endless":false,"potions_floor_spawned":[1,2,4,14,20],"killed_by":"Book of Stabbing","ascension_level":0}}