{"host":"8d3fefv2347kqkpz","time":1611127820,"event":{"mods":["100% Spire Juice","AchievementEnabler","Act Like it!","Aspiration","BaseMod","Better Vampires","Colored Map","Colored Powertips","Conspire","Gensokyo","GifTheSpireLib","Highlight Path","Mimic Mod","Minty Spire (QoL Compilation)","Pale of the Ancients","Quick Restart","Rare Cards Sparkle","Reimu£®≤©¿ˆ¡È√Œ£©","Relic Stats","Remilia_Scarlet Moed£®¿Ÿ√◊¿Ú—«°§Àπø®¿◊Ãÿ£©3.3.5","Remilia£®¿Ÿ√◊¿Ú—«£©","Replay The Spire","Spicy Shops","StSLib","The Animator","The Gatherer","The Jungle","The Servant 0.9.4","Waifu the Spire","Youmu£®ªÍ∆«—˝√Œ£©","vexMod"],"gold_per_floor":[115,127,147,72,32,32,75,104,144,181,193,205,217,252,264,276,276],"floor_reached":16,"language":"ZHS","playtime":595,"items_purged":["Strike_B"],"score":102,"play_id":"f0ea6fd0-5e64-4577-8f93-787bb72e6066","local_time":"20210120153020","is_ascension_mode":false,"campfire_choices":[{"data":"Dualcast","floor":6,"key":"SMITH"},{"floor":12,"key":"REST"},{"floor":15,"key":"REST"}],"circlet_count":0,"master_deck":["Strike_B","Strike_B","Strike_B","Defend_B","Defend_B","Defend_B","Defend_B","Zap","Dualcast+1","Loop","aspiration:Polymerization","Conserve Battery"],"relics":["Cracked Core","aspiration:Nostalgia","ScarletHat","PaintedHorse:ReiMu","CeramicFish","MawBank","Golden Idol"],"acts_visited":["Exordium"],"potions_floor_usage":[],"damage_taken":[{"damage":0,"enemies":"Cultist","floor":1,"turns":3},{"damage":0,"enemies":"2 Louse","floor":2,"turns":3},{"damage":1,"enemies":"Jaw Worm","floor":3,"turns":4},{"damage":24,"enemies":"Lagavulin","floor":7,"turns":8},{"damage":11,"enemies":"Lots of Slimes","floor":8,"turns":4},{"damage":2,"enemies":"2 Fungi Beasts","floor":9,"turns":6},{"damage":3,"enemies":"2 Fungi Beasts","floor":10,"turns":4},{"damage":4,"enemies":"3 Louse","floor":14,"turns":4},{"damage":67,"enemies":"Fading Forest","floor":16,"turns":10}],"seed_played":"-6916459412382666890","potions_obtained":[{"floor":1,"key":"Elixir"},{"floor":3,"key":"Adrenaline Potion"},{"floor":7,"key":"Adrenaline Potion"},{"floor":10,"key":"Adrenaline Potion"}],"is_trial":false,"path_per_floor":["M","M","M","$","?","R","E","M","MIM","M","?","R","?","M","R","B"],"character_chosen":"DEFECT","items_purchased":[],"campfire_rested":2,"item_purchase_floors":[],"current_hp_per_floor":[75,75,74,74,74,74,50,39,37,34,34,56,38,34,56,0,0],"gold":276,"neow_bonus":"NOSTALGIA","is_daily":false,"chose_seed":false,"campfire_upgraded":1,"win_rate":0.0,"timestamp":1611127820,"path_taken":["M","M","?","$","?","R","E","M","MIM","?","?","R","?","M","R","BOSS"],"items_purchased_type":[],"build_version":"2020-12-22","purchased_purges":1,"victory":false,"max_hp_per_floor":[75,75,75,75,75,75,75,75,75,75,75,75,75,75,75,75,75],"relic_stats":{"counters":[9,46],"Golden Idol":5,"CeramicFish":27,"MawBank":84,"obtain_stats":[{"aspiration:Nostalgia":0,"PaintedHorse:ReiMu":5,"Golden Idol":13,"CeramicFish":7,"Cracked Core":0,"MawBank":9,"ScarletHat":0},{"aspiration:Nostalgia":0,"PaintedHorse:ReiMu":3,"Golden Idol":7,"CeramicFish":4,"Cracked Core":0,"MawBank":6,"ScarletHat":0},{"aspiration:Nostalgia":0,"PaintedHorse:ReiMu":10,"Golden Idol":32,"CeramicFish":18,"Cracked Core":0,"MawBank":28,"ScarletHat":0}]},"card_choices":[{"not_picked":["Undo","BasicCrystalCard","Leap"],"picked":"SKIP","floor":1},{"not_picked":["ReplayGash","Stack","ReplayTheSpireMod:Reroute Power"],"picked":"SKIP","floor":2},{"not_picked":["Panic Button","Gash","Turbo"],"picked":"SKIP","floor":3},{"not_picked":["Conserve Battery","Steam"],"picked":"Loop","floor":7},{"not_picked":["Leap","Steam"],"picked":"aspiration:Polymerization","floor":8},{"not_picked":["Redo","ReplayTheSpireMod:GoodbyeWorld"],"picked":"Conserve Battery","floor":10},{"not_picked":["BasicCrystalCard","Turbo","Compile Driver"],"picked":"SKIP","floor":14}],"player_experience":156196,"relics_obtained":[{"floor":7,"key":"CeramicFish"},{"floor":9,"key":"MawBank"}],"event_choices":[{"damage_healed":0,"gold_gain":0,"player_choice":"»˚«Æ","damage_taken":0,"relics_obtained":["PaintedHorse:ReiMu"],"max_hp_gain":0,"max_hp_loss":0,"event_name":"yidonshenshe","floor":5,"gold_loss":40},{"damage_healed":0,"gold_gain":0,"player_choice":"Take Damage","damage_taken":18,"relics_obtained":["Golden Idol"],"max_hp_gain":0,"max_hp_loss":0,"event_name":"Golden Idol","floor":13,"gold_loss":0}],"is_beta":false,"boss_relics":[],"items_purged_floors":[4],"is_endless":false,"potions_floor_spawned":[1,3,7,10],"killed_by":"Fading Forest","ascension_level":0}}