{"host":"dhyczjm99amxd3qx","time":1611102097,"event":{"mods":["BaseMod","Colored Map","Googly Eyes","Highlight Path","Minty Spire (QoL Compilation)","Quick Restart","StSLib"],"gold_per_floor":[415,194,207,225,225,254,266,266,266,298,298,332,348,348,348,447,447,432,342,360,373,392,392,392,392],"floor_reached":24,"language":"ENG","playtime":1561,"items_purged":["Doubt"],"score":283,"play_id":"56d4caca-c046-4358-a57a-07a99a8f47ef","local_time":"20210119192137","is_ascension_mode":true,"campfire_choices":[{"data":"Zap","floor":8.0,"key":"SMITH"},{"floor":15.0,"key":"REST"},{"data":"Fission","floor":23,"key":"SMITH"}],"circlet_count":0,"master_deck":["Strike_B","Strike_B+1","Strike_B","Strike_B","Defend_B","Defend_B+1","Defend_B","Defend_B+1","Zap+1","Chill","Go for the Eyes","Conserve Battery","Ball Lightning","Cold Snap","Genetic Algorithm","Fission+1","Ball Lightning","Redo+1","Chaos","Glacier+1"],"relics":["Cracked Core","Old Coin","Art of War","Bag of Preparation","Matryoshka","Lizard Tail","Oddly Smooth Stone","War Paint","Centennial Puzzle","Coffee Dripper"],"acts_visited":["Exordium","TheCity"],"potions_floor_usage":[22,24],"damage_taken":[{"damage":7.0,"enemies":"Jaw Worm","floor":1.0,"turns":4.0},{"damage":1.0,"enemies":"Small Slimes","floor":3.0,"turns":3.0},{"damage":0.0,"enemies":"Cultist","floor":4.0,"turns":3.0},{"damage":19.0,"enemies":"Lagavulin","floor":6.0,"turns":10.0},{"damage":0.0,"enemies":"2 Fungi Beasts","floor":7.0,"turns":3.0},{"damage":17.0,"enemies":"Gremlin Nob","floor":10.0,"turns":4.0},{"damage":22.0,"enemies":"3 Sentries","floor":12.0,"turns":7.0},{"damage":0.0,"enemies":"3 Louse","floor":13.0,"turns":3.0},{"damage":49.0,"enemies":"Slime Boss","floor":16.0,"turns":10.0},{"damage":0.0,"enemies":"2 Thieves","floor":18.0,"turns":4.0},{"damage":0.0,"enemies":"Spheric Guardian","floor":20.0,"turns":3.0},{"damage":22.0,"enemies":"Cultist and Chosen","floor":21.0,"turns":6.0},{"damage":0,"enemies":"Snecko","floor":22,"turns":4},{"damage":57,"enemies":"Gremlin Leader","floor":24,"turns":11}],"seed_played":"6476170593980989514","potions_obtained":[{"floor":1.0,"key":"DuplicationPotion"},{"floor":12.0,"key":"AttackPotion"},{"floor":16.0,"key":"DuplicationPotion"},{"floor":20.0,"key":"EssenceOfSteel"},{"floor":22,"key":"Swift Potion"}],"is_trial":false,"path_per_floor":["M","$","M","M","?","E","M","R","T","E","T","E","M","?","R","B",null,"M","?","M","M","M","R","E"],"character_chosen":"DEFECT","items_purchased":["Art of War"],"campfire_rested":1,"item_purchase_floors":[2],"current_hp_per_floor":[61,61,60,60,65,46,46,46,46,29,29,7,7,7,31,28,67,67,67,67,45,45,45,0,0],"gold":392,"neow_bonus":"ONE_RARE_RELIC","is_daily":false,"chose_seed":false,"campfire_upgraded":2,"win_rate":0.0,"timestamp":1611102097,"path_taken":["M","$","M","M","?","E","M","R","T","E","?","E","M","?","R","BOSS","M","?","?","M","M","R","E"],"items_purchased_type":["Relic"],"build_version":"2020-12-22","purchased_purges":1,"victory":false,"max_hp_per_floor":[75,75,75,75,80,80,80,80,80,80,80,80,80,80,80,80,80,80,80,80,80,80,80,80,80],"card_choices":[{"not_picked":["Go for the Eyes","Coolheaded"],"picked":"Chill","floor":1.0},{"not_picked":["Rip and Tear","Beam Cell"],"picked":"Go for the Eyes","floor":3.0},{"not_picked":["Turbo","Stack"],"picked":"Conserve Battery","floor":4.0},{"not_picked":["Turbo","Stack"],"picked":"Ball Lightning","floor":6.0},{"not_picked":["Turbo","Redo"],"picked":"Cold Snap","floor":7.0},{"not_picked":["Skim","Melter"],"picked":"Genetic Algorithm","floor":10.0},{"not_picked":["Gash","Auto Shields","Turbo"],"picked":"SKIP","floor":12.0},{"not_picked":["Consume","Reprogram","Sweeping Beam"],"picked":"SKIP","floor":13.0},{"not_picked":["Multi-Cast","Amplify"],"picked":"Fission","floor":16.0},{"not_picked":["White Noise","Beam Cell"],"picked":"Ball Lightning","floor":18.0},{"not_picked":["Sweeping Beam+1","Barrage"],"picked":"Redo+1","floor":20.0},{"not_picked":["Steam","Stack"],"picked":"Chaos","floor":21},{"not_picked":["Blizzard+1","Melter"],"picked":"Glacier+1","floor":22}],"player_experience":333682,"relics_obtained":[{"floor":6.0,"key":"Bag of Preparation"},{"floor":9.0,"key":"Matryoshka"},{"floor":10.0,"key":"Lizard Tail"},{"floor":11.0,"key":"Oddly Smooth Stone"},{"floor":11.0,"key":"War Paint"},{"floor":12.0,"key":"Centennial Puzzle"}],"event_choices":[{"damage_healed":0.0,"max_hp_gain":5.0,"max_hp_loss":0.0,"gold_gain":0.0,"event_name":"Big Fish","player_choice":"Donut","floor":5.0,"gold_loss":0.0,"damage_taken":0.0},{"damage_healed":0.0,"max_hp_gain":0.0,"max_hp_loss":0.0,"gold_gain":0.0,"event_name":"Golden Wing","player_choice":"Ignored","floor":14.0,"gold_loss":0.0,"damage_taken":0.0},{"cards_removed":["Dualcast"],"damage_healed":0.0,"max_hp_gain":0.0,"max_hp_loss":0.0,"gold_gain":0.0,"event_name":"Designer","player_choice":"Upgrade and Remove","floor":19.0,"gold_loss":90.0,"damage_taken":0.0,"cards_upgraded":["Strike_B"]}],"is_beta":false,"boss_relics":[{"not_picked":["Black Star","Pandora\u0027s Box"],"picked":"Coffee Dripper"}],"items_purged_floors":[2],"is_endless":false,"potions_floor_spawned":[1,12,16,20,22],"killed_by":"Gremlin Leader","ascension_level":6}}