{"host":"h4qgcirtxz6qax9j","time":1611119778,"event":{"mods":["AchievementEnabler","BaseMod","Colored Powertips","Hermit","Minty Spire (QoL Compilation)","StSLib","SuperFastMode","The Servant 0.9.4"],"gold_per_floor":[117,127,127,147,158,158,178,198,248,181,199,199,212,195,195,295,295,307,326,352,352,365,365,396,82,127,127,155,167,185,205,205,205,205],"floor_reached":33,"language":"KOR","playtime":1516,"items_purged":[],"score":357,"play_id":"60d2a5c6-092a-4190-b56f-4de544f95a89","local_time":"20210120141618","is_ascension_mode":true,"campfire_choices":[{"data":"InstantArmor","floor":6,"key":"SMITH"},{"data":"KidneyShot","floor":12,"key":"SMITH"},{"floor":15,"key":"REST"},{"floor":23,"key":"REST"},{"floor":27,"key":"REST"},{"floor":32,"key":"REST"}],"circlet_count":0,"master_deck":["Strike_S","Strike_S","Strike_S","Strike_S","Defend_S","Defend_S","Defend_S","Defend_S","KidneyShot+1","Exchange","Duplication","Alleviate","InstantArmor+1","Contraction","ShatteredReality","Misdirection+1","Advance","Contraction","Potential","Alleviate","Deny+1","MoonPhase+1","InstantArmor","Potential","TheWorld","BottledTime","Revamp","BottledTime"],"relics":["SplendidAttire","PreservedInsect","Red Mask","War Paint","PocketWatch","Tiny Chest","Bottled Flame"],"acts_visited":["Exordium","TheCity"],"potions_floor_usage":[16,16,16,28,33,33],"damage_taken":[{"damage":10,"enemies":"Cultist","floor":1,"turns":5},{"damage":6,"enemies":"2 Louse","floor":2,"turns":3},{"damage":1,"enemies":"Jaw Worm","floor":4,"turns":4},{"damage":0,"enemies":"Blue Slaver","floor":5,"turns":4},{"damage":2,"enemies":"Gremlin Gang","floor":7,"turns":8},{"damage":5,"enemies":"Red Slaver","floor":8,"turns":5},{"damage":0,"enemies":"Blue Slaver","floor":11,"turns":5},{"damage":3,"enemies":"Lots of Slimes","floor":13,"turns":7},{"damage":8,"enemies":"Exordium Thugs","floor":14,"turns":4},{"damage":36,"enemies":"Hexaghost","floor":16,"turns":17},{"damage":7,"enemies":"Shell Parasite","floor":18,"turns":8},{"damage":0,"enemies":"Spheric Guardian","floor":19,"turns":7},{"damage":9,"enemies":"Masked Bandits","floor":20,"turns":5},{"damage":19,"enemies":"Centurion and Healer","floor":22,"turns":11},{"damage":0,"enemies":"Slavers","floor":24,"turns":5},{"damage":35,"enemies":"Gremlin Leader","floor":28,"turns":7},{"damage":0,"enemies":"Snake Plant","floor":29,"turns":4},{"damage":0,"enemies":"Snecko","floor":30,"turns":7},{"damage":0,"enemies":"Chosen and Byrds","floor":31,"turns":5},{"damage":51,"enemies":"Collector","floor":33,"turns":10}],"seed_played":"-7155360873764786243","potions_obtained":[{"floor":1,"key":"Dexterity Potion"},{"floor":2,"key":"SkillPotion"},{"floor":4,"key":"GamblersBrew"},{"floor":19,"key":"GamblersBrew"},{"floor":20,"key":"SpeedPotion"},{"floor":29,"key":"AttackPotion"}],"is_trial":false,"path_per_floor":["M","M","$","M","M","R","M","M","T","$","M","R","M","M","R","B",null,"M","M","?","?","M","R","E","$","T","R","E","M","M","M","R","B"],"character_chosen":"THE_SERVANT","items_purchased":["Contraction","PocketWatch"],"campfire_rested":4,"item_purchase_floors":[10,25],"current_hp_per_floor":[55,49,49,48,48,48,46,41,41,41,41,41,38,30,49,13,65,58,58,49,49,30,49,49,49,49,65,30,30,30,30,49,0,0],"gold":205,"neow_bonus":"ONE_RANDOM_RARE_CARD","is_daily":false,"chose_seed":false,"campfire_upgraded":2,"win_rate":0.0,"timestamp":1611119778,"path_taken":["M","?","$","M","M","R","M","?","T","$","M","R","M","M","R","BOSS","M","M","?","?","M","R","E","?","T","R","E","?","?","M","R","BOSS"],"items_purchased_type":["Card","Relic"],"build_version":"2020-12-22","purchased_purges":0,"victory":false,"max_hp_per_floor":[65,65,65,65,65,65,65,65,65,65,65,65,65,65,65,65,65,65,65,65,65,65,65,65,65,65,65,65,65,65,65,65,65,65],"card_choices":[{"not_picked":["Advance","Moondial"],"picked":"Alleviate","floor":1},{"not_picked":["Shuttle","TimeWarp"],"picked":"InstantArmor","floor":2},{"not_picked":["Ricochet","Moonlight"],"picked":"Contraction","floor":4},{"not_picked":["Collapse","Comet"],"picked":"ShatteredReality","floor":5},{"not_picked":["Reset","Barrier"],"picked":"Misdirection","floor":7},{"not_picked":["Revamp","RealityMarble"],"picked":"Advance","floor":8},{"not_picked":["Defy","MoonPhase"],"picked":"Potential","floor":11},{"not_picked":["Spin","Unruled","DoubleEdge"],"picked":"SKIP","floor":13},{"not_picked":["SilverBlades","Read"],"picked":"Alleviate","floor":14},{"not_picked":["Solidify","SoulSculpture"],"picked":"Deny","floor":16},{"not_picked":["Replace","Defy"],"picked":"MoonPhase+1","floor":18},{"not_picked":["DoubleEdge","Moondial+1"],"picked":"InstantArmor","floor":19},{"not_picked":["Replace+1","BottledTime"],"picked":"Potential","floor":20},{"not_picked":["DualDimension","Rewind","Revamp"],"picked":"SKIP","floor":22},{"not_picked":["Advance","Rearm"],"picked":"TheWorld","floor":24},{"not_picked":["Deadline","Defy"],"picked":"BottledTime","floor":28},{"not_picked":["Ricochet","Starlight","Replace"],"picked":"SKIP","floor":29},{"not_picked":["SurpressingFire","FastForward"],"picked":"Revamp","floor":30},{"not_picked":["Misdirection","Starlight"],"picked":"BottledTime","floor":31}],"player_experience":76236,"relics_obtained":[{"floor":9,"key":"PreservedInsect"},{"floor":20,"key":"Red Mask"},{"floor":24,"key":"War Paint"},{"floor":26,"key":"Tiny Chest"},{"floor":28,"key":"Bottled Flame"}],"event_choices":[{"damage_healed":0,"gold_gain":0,"player_choice":"Fought Bandits","damage_taken":0,"max_hp_gain":0,"max_hp_loss":0,"event_name":"Masked Bandits","floor":20,"gold_loss":0},{"damage_healed":0,"gold_gain":0,"player_choice":"Ignored","damage_taken":0,"max_hp_gain":0,"max_hp_loss":0,"event_name":"Vampires","floor":21,"gold_loss":0}],"is_beta":false,"boss_relics":[{"not_picked":["Busted Crown","Astrolabe"],"picked":"SplendidAttire"}],"items_purged_floors":[],"is_endless":false,"potions_floor_spawned":[1,2,4,7,11,19,20,29],"killed_by":"Collector","ascension_level":3}}