{"host":"pf9sh7nh6rpu9sau","time":1611161475,"event":{"mods":["2.2 Compatiblity","BaseMod","BetterRewards","Clockwork Mod","Downfall","Hermit","Mad Scientist","Minty Spire (QoL Compilation)","Permanent Neow","Quick Restart","Somnambulant","StSLib","The Clintock","The Cursed","The Disciple","The Hierophant","The Necromancer","The Runesmith"],"gold_per_floor":[99,115,115,115,22,48,48,48,59,76,76,90,102,136,156,257,257,157,177,193,31,31,41,89,89,103,131,131,151,151,170,185,290,290,290,303,303,134,134,134,205,218,232,251,397,297,323,339,355,355],"floor_reached":51,"language":"ENG","playtime":5178,"items_purged":["downfall:Icky","champ:Strike"],"score":812,"play_id":"4ec9d746-5fd7-4756-9eb8-f54c502be265","local_time":"20210120115115","is_ascension_mode":false,"campfire_choices":[{"data":"champ:Execute","floor":1.0,"key":"SMITH"},{"data":"champ:TornadoPunch","floor":8.0,"key":"SMITH"},{"data":"champ:FlashCut","floor":11.0,"key":"SMITH"},{"data":"champ:HoldFirm","floor":18.0,"key":"SMITH"},{"data":"champ:ShieldThrow","floor":28.0,"key":"SMITH"},{"data":"champ:PreemptiveStrike","floor":30.0,"key":"SMITH"},{"data":"champ:CheapShot","floor":35.0,"key":"SMITH"},{"data":"champ:DefensiveStyle","floor":40.0,"key":"SMITH"},{"data":"champ:Circumvent","floor":46,"key":"SMITH"}],"circlet_count":0,"master_deck":["champ:Strike+1","champ:Strike+1","champ:Strike","champ:Defend","champ:Defend","champ:Defend","champ:Execute+1","champ:Taunt+1","champ:TornadoPunch+1","champ:SkillfulDodge+1","champ:ShieldWall+1","champ:BringItOn","champ:GutPunch","champ:FlashCut+1","champ:HoldFirm+1","champ:StanceDance","champ:EnGarde","champ:ShieldThrow+1","champ:FocusedDefense","champ:CheapShot+1","champ:ShieldSigil","champ:Circumvent+1","champ:PreemptiveStrike+1","champ:VampiricStrike","CurseOfTheBell","champ:SwordSigil+1","champ:DefensiveStyle+1","champ:ShieldThrow","champ:CalledShot+1","champ:ShieldWall+1","champ:CalledShot"],"relics":["champ:ChampionCrownUpgraded","Oddly Smooth Stone","Spirit Poop","champ:SpectersHand","Incense Burner","champ:DefensiveTrainingManual","downfall:HeartBlessingGreen","Membership Card","FaceOfCleric","Bronze Scales","champ:FightingForDummies","Calling Bell","Boot","Matryoshka","champ:GladiatorsBookOfMartialProwess","Regal Pillow","DollysMirror","Juzu Bracelet","downfall:HeartBlessingBlue","Nunchaku"],"acts_visited":["Exordium","TheCity","TheBeyond"],"potions_floor_usage":[47,49,50,50],"damage_taken":[{"damage":1.0,"enemies":"2 Louse","floor":2.0,"turns":2.0},{"damage":20.0,"enemies":"downfall:FleeingMerchant","floor":5.0,"turns":4.0},{"damage":21.0,"enemies":"Lagavulin","floor":6.0,"turns":8.0},{"damage":0.0,"enemies":"Cultist","floor":9.0,"turns":3.0},{"damage":10.0,"enemies":"Small Slimes","floor":10.0,"turns":3.0},{"damage":6.0,"enemies":"Exordium Thugs","floor":12.0,"turns":3.0},{"damage":4.0,"enemies":"Gremlin Gang","floor":13.0,"turns":4.0},{"damage":20.0,"enemies":"3 Sentries","floor":14.0,"turns":6.0},{"damage":4.0,"enemies":"Large Slime","floor":15.0,"turns":4.0},{"damage":33.0,"enemies":"DF_ARCHETYPE_STREAMLINE","floor":16.0,"turns":11.0},{"damage":6.0,"enemies":"Chosen","floor":19.0,"turns":5.0},{"damage":5.0,"enemies":"Spheric Guardian","floor":20.0,"turns":4.0},{"damage":15.0,"enemies":"downfall:FleeingMerchant","floor":21.0,"turns":4.0},{"damage":11.0,"enemies":"Chosen and Byrds","floor":23.0,"turns":6.0},{"damage":6.0,"enemies":"Sentry and Sphere","floor":26.0,"turns":3.0},{"damage":22.0,"enemies":"Slavers","floor":27.0,"turns":6.0},{"damage":5.0,"enemies":"Cultist and Chosen","floor":29.0,"turns":5.0},{"damage":16.0,"enemies":"Snecko","floor":31.0,"turns":4.0},{"damage":25.0,"enemies":"Centurion and Healer","floor":32.0,"turns":3.0},{"damage":67.0,"enemies":"SI_MIRROR_ARCHETYPE","floor":33.0,"turns":10.0},{"damage":31.0,"enemies":"3 Darklings","floor":36.0,"turns":6.0},{"damage":26.0,"enemies":"downfall:FleeingMerchant","floor":38.0,"turns":5.0},{"damage":11.0,"enemies":"3 Shapes","floor":42.0,"turns":3.0},{"damage":28.0,"enemies":"Writhing Mass","floor":43.0,"turns":6.0},{"damage":25.0,"enemies":"4 Shapes","floor":44.0,"turns":7.0},{"damage":20,"enemies":"downfall:FleeingMerchant","floor":45,"turns":4},{"damage":6,"enemies":"Reptomancer","floor":47,"turns":6},{"damage":40,"enemies":"Jaw Worm Horde","floor":48,"turns":2},{"damage":15,"enemies":"Maw","floor":49,"turns":7},{"damage":33,"enemies":"WA_ARCHETYPE_DIVINITY","floor":50,"turns":7}],"seed_played":"-1829519984481271687","potions_obtained":[{"floor":2.0,"key":"Energy Potion"},{"floor":6.0,"key":"AttackPotion"},{"floor":9.0,"key":"BlessingOfTheForge"},{"floor":13.0,"key":"EssenceOfSteel"},{"floor":14.0,"key":"ColorlessPotion"},{"floor":26.0,"key":"Dexterity Potion"},{"floor":27.0,"key":"Slimebound:ThreeZeroPotion"},{"floor":29.0,"key":"PowerPotion"},{"floor":32.0,"key":"sneckomod:MuddlingPotion"},{"floor":33.0,"key":"AttackPotion"},{"floor":43.0,"key":"Strength Potion"},{"floor":47,"key":"GamblersBrew"},{"floor":49,"key":"Dexterity Potion"}],"is_trial":false,"path_per_floor":["R","M","?","?","$","E","T","R","M","M","R","M","M","E","M","B",null,"R","M","M","$","?","M","T","?","M","E","R","M","R","M","M","B",null,"R","M","?","$","?","R","T","M","M","M","$","R","E","M","M","B",null],"character_chosen":"THE_CHAMP","items_purchased":["champ:ShieldWall","Membership Card","champ:DefensiveStyle","champ:ShieldThrow","DollysMirror","Juzu Bracelet"],"campfire_rested":0,"item_purchase_floors":[5,21,38,38,45,45],"current_hp_per_floor":[90,89,89,89,89,88,88,88,88,88,88,87,90,90,86,53,90,90,86,86,86,86,91,91,91,91,90,90,91,91,86,96,70,97,97,82,82,77,77,77,77,97,70,61,62,72,67,63,64,77],"gold":355,"neow_bonus":"RANDOM_COMMON_RELIC","is_daily":false,"chose_seed":false,"campfire_upgraded":9,"win_rate":0.0,"timestamp":1611161475,"path_taken":["R","M","?","?","$","E","T","R","M","M","R","?","M","E","M","BOSS","R","M","M","$","?","?","T","?","M","E","R","M","R","?","M","BOSS","R","M","?","$","?","R","T","?","M","M","$","R","E","M","M","BOSS"],"items_purchased_type":["Card","Relic","Card","Card","Relic","Relic"],"build_version":"2020-12-22","purchased_purges":2,"victory":true,"max_hp_per_floor":[90,90,90,90,90,90,90,90,90,90,90,90,90,90,90,90,90,90,90,90,90,90,91,91,91,92,93,93,94,94,95,96,97,97,97,98,98,99,99,99,99,100,101,102,103,113,114,115,116,117],"card_choices":[{"not_picked":["champ:BladeFlurry","champ:PreciseThrust"],"picked":"champ:TornadoPunch","floor":2.0},{"not_picked":["champ:PerfectedStrike","champ:Circumvent"],"picked":"champ:SkillfulDodge","floor":5.0},{"not_picked":["champ:FocusedBerserking","champ:BladeFlurry"],"picked":"champ:BringItOn","floor":6.0},{"not_picked":["champ:SkillfulDodge","champ:Haymaker"],"picked":"champ:GutPunch","floor":9.0},{"not_picked":["champ:PerfectedStrike","champ:Backstep"],"picked":"champ:FlashCut","floor":10.0},{"not_picked":["champ:GutPunch","champ:Parry"],"picked":"champ:HoldFirm","floor":12.0},{"not_picked":["champ:Backstep","champ:StanceDance","champ:FlashCut"],"picked":"SKIP","floor":13.0},{"not_picked":["champ:SkillfulDodge","champ:PreciseThrust"],"picked":"champ:StanceDance","floor":14.0},{"not_picked":["champ:BringItOn","champ:Backstep"],"picked":"champ:EnGarde","floor":15.0},{"not_picked":["champ:UltimateStance","champ:StrikeOfGenius"],"picked":"champ:ShieldThrow","floor":16.0},{"not_picked":["champ:RapidStrikes","champ:CrownThrow+1","champ:BringItOn"],"picked":"SKIP","floor":19.0},{"not_picked":["champ:Backstep","champ:EndlessRage"],"picked":"champ:FocusedDefense","floor":20.0},{"not_picked":["champ:PreciseThrust+1","champ:PerfectedStrike+1"],"picked":"champ:CheapShot","floor":21.0},{"not_picked":["champ:ShieldSlam","champ:IronFortress"],"picked":"champ:ShieldSigil","floor":23.0},{"not_picked":["champ:PreciseThrust+1","champ:Shatter"],"picked":"champ:Circumvent","floor":26.0},{"not_picked":["champ:Backstep+1","champ:AdrenalArmor+1","champ:EnGarde"],"picked":"SKIP","floor":27.0},{"not_picked":["champ:Shatter","champ:EndlessRage"],"picked":"champ:PreemptiveStrike","floor":29.0},{"not_picked":["champ:DefensiveShout","champ:RisingSlash","champ:BringItOn+1"],"picked":"SKIP","floor":31.0},{"not_picked":["champ:BerserkersShout","champ:Backstep+1","champ:EnGarde"],"picked":"SKIP","floor":32.0},{"not_picked":["champ:SteelEdge","champ:UltimateStance"],"picked":"champ:VampiricStrike","floor":33.0},{"not_picked":["champ:Haymaker+1","champ:Lariat","champ:TornadoPunch+1"],"picked":"SKIP","floor":36.0},{"not_picked":["champ:DefensiveShout+1","champ:ShieldSlam+1"],"picked":"champ:SwordSigil+1","floor":38.0},{"not_picked":["champ:FanOfKnives","champ:GutPunch","champ:FancyFootwork"],"picked":"SKIP","floor":42.0},{"not_picked":["champ:EnGarde","champ:DefensiveShout+1","champ:ShieldSlam+1"],"picked":"SKIP","floor":43.0},{"not_picked":["champ:TornadoPunch+1","champ:ShieldSlam"],"picked":"champ:CalledShot+1","floor":44},{"not_picked":["champ:Haymaker+1","champ:FanOfKnives","champ:StanceDance"],"picked":"SKIP","floor":45},{"not_picked":["champ:GutPunch","champ:HeartStrike"],"picked":"champ:CalledShot","floor":47},{"not_picked":["champ:TornadoPunch+1","champ:FancyFootwork+1","champ:HeartStrike"],"picked":"SKIP","floor":48},{"not_picked":["champ:AdrenalArmor","champ:EnGarde","champ:FanOfKnives+1"],"picked":"SKIP","floor":49}],"player_experience":806538,"relics_obtained":[{"floor":6.0,"key":"champ:SpectersHand"},{"floor":7.0,"key":"Incense Burner"},{"floor":14.0,"key":"champ:DefensiveTrainingManual"},{"floor":24.0,"key":"Bronze Scales"},{"floor":27.0,"key":"champ:FightingForDummies"},{"floor":34.0,"key":"Boot"},{"floor":34.0,"key":"Matryoshka"},{"floor":34.0,"key":"champ:GladiatorsBookOfMartialProwess"},{"floor":41.0,"key":"Regal Pillow"},{"floor":47,"key":"Nunchaku"}],"event_choices":[{"cards_removed":["downfall:Malfunctioning"],"damage_healed":0.0,"max_hp_gain":0.0,"max_hp_loss":0.0,"gold_gain":0.0,"event_name":"Bonfire Elementals","player_choice":"Offered Curse","floor":4.0,"gold_loss":0.0,"damage_taken":0.0,"relics_obtained":["Spirit Poop"]},{"damage_healed":0.0,"max_hp_gain":0.0,"max_hp_loss":0.0,"gold_gain":0.0,"event_name":"FaceTrader","player_choice":"Trade","floor":22.0,"gold_loss":0.0,"damage_taken":0.0,"relics_obtained":["FaceOfCleric"]},{"cards_removed":["champ:Defend"],"damage_healed":0.0,"max_hp_gain":0.0,"max_hp_loss":0.0,"gold_gain":0.0,"event_name":"Falling","player_choice":"Removed Skill","floor":37.0,"gold_loss":0.0,"damage_taken":0.0}],"is_beta":false,"boss_relics":[{"not_picked":["Velvet Choker","Empty Cage"],"picked":"champ:ChampionCrownUpgraded"},{"not_picked":["Astrolabe","SacredBark"],"picked":"Calling Bell"}],"items_purged_floors":[38,45],"is_endless":false,"potions_floor_spawned":[2,6,9,13,14,26,27,29,32,33,43,47,49],"ascension_level":0}}