{"host":"a4s27ghlnr83kbqz","time":1611156433,"event":{"mods":["AchievementEnabler","BaseMod","Colored Map","Minty Spire (QoL Compilation)","Permanent Neow","SuperFastMode"],"gold_per_floor":[117,136,147,157,169,169,134,134,209,222,222,237,263,276,276,276,276],"floor_reached":16,"language":"KOR","playtime":351,"items_purged":[],"score":212,"play_id":"92022a75-5fed-4dba-ae31-7135d1b51fe0","local_time":"20210120232713","is_ascension_mode":true,"campfire_choices":[{"floor":6,"key":"REST"},{"data":"Armaments","floor":8,"key":"SMITH"},{"data":"Perfected Strike","floor":11,"key":"SMITH"},{"data":"Shockwave","floor":15,"key":"SMITH"}],"circlet_count":0,"master_deck":["AscendersBane","Strike_R","Strike_R","Strike_R","Strike_R","Defend_R","Defend_R","Defend_R","Bash","Shrug It Off","Perfected Strike+1","Armaments+1","Shrug It Off","Shockwave+1","Wild Strike"],"relics":["Burning Blood","Bottled Flame","Peace Pipe"],"acts_visited":["Exordium"],"potions_floor_usage":[12,13,14],"damage_taken":[{"damage":4,"enemies":"2 Louse","floor":1,"turns":3},{"damage":14,"enemies":"Jaw Worm","floor":2,"turns":6},{"damage":1,"enemies":"Cultist","floor":3,"turns":3},{"damage":48,"enemies":"Exordium Thugs","floor":4,"turns":7},{"damage":1,"enemies":"2 Fungi Beasts","floor":5,"turns":4},{"damage":25,"enemies":"Gremlin Gang","floor":10,"turns":6},{"damage":6,"enemies":"Blue Slaver","floor":12,"turns":4},{"damage":13,"enemies":"Lagavulin","floor":13,"turns":6},{"damage":8,"enemies":"Exordium Thugs","floor":14,"turns":4},{"damage":27,"enemies":"The Guardian","floor":16,"turns":5}],"seed_played":"2535975148946990638","potions_obtained":[{"floor":4,"key":"SkillPotion"},{"floor":5,"key":"EssenceOfSteel"},{"floor":12,"key":"Block Potion"},{"floor":13,"key":"Weak Potion"}],"is_trial":false,"path_per_floor":["M","M","M","M","M","R","?","R","T","M","R","M","E","M","R","B"],"character_chosen":"IRONCLAD","items_purchased":[],"campfire_rested":1,"item_purchase_floors":[],"current_hp_per_floor":[52,44,49,7,12,34,52,52,52,33,33,33,26,24,24,0,0],"gold":276,"neow_bonus":"REMOVE_TWO","is_daily":false,"chose_seed":false,"campfire_upgraded":3,"win_rate":0.0,"timestamp":1611156433,"path_taken":["M","M","M","M","M","R","?","R","T","M","R","M","E","M","R","BOSS"],"items_purchased_type":[],"build_version":"2020-12-22","purchased_purges":0,"victory":false,"max_hp_per_floor":[75,75,75,75,75,75,75,75,75,75,75,75,75,75,75,75,75],"card_choices":[{"not_picked":["Body Slam","Flex"],"picked":"Shrug It Off","floor":1},{"not_picked":["Disarm","Pommel Strike"],"picked":"Perfected Strike","floor":2},{"not_picked":["Thunderclap","True Grit"],"picked":"Armaments","floor":3},{"not_picked":["Pummel","Iron Wave"],"picked":"Shrug It Off","floor":4},{"not_picked":["Searing Blow","True Grit"],"picked":"Shockwave","floor":5},{"not_picked":["True Grit","Warcry","Juggernaut"],"picked":"SKIP","floor":10},{"not_picked":["Reckless Charge","Cleave"],"picked":"Wild Strike","floor":12},{"not_picked":["Iron Wave","Sword Boomerang","Flex"],"picked":"SKIP","floor":13},{"not_picked":["Cleave","Second Wind","Clash"],"picked":"SKIP","floor":14}],"player_experience":1112929,"relics_obtained":[{"floor":9,"key":"Bottled Flame"},{"floor":13,"key":"Peace Pipe"}],"event_choices":[{"damage_healed":18,"gold_gain":0,"player_choice":"Healed","damage_taken":0,"max_hp_gain":0,"max_hp_loss":0,"event_name":"The Cleric","floor":7,"gold_loss":35}],"is_beta":false,"boss_relics":[],"items_purged_floors":[],"is_endless":false,"potions_floor_spawned":[4,5,12,13],"killed_by":"The Guardian","ascension_level":20}}