{"host":"refsn2q8at3dn95k","time":1611170857,"event":{"mods":["BaseMod","Hubris","Infinite Spire","Minty Spire (QoL Compilation)","Replay The Spire","StSLib","The Jungle"],"gold_per_floor":[113,113,38,38,57,87,104,104,104,130,52,52,71,87,87,184,184,211,223,235,264,286,298,310,370,382,394,394],"floor_reached":27,"language":"ENG","playtime":1710,"items_purged":["Defend_B"],"score":332,"play_id":"65f559a0-5def-4a14-aac1-2eef41492e98","local_time":"20210120132737","is_ascension_mode":true,"campfire_choices":[{"floor":8,"key":"RECALL"},{"floor":15,"key":"REST"},{"floor":23,"key":"REST"}],"circlet_count":0,"master_deck":["Strike_B","Strike_B","Strike_B","Defend_B","Defend_B","Defend_B","Zap+1","Dualcast","Electrodynamics","hubris:Ukulele","Echo Form","Injury","Sickly","hubris:Wrath","RitualDagger","FIFO Queue","hubris:SpecializedCircuitry+1"],"relics":["Cracked Core","NeowsBlessing","Meat on the Bone","Anchor","Replay:Wax Seal","Replay:Ancient Bell","MawBank","Mummified Hand","CaptainsWheel","Ring of Fury","ReplayTheSpireMod:Ring of Challenge","infinitespire:Satchel","infinitespire:WardingShard"],"acts_visited":["Exordium","TheCity"],"potions_floor_usage":[10,16,18,27,27],"damage_taken":[{"damage":0,"enemies":"2 Louse","floor":1,"turns":1},{"damage":0,"enemies":"Cultist","floor":5,"turns":1},{"damage":0,"enemies":"Gremlin Nob","floor":6,"turns":1},{"damage":5,"enemies":"Small Slimes","floor":7,"turns":3},{"damage":12,"enemies":"3 Sentries","floor":10,"turns":3},{"damage":0,"enemies":"Blue Slaver","floor":13,"turns":3},{"damage":0,"enemies":"Gremlin Gang","floor":14,"turns":2},{"damage":0,"enemies":"Slime Boss","floor":16,"turns":4},{"damage":25,"enemies":"Chosen","floor":18,"turns":5},{"damage":0,"enemies":"3 Byrds","floor":21,"turns":2},{"damage":18,"enemies":"Cultist and Chosen","floor":22,"turns":5},{"damage":59,"enemies":"Book of Stabbing","floor":25,"turns":6},{"damage":14,"enemies":"Gremlin Leader","floor":27,"turns":1}],"seed_played":"-2856119694568878557","potions_obtained":[{"floor":5,"key":"ColorlessPotion"},{"floor":10,"key":"PowerPotion"},{"floor":14,"key":"Weak Potion"},{"floor":21,"key":"Cursed Concoction"},{"floor":25,"key":"Adrenaline Potion"}],"is_trial":false,"path_per_floor":["M","?","$","?","M","E","M","R","T","E","$","?","M","M","R","B",null,"M","?","?","M","M","R","?","E","T","E"],"character_chosen":"DEFECT","items_purchased":["Electrodynamics"],"campfire_rested":2,"item_purchase_floors":[11],"current_hp_per_floor":[75,75,75,75,75,75,70,70,70,58,58,58,58,58,75,75,75,50,44,44,44,38,60,60,13,13,0,0],"gold":394,"neow_bonus":"THREE_ENEMY_KILL","is_daily":false,"chose_seed":false,"campfire_upgraded":0,"win_rate":0.0,"timestamp":1611170857,"path_taken":["M","?","?","?","M","E","?","R","T","E","$","?","?","M","R","BOSS","M","?","?","?","?","R","?","E","T","E"],"items_purchased_type":["Card"],"build_version":"2020-12-22","purchased_purges":1,"victory":false,"max_hp_per_floor":[75,75,75,75,75,75,75,75,75,75,75,75,75,75,75,75,75,75,75,75,75,75,75,75,75,75,75,75],"card_choices":[{"not_picked":["Cold Snap","Chaos","Scrape"],"picked":"SKIP","floor":1},{"not_picked":["Gash","Scrape","Hologram"],"picked":"SKIP","floor":5},{"not_picked":["Coolheaded","Turbo","Rebound"],"picked":"SKIP","floor":6},{"not_picked":["Leap","FIFO Queue","Undo"],"picked":"SKIP","floor":7},{"not_picked":["Blizzard","Sweeping Beam"],"picked":"Time Bomb","floor":10},{"not_picked":["Coolheaded","All For One","Leap"],"picked":"SKIP","floor":13},{"not_picked":["Chaos","Lockon"],"picked":"hubris:Ukulele","floor":14},{"not_picked":["ReplayTheSpireMod:Fabricate Wheel","Multi-Cast"],"picked":"Echo Form","floor":16},{"not_picked":["hubris:Despair","hubris:Greed"],"picked":"Injury","floor":17},{"not_picked":["Replay:Hysterical Blindness","infinitespire:Pacifist"],"picked":"Sickly","floor":17},{"not_picked":["Parasite","hubris:Gluttony"],"picked":"hubris:Wrath","floor":17},{"not_picked":["Tempest","ReplaySort","Panic Button"],"picked":"SKIP","floor":18},{"not_picked":["Cold Snap+1","BasicCrystalCard"],"picked":"FIFO Queue","floor":21},{"not_picked":["Compile Driver+1","Hologram"],"picked":"hubris:SpecializedCircuitry","floor":22},{"not_picked":["Leap","Reinforced Body+1","Compile Driver"],"picked":"SKIP","floor":25}],"player_experience":1676766,"relics_obtained":[{"floor":6,"key":"Meat on the Bone"},{"floor":10,"key":"Anchor"},{"floor":20,"key":"Ring of Fury"},{"floor":20,"key":"ReplayTheSpireMod:Ring of Challenge"},{"floor":25,"key":"infinitespire:Satchel"},{"floor":26,"key":"infinitespire:WardingShard"}],"event_choices":[{"damage_healed":0,"gold_gain":0,"player_choice":"Upgraded","damage_taken":0,"max_hp_gain":0,"max_hp_loss":0,"event_name":"Upgrade Shrine","floor":2,"gold_loss":0,"cards_upgraded":["Zap"]},{"cards_removed":["Strike_B"],"damage_healed":0,"gold_gain":0,"player_choice":"Purged","damage_taken":0,"max_hp_gain":0,"max_hp_loss":0,"event_name":"Purifier","floor":4,"gold_loss":0},{"cards_removed":["Time Bomb"],"damage_healed":0,"gold_gain":0,"player_choice":"Gave Card","damage_taken":0,"relics_obtained":["Replay:Wax Seal"],"max_hp_gain":0,"max_hp_loss":0,"event_name":"WeMeetAgain","floor":12,"gold_loss":0},{"damage_healed":0,"gold_gain":0,"player_choice":"Joined the Cult","damage_taken":6,"max_hp_gain":0,"max_hp_loss":0,"event_name":"Nest","floor":19,"gold_loss":0,"cards_obtained":["RitualDagger"]},{"damage_healed":0,"gold_gain":0,"player_choice":"Upgraded","damage_taken":0,"max_hp_gain":0,"max_hp_loss":0,"event_name":"Upgrade Shrine","floor":24,"gold_loss":0,"cards_upgraded":["hubris:SpecializedCircuitry"]}],"is_beta":false,"boss_relics":[{"not_picked":["ReplayTheSpireMod:DimensionalGlitch","hubris:RunicObelisk"],"picked":"Replay:Ancient Bell"},{"not_picked":["Toy Ornithopter","hubris:ToyBattleship"],"picked":"MawBank"},{"not_picked":["InkBottle","Shuriken"],"picked":"Mummified Hand"},{"not_picked":["Replay:Kaleidoscope","Ginger"],"picked":"CaptainsWheel"}],"items_purged_floors":[3],"is_endless":false,"potions_floor_spawned":[5,10,14,21,25],"killed_by":"Gremlin Leader","ascension_level":1}}