{"host":"r6jigiblrojhp6xe","time":1611181261,"event":{"mods":["AchievementEnabler","BaseMod","DeckTracker","Hermit","Minty Spire (QoL Compilation)","Quick Restart","Rare Cards Sparkle","Relic Stats","StSLib","SuperFastMode","everything is the same but u backflip on backflip"],"gold_per_floor":[110,110,110,129,140,168,168,196,196,226,246,246,171,189,189,266,266,286,286,211,111,126,126,144,144,191,191,209,8,8,24,24,24,24],"floor_reached":33,"language":"KOR","playtime":672,"items_purged":["Strike_G","Strike_G","Strike_G"],"score":626,"play_id":"4159f448-1202-4039-9db6-13be57e49d00","local_time":"20210121072101","is_ascension_mode":true,"campfire_choices":[{"data":"Neutralize","floor":7,"key":"SMITH"},{"data":"Noxious Fumes","floor":15,"key":"SMITH"},{"data":"Footwork","floor":23,"key":"SMITH"},{"data":"Well Laid Plans","floor":25,"key":"SMITH"},{"data":"Ghostly","floor":27,"key":"SMITH"},{"data":"Ghostly","floor":32,"key":"SMITH"}],"circlet_count":0,"master_deck":["AscendersBane","Strike_G","Defend_G","Defend_G","Defend_G","Defend_G","Defend_G","Survivor","Neutralize+1","Deadly Poison+1","Die Die Die","PiercingWail","Footwork+1","Noxious Fumes+1","Grand Finale","Ghostly","Ghostly+1","Ghostly+1","Well Laid Plans+1","Reflex"],"relics":["Ring of the Snake","NeowsBlessing","Lantern","Mummified Hand","Pen Nib","Odd Mushroom","Mercury Hourglass","SacredBark","Happy Flower"],"acts_visited":["Exordium","TheCity"],"potions_floor_usage":[8,16,16,31],"damage_taken":[{"damage":0,"enemies":"2 Louse","floor":1,"turns":1},{"damage":0,"enemies":"Small Slimes","floor":4,"turns":1},{"damage":0,"enemies":"Cultist","floor":5,"turns":1},{"damage":0,"enemies":"Gremlin Nob","floor":6,"turns":1},{"damage":15,"enemies":"3 Sentries","floor":8,"turns":9},{"damage":41,"enemies":"Lagavulin","floor":10,"turns":9},{"damage":1,"enemies":"The Mushroom Lair","floor":11,"turns":4},{"damage":0,"enemies":"3 Louse","floor":14,"turns":1},{"damage":1,"enemies":"Hexaghost","floor":16,"turns":9},{"damage":17,"enemies":"Spheric Guardian","floor":18,"turns":5},{"damage":2,"enemies":"3 Byrds","floor":22,"turns":4},{"damage":11,"enemies":"3 Cultists","floor":24,"turns":6},{"damage":1,"enemies":"Centurion and Healer","floor":28,"turns":7},{"damage":1,"enemies":"Shelled Parasite and Fungi","floor":31,"turns":6},{"damage":0,"enemies":"Champ","floor":33,"turns":1}],"seed_played":"1403918433705181050","potions_obtained":[{"floor":1,"key":"AttackPotion"},{"floor":6,"key":"GamblersBrew"},{"floor":8,"key":"Energy Potion"},{"floor":14,"key":"PowerPotion"},{"floor":16,"key":"Dexterity Potion"},{"floor":22,"key":"CunningPotion"},{"floor":31,"key":"BlessingOfTheForge"}],"is_trial":false,"path_per_floor":["M","?","?","M","M","E","R","E","T","E","?","T","$","M","R","B",null,"M","?","?","$","M","R","M","R","T","R","M","$","?","M","R","B"],"character_chosen":"THE_SILENT","items_purchased":["Reflex"],"campfire_rested":0,"item_purchase_floors":[29],"current_hp_per_floor":[59,64,64,64,64,64,64,49,49,8,7,7,7,7,7,6,55,38,35,35,35,33,33,22,22,22,22,21,21,15,14,14,14,14],"gold":24,"neow_bonus":"THREE_ENEMY_KILL","is_daily":false,"chose_seed":false,"campfire_upgraded":6,"win_rate":0.0,"timestamp":1611181261,"path_taken":["M","?","?","M","?","E","R","E","T","E","?","?","$","M","R","BOSS","M","?","?","$","M","R","M","R","T","R","?","$","?","?","R","BOSS"],"items_purchased_type":["Card"],"build_version":"2020-12-22","purchased_purges":3,"victory":false,"max_hp_per_floor":[66,71,71,71,71,71,71,71,71,71,71,71,71,71,71,71,71,71,35,35,35,35,35,35,35,35,35,35,35,35,35,35,35,35],"relic_stats":{"Happy Flower":[4],"counters":[15,65],"Mummified Hand":[15],"Pen Nib":[5],"obtain_stats":[{"Lantern":6,"NeowsBlessing":0,"Happy Flower":26,"Mummified Hand":8,"SacredBark":17,"Pen Nib":10,"Odd Mushroom":11,"Ring of the Snake":0,"Mercury Hourglass":12},{"Lantern":4,"NeowsBlessing":0,"Happy Flower":12,"Mummified Hand":5,"SacredBark":9,"Pen Nib":6,"Odd Mushroom":7,"Ring of the Snake":0,"Mercury Hourglass":7},{"Lantern":4,"NeowsBlessing":0,"Happy Flower":51,"Mummified Hand":13,"SacredBark":36,"Pen Nib":22,"Odd Mushroom":26,"Ring of the Snake":0,"Mercury Hourglass":26}],"Ring of the Snake":[30],"Mercury Hourglass":[158]},"card_choices":[{"not_picked":["Slice","Endless Agony"],"picked":"Deadly Poison","floor":1},{"not_picked":["Slice","Dodge and Roll","Poisoned Stab"],"picked":"SKIP","floor":4},{"not_picked":["Prepared","Riddle With Holes"],"picked":"Die Die Die","floor":5},{"not_picked":["Doppelganger","Outmaneuver","Deadly Poison"],"picked":"SKIP","floor":6},{"not_picked":["Predator","Acrobatics","Deadly Poison"],"picked":"SKIP","floor":8},{"not_picked":["Underhanded Strike","Bane"],"picked":"PiercingWail","floor":10},{"not_picked":["Quick Slash","Slice"],"picked":"Footwork","floor":11},{"not_picked":["Slice","Deflect"],"picked":"Noxious Fumes","floor":14},{"not_picked":["Phantasmal Killer","Unload"],"picked":"Grand Finale","floor":16},{"not_picked":["Deadly Poison","Sucker Punch","PiercingWail"],"picked":"SKIP","floor":18},{"not_picked":["All Out Attack","Quick Slash","Dodge and Roll"],"picked":"SKIP","floor":22},{"not_picked":["Dagger Spray","Dagger Throw"],"picked":"Well Laid Plans","floor":24},{"not_picked":["Dagger Spray","Flechettes","Deadly Poison"],"picked":"SKIP","floor":28},{"not_picked":["Dodge and Roll+1","Storm of Steel","PiercingWail"],"picked":"SKIP","floor":31}],"player_experience":569864,"relics_obtained":[{"floor":6,"key":"Lantern"},{"floor":8,"key":"Mummified Hand"},{"floor":10,"key":"Pen Nib"},{"floor":11,"key":"Odd Mushroom"},{"floor":12,"key":"Mercury Hourglass"},{"floor":26,"key":"Happy Flower"}],"event_choices":[{"damage_healed":0,"gold_gain":0,"player_choice":"Donut","damage_taken":0,"max_hp_gain":5,"max_hp_loss":0,"event_name":"Big Fish","floor":2,"gold_loss":0},{"damage_healed":0,"gold_gain":0,"player_choice":"Forge","damage_taken":0,"max_hp_gain":0,"max_hp_loss":0,"event_name":"Accursed Blacksmith","floor":3,"gold_loss":0,"cards_upgraded":["Deadly Poison"]},{"damage_healed":0,"gold_gain":0,"player_choice":"Fought Mushrooms","damage_taken":0,"max_hp_gain":0,"max_hp_loss":0,"event_name":"Mushrooms","floor":11,"gold_loss":0},{"damage_healed":0,"gold_gain":0,"player_choice":"Became a Ghost","damage_taken":0,"max_hp_gain":0,"max_hp_loss":36,"event_name":"Ghosts","floor":19,"gold_loss":0,"cards_obtained":["Ghostly","Ghostly","Ghostly"]},{"cards_removed":["Strike_G"],"damage_healed":0,"gold_gain":0,"player_choice":"Gave Gold","damage_taken":0,"max_hp_gain":0,"max_hp_loss":0,"event_name":"Beggar","floor":20,"gold_loss":75},{"damage_healed":0,"gold_gain":0,"player_choice":"","damage_taken":6,"max_hp_gain":0,"max_hp_loss":0,"event_name":"Knowing Skull","floor":30,"potions_obtained":[],"gold_loss":0,"cards_obtained":[]}],"is_beta":false,"boss_relics":[{"not_picked":["Tiny House","Black Star"],"picked":"SacredBark"}],"items_purged_floors":[13,21,29],"is_endless":false,"potions_floor_spawned":[1,6,8,14,16,22,31],"killed_by":"Champ","ascension_level":20}}