{"host":"kw4o7b3ro2ktmmbe","time":1611141547,"event":{"mods":["BaseMod","Evolution","Minty Spire (QoL Compilation)","StSLib","The Druid"],"gold_per_floor":[111,111,111,127,127,127,152,167,191,191,217,244,253,25,25,130,130,150,150,175,197,197,239,239,266,266,266,266,266],"floor_reached":28,"language":"ENG","playtime":1614,"items_purged":["Pain"],"score":301,"play_id":"6ad119eb-57ee-4f5d-8043-f9b53d4b6614","local_time":"20210121001907","is_ascension_mode":true,"campfire_choices":[{"data":"theDruid:BristlingDefense","floor":6.0,"key":"SMITH"},{"data":"theDruid:BriarArmor","floor":10.0,"key":"SMITH"},{"data":"theDruid:ForestGuard","floor":15.0,"key":"SMITH"},{"floor":24,"key":"REST"},{"data":"theDruid:ApexPredator","floor":27,"key":"SMITH"}],"circlet_count":0,"master_deck":["theDruid:Swipe","theDruid:Swipe","theDruid:Swipe","theDruid:Swipe","theDruid:Defend_O","theDruid:Defend_O","theDruid:BriarArmor+1","theDruid:WildSlash","theDruid:BristlingDefense+1","theDruid:ForestGuard+1","theDruid:TwinStars","theDruid:Rummage","theDruid:PlagueClaw","theDruid:SerratedFlesh","theDruid:InsectSwarm+1","theDruid:IronClaw+1","theDruid:PrimalStrength+1","theDruid:ApexPredator+1"],"relics":["theDruid:CrownOfTheWilds","EVO:Axolotl","Boot","CeramicFish","WarpedTongs","Art of War","Philosopher\u0027s Stone","Thread and Needle","Bottled Tornado"],"acts_visited":["Exordium","TheCity"],"potions_floor_usage":[23,28,28],"damage_taken":[{"damage":2.0,"enemies":"Jaw Worm","floor":1.0,"turns":3.0},{"damage":2.0,"enemies":"2 Louse","floor":4.0,"turns":2.0},{"damage":0.0,"enemies":"Cultist","floor":8.0,"turns":3.0},{"damage":0.0,"enemies":"3 Louse","floor":11.0,"turns":1.0},{"damage":6.0,"enemies":"Exordium Wildlife","floor":12.0,"turns":3.0},{"damage":15.0,"enemies":"The Guardian","floor":16.0,"turns":8.0},{"damage":20.0,"enemies":"3 Byrds","floor":18.0,"turns":3.0},{"damage":11.0,"enemies":"Chosen","floor":20.0,"turns":4.0},{"damage":48.0,"enemies":"Centurion and Healer","floor":21.0,"turns":5.0},{"damage":26,"enemies":"Gremlin Leader","floor":23,"turns":8},{"damage":36,"enemies":"Cultist and Chosen","floor":25,"turns":6},{"damage":25,"enemies":"Slavers","floor":28,"turns":1}],"seed_played":"-8239059711656123957","potions_obtained":[{"floor":1.0,"key":"DistilledChaos"},{"floor":8.0,"key":"EssenceOfSteel"},{"floor":16.0,"key":"Regen Potion"},{"floor":23,"key":"Fruit Juice"},{"floor":25,"key":"EssenceOfSteel"}],"is_trial":false,"path_per_floor":["M","?","?","M","?","R","T","M","T","R","M","M","?","$","R","B",null,"M","?","M","M","?","E","R","M","T","R","E"],"character_chosen":"DRUID","items_purchased":["Art of War"],"campfire_rested":1,"item_purchase_floors":[14],"current_hp_per_floor":[80,73,73,71,76,76,76,76,76,76,76,70,70,70,70,55,87,67,67,70,22,51,30,57,21,21,21,0,0],"gold":266,"neow_bonus":"TEN_PERCENT_HP_BONUS","is_daily":false,"chose_seed":false,"campfire_upgraded":4,"win_rate":0.0,"timestamp":1611141547,"path_taken":["M","?","?","M","?","R","?","?","T","R","M","M","?","?","R","BOSS","M","?","M","M","?","E","R","M","T","R","E"],"items_purchased_type":["Relic"],"build_version":"2020-12-22","purchased_purges":1,"victory":false,"max_hp_per_floor":[82,82,82,82,87,87,87,87,87,87,87,87,87,87,87,87,87,87,87,87,87,87,92,92,92,92,92,92,92],"card_choices":[{"not_picked":["theDruid:MysticBarrier","theDruid:BloodiedFur"],"picked":"theDruid:BristlingDefense","floor":1.0},{"not_picked":["theDruid:FelineGrace","theDruid:BlessedStrike","theDruid:ExposingSlash"],"picked":"SKIP","floor":4.0},{"not_picked":["theDruid:FuriousSlash","theDruid:TwilightsCall"],"picked":"theDruid:TwinStars","floor":8.0},{"not_picked":["theDruid:ThickHide","theDruid:Resupply"],"picked":"theDruid:Rummage","floor":11.0},{"not_picked":["theDruid:PlagueClaw","theDruid:WildArmor","theDruid:BlessedStrike"],"picked":"SKIP","floor":12.0},{"not_picked":["theDruid:WildArmor","theDruid:BlessedStrike"],"picked":"theDruid:PlagueClaw","floor":12.0},{"not_picked":["theDruid:Earthquake","theDruid:CelestialSurge"],"picked":"theDruid:SerratedFlesh","floor":16.0},{"not_picked":["theDruid:PlagueClaw","theDruid:FelineGrace+1","theDruid:Guidance"],"picked":"SKIP","floor":18.0},{"not_picked":["theDruid:BagofTricks+1","theDruid:Prowl+1"],"picked":"theDruid:InsectSwarm+1","floor":20.0},{"not_picked":["theDruid:TakeShelter","theDruid:Guidance"],"picked":"theDruid:IronClaw+1","floor":21.0},{"not_picked":["theDruid:ExposingSlash+1","theDruid:Swipe"],"picked":"theDruid:PrimalStrength+1","floor":23},{"not_picked":["theDruid:FuriousSlash","theDruid:Recoil+1"],"picked":"theDruid:ApexPredator","floor":25}],"player_experience":1856278,"relics_obtained":[{"floor":7.0,"key":"Boot"},{"floor":9.0,"key":"CeramicFish"},{"floor":23,"key":"Thread and Needle"},{"floor":26,"key":"Bottled Tornado"}],"event_choices":[{"cards_removed":["theDruid:Defend_O"],"damage_healed":0.0,"max_hp_gain":0.0,"max_hp_loss":0.0,"gold_gain":0.0,"event_name":"Golden Wing","player_choice":"Card Removal","floor":2.0,"gold_loss":0.0,"damage_taken":7.0},{"damage_healed":0.0,"max_hp_gain":0.0,"max_hp_loss":0.0,"gold_gain":0.0,"cards_transformed":["theDruid:Defend_O"],"event_name":"Living Wall","player_choice":"Change","floor":3.0,"gold_loss":0.0,"damage_taken":0.0,"cards_obtained":["theDruid:ForestGuard"]},{"damage_healed":0.0,"max_hp_gain":5.0,"max_hp_loss":0.0,"gold_gain":0.0,"event_name":"Big Fish","player_choice":"Donut","floor":5.0,"gold_loss":0.0,"damage_taken":0.0},{"damage_healed":0.0,"max_hp_gain":0.0,"max_hp_loss":0.0,"gold_gain":0.0,"event_name":"Accursed Blacksmith","player_choice":"Rummage","floor":13.0,"gold_loss":0.0,"damage_taken":0.0,"relics_obtained":["WarpedTongs"],"cards_obtained":["Pain"]},{"damage_healed":0.0,"max_hp_gain":0.0,"max_hp_loss":0.0,"gold_gain":0.0,"event_name":"Beggar","player_choice":"Ignored","floor":19.0,"gold_loss":0.0,"damage_taken":0.0},{"damage_healed":29,"gold_gain":0,"player_choice":"Heal","damage_taken":0,"max_hp_gain":0,"max_hp_loss":0,"event_name":"The Library","floor":22,"gold_loss":0}],"is_beta":false,"boss_relics":[{"not_picked":["Fusion Hammer","Calling Bell"],"picked":"Philosopher\u0027s Stone"}],"items_purged_floors":[14],"is_endless":false,"potions_floor_spawned":[1,8,16,23,25],"killed_by":"Slavers","ascension_level":2}}