{"host":"9l1knhxfturzliqa","time":1611138108,"event":{"mods":["BaseMod","Colored Map","Colored Powertips","DeckTracker","Highlight Path","Keyboard Shortcuts","Minty Spire (QoL Compilation)","Random Character Button"],"gold_per_floor":[368,92,106,106,106,106,106],"floor_reached":6,"language":"KOR","playtime":599,"items_purged":["Strike_G"],"score":66,"play_id":"644875d3-9a0f-4cb1-8573-e9af869fcbaa","local_time":"20210120192148","is_ascension_mode":true,"campfire_choices":[],"circlet_count":0,"master_deck":["AscendersBane","Strike_G","Strike_G","Strike_G","Strike_G","Defend_G","Defend_G","Defend_G","Defend_G","Survivor","Neutralize","Prepared","Acrobatics","Backflip","Calculated Gamble","Well Laid Plans"],"relics":["Ring of the Snake","Orrery","Tingsha"],"acts_visited":["Exordium"],"potions_floor_usage":[6],"damage_taken":[{"damage":1.0,"enemies":"2 Louse","floor":1.0,"turns":5.0},{"damage":10.0,"enemies":"Small Slimes","floor":3.0,"turns":11.0},{"damage":38,"enemies":"Lagavulin","floor":6,"turns":8}],"seed_played":"1401958297793830990","potions_obtained":[{"floor":3.0,"key":"Weak Potion"}],"is_trial":false,"path_per_floor":["M","$","M","?","?","E"],"character_chosen":"THE_SILENT","items_purchased":["Orrery","Well Laid Plans"],"campfire_rested":0,"item_purchase_floors":[2,2],"current_hp_per_floor":[58,58,48,41,30,0,0],"gold":106,"neow_bonus":"TWO_FIFTY_GOLD","is_daily":false,"chose_seed":false,"campfire_upgraded":0,"win_rate":0.0,"timestamp":1611138108,"path_taken":["M","$","M","?","?","E"],"items_purchased_type":["Relic","Card"],"build_version":"2020-12-22","purchased_purges":1,"victory":false,"max_hp_per_floor":[60,60,60,60,60,60,60],"card_choices":[{"not_picked":["Flying Knee","Deadly Poison"],"picked":"Prepared","floor":1.0},{"not_picked":["Dodge and Roll","Choke"],"picked":"Acrobatics","floor":2.0},{"not_picked":["Blade Dance","Cloak And Dagger"],"picked":"Backflip","floor":2.0},{"not_picked":["Acrobatics","Prepared"],"picked":"Calculated Gamble","floor":2.0},{"not_picked":["Acrobatics","Backflip","Bane"],"picked":"SKIP","floor":3.0}],"player_experience":503984,"relics_obtained":[],"event_choices":[{"cards_removed":["Defend_G"],"damage_healed":0.0,"max_hp_gain":0.0,"max_hp_loss":0.0,"gold_gain":0.0,"event_name":"Golden Wing","player_choice":"Card Removal","floor":4.0,"gold_loss":0.0,"damage_taken":7.0},{"damage_healed":0.0,"max_hp_gain":0.0,"max_hp_loss":0.0,"gold_gain":0.0,"event_name":"Scrap Ooze","player_choice":"Success","floor":5.0,"gold_loss":0.0,"damage_taken":11.0,"relics_obtained":["Tingsha"]}],"is_beta":false,"boss_relics":[],"items_purged_floors":[2],"is_endless":false,"potions_floor_spawned":[3],"killed_by":"Lagavulin","ascension_level":19}}