{"host":"xj2wyr3bqqv4irjd","time":1611158269,"event":{"mods":["Act Like it!","Aspiration","BaseMod","Gensokyo","Koishi","Lobotomy","LobotomyExtend","Marisa£®ÏF”Í°°ƒß¿Ì…≥£©","Minty Spire (QoL Compilation)","Quick Restart","Rare Cards Sparkle","Reimu£®≤©¿ˆ¡È√Œ£©","Remilia£®¿Ÿ√◊¿Ú—«£©","Replay The Spire","SIMod","StSLib","The Alterego","The Servant 0.9.4","WarShipGirlsR/’ΩΩ¢…Ÿ≈ÆR mod","Yakumo Yukari mod","Youmu£®ªÍ∆«—˝√Œ£©"],"gold_per_floor":[118,43,3,20,35,69,86,121,121,136,136,136,147,157,157,261,261,278,278,291,302,302,330,330,340,340,172,187,187,216,229,229,330,330,349,196,223,461,461,461,478,511,176,195,248,278,291,291,310,322,322,197,212,242,257,257,308,308,328,328,347,347,347,451,451,451,451,43,77,77],"floor_reached":23,"language":"ZHS","playtime":4228,"items_purged":["Overencumbered","LightFlow","Initiator"],"score":1116,"play_id":"f11eb677-9afa-4505-9e37-f71af8f8083d","local_time":"20210120235749","is_ascension_mode":false,"campfire_choices":[{"data":"1","floor":11.0,"key":"LIFT"},{"data":"2","floor":15.0,"key":"LIFT"},{"data":"FloweringNight","floor":24.0,"key":"SMITH"},{"data":"3","floor":29.0,"key":"LIFT"},{"data":"FanOfKnives","floor":32.0,"key":"SMITH"},{"floor":48.0,"key":"RECALL"},{"data":"KillingDoll","floor":8,"key":"SMITH"},{"data":"Embodiment","floor":10,"key":"SMITH"},{"data":"SilverBlades","floor":12,"key":"SMITH"},{"data":"SilverBlades","floor":15,"key":"SMITH"},{"data":"FlawlessForm","floor":19,"key":"SMITH"}],"circlet_count":0,"master_deck":["Exchange","GearUp","DualDimension","InstantArmor","Dilation+1","Initiator+1","ShatteredReality","SurpressingFire","Alleviate+1","Rearm+1","FastForward+1","BestPractice","Ricochet","TheWorld+1","SilverBlades+1","SilverBlades+1","FloweringNight+1","SurpressingFire","FanOfKnives+1","SurpressingFire","Barrier+1","Turbo+1","Embodiment+1","CurseOfTheBell","SilverBlades+1","DoubleEdge+1","BestPractice+1","Reset+1","ReplaySolidLightProjector+1","Recycle+1","All For One+1","Luminosity","SpecialFormula+1","StarChef+1","KillingDoll+1","BottledTime+1","Advance+1","Contraction+1","Snipe","FlawlessForm+1","ShiftingGears+1"],"relics":["Uniform","Pandora\u0027s Box","PaintedHorse:ReiMu","Toxic Egg 2","Girya","TungstenRod","Snecko Heart","Nloth\u0027s Gift","aspiration:Nostalgia","m_SpellCore","HornCleat","aspiration:FetidBarrel","Replay:Grab Bag","Coffee Dripper","Runic Dome","Calling Bell","aspiration:HatOfInfinitePower","Matryoshka","Vajra","Orrery","Pet Ghost","Onion Ring","Divine Protection","Garlic","Bag of Marbles","Bottled Lightning","LetterFromLob","Replay:Mystery Machine","aspiration:Lifesprig","Whetstone","Guide Book","Shuriken","Toy Ornithopter"],"acts_visited":["Exordium","TheCity","TheBeyond","TheEnding"],"potions_floor_usage":[22],"damage_taken":[{"damage":0.0,"enemies":"Cultist","floor":1.0,"turns":2.0},{"damage":0.0,"enemies":"Jaw Worm","floor":4.0,"turns":2.0},{"damage":0.0,"enemies":"2 Louse","floor":5.0,"turns":1.0},{"damage":1.0,"enemies":"Gremlin Nob","floor":6.0,"turns":3.0},{"damage":0.0,"enemies":"Gremlin Gang","floor":7.0,"turns":3.0},{"damage":0.0,"enemies":"3 Sentries","floor":8.0,"turns":3.0},{"damage":0.0,"enemies":"Large Slime","floor":10.0,"turns":4.0},{"damage":0.0,"enemies":"Lots of Slimes","floor":13.0,"turns":1.0},{"damage":0.0,"enemies":"Blue Slaver","floor":14.0,"turns":3.0},{"damage":0.0,"enemies":"Fading Forest","floor":16.0,"turns":11.0},{"damage":0.0,"enemies":"3 Byrds","floor":18.0,"turns":3.0},{"damage":6.0,"enemies":"2 Thieves","floor":20.0,"turns":2.0},{"damage":0.0,"enemies":"3 Cultists","floor":21.0,"turns":3.0},{"damage":2.0,"enemies":"Gremlin Leader","floor":23.0,"turns":4.0},{"damage":0.0,"enemies":"Snecko","floor":25.0,"turns":2.0},{"damage":0.0,"enemies":"Snake Plant","floor":28.0,"turns":3.0},{"damage":19.0,"enemies":"Slavers","floor":30.0,"turns":4.0},{"damage":0.0,"enemies":"Centurion and Healer","floor":31.0,"turns":3.0},{"damage":0.0,"enemies":"Automaton","floor":33.0,"turns":7.0},{"damage":1.0,"enemies":"3 Shapes","floor":35.0,"turns":2.0},{"damage":0.0,"enemies":"3 Darklings","floor":41.0,"turns":2.0},{"damage":0.0,"enemies":"R_Hoarder","floor":42.0,"turns":4.0},{"damage":0.0,"enemies":"Jaw Worm Horde","floor":44.0,"turns":3.0},{"damage":9.0,"enemies":"Reptomancer","floor":46.0,"turns":4.0},{"damage":0.0,"enemies":"Writhing Mass","floor":47.0,"turns":2.0},{"damage":0,"enemies":"2 Louse","floor":1,"turns":1},{"damage":0,"enemies":"Cultist","floor":2,"turns":2},{"damage":0,"enemies":"Small Slimes","floor":5,"turns":1},{"damage":0,"enemies":"3 Sentries","floor":6,"turns":2},{"damage":0,"enemies":"2 Fungi Beasts","floor":7,"turns":1},{"damage":0,"enemies":"Exordium Wildlife","floor":11,"turns":1},{"damage":0,"enemies":"Red Slaver","floor":13,"turns":1},{"damage":0,"enemies":"Slime Boss","floor":16,"turns":4},{"damage":0,"enemies":"Shield and Spear","floor":21,"turns":5},{"damage":16,"enemies":"The Heart","floor":22,"turns":5}],"seed_played":"3258118274245978626","potions_obtained":[{"floor":1.0,"key":"SkillPotion"},{"floor":7.0,"key":"Swift Potion"},{"floor":8.0,"key":"GamblersBrew"},{"floor":14.0,"key":"LifebloodPotion"},{"floor":20.0,"key":"Doom Potion"},{"floor":21.0,"key":"LifebloodPotion"},{"floor":30.0,"key":"SpeedPotion"},{"floor":35.0,"key":"DistilledChaos"},{"floor":42.0,"key":"Elixir"},{"floor":47.0,"key":"FearPotion"},{"floor":2,"key":"Block Potion"},{"floor":5,"key":"AttackPotion"}],"is_trial":false,"path_per_floor":["M","$","?","M","M","E","M","E","T","M","R","T","M","M","R","B",null,"M","?","M","M","?","E","R","M","T","$","M","R","E","M","R","B",null,"M","$","T","?","PTL","PTL","M","E","$","M","T","E","M","R","?","M","M","?","$","M","E","M","R","T","R","M","R","M","?","R","B",null,null,"R","$","E","B",null],"character_chosen":"THE_SERVANT","items_purchased":["FanOfKnives","Orrery","Luminosity","Garlic","Guide Book","Shuriken"],"campfire_rested":0,"item_purchase_floors":[27,36,43,43,20,20],"current_hp_per_floor":[65,65,65,65,65,64,64,64,64,64,64,64,64,64,64,64,65,65,65,59,59,59,57,57,57,57,57,57,57,38,38,38,38,65,64,64,64,49,49,49,49,49,49,49,49,40,40,40,65,65,65,65,65,65,65,65,65,65,65,65,65,65,65,65,65,65,65,65,65,49],"gold":77,"neow_bonus":"CURSED_BOSS_RELIC","is_daily":false,"chose_seed":false,"campfire_upgraded":7,"win_rate":0.0,"timestamp":1611158269,"path_taken":["M","?","?","?","M","E","M","E","T","M","R","?","M","?","R","BOSS","M","?","?","M","?","E","R","M","T","$","M","R","E","M","R","BOSS","M","$","?","?","PTL","PTL","M","E","$","M","T","E","?","R","?","M","M","?","?","M","E","M","R","T","R","M","R","M","?","R","BOSS","R","$","E","BOSS"],"items_purchased_type":["Card","Relic","Card","Relic","Relic","Relic"],"build_version":"2020-12-22","purchased_purges":3,"victory":true,"max_hp_per_floor":[65,65,65,65,65,65,65,65,65,65,65,65,65,65,65,65,65,65,65,65,65,65,65,65,65,65,65,65,65,65,65,65,65,65,65,65,65,65,65,65,65,65,65,65,65,65,65,65,65,65,65,65,65,65,65,65,65,65,65,65,65,65,65,65,65,65,65,65,65,65],"card_choices":[{"not_picked":["Hightail","Defy"],"picked":"Starlight","floor":1.0},{"not_picked":["Moondial","Reset"],"picked":"SurpressingFire","floor":4.0},{"not_picked":["Foresight","SurpressingFire","Hightail"],"picked":"SKIP","floor":5.0},{"not_picked":["Foresight","SurpressingFire","Hightail"],"picked":"SKIP","floor":5.0},{"not_picked":["Defy+1","Initiator"],"picked":"Alleviate+1","floor":6.0},{"not_picked":["FastForward+1","Alleviate+1"],"picked":"Rearm+1","floor":7.0},{"not_picked":["GearUp+1","Unruled"],"picked":"FastForward+1","floor":8.0},{"not_picked":["StarChef","Snipe"],"picked":"BestPractice","floor":10.0},{"not_picked":["Gouge","ShatteredReality"],"picked":"Ricochet","floor":13.0},{"not_picked":["Replace+1","Starlight","Unruled"],"picked":"SKIP","floor":14.0},{"not_picked":["Solidify+1","Duplication+1"],"picked":"TheWorld+1","floor":16.0},{"not_picked":["Read+1","Defy+1"],"picked":"SilverBlades","floor":18.0},{"not_picked":["Hightail+1","Alleviate+1"],"picked":"SilverBlades","floor":20.0},{"not_picked":["Defy+1","DoubleEdge","Spin+1"],"picked":"SKIP","floor":21.0},{"not_picked":["SpecialFormula+1","Collapse"],"picked":"FloweringNight","floor":23.0},{"not_picked":["BestPractice+1","Revamp+1"],"picked":"SurpressingFire","floor":25.0},{"not_picked":["Streamline+1","Defragment"],"picked":"SurpressingFire","floor":28.0},{"not_picked":["Spin","Multi-Cast+1"],"picked":"Barrier+1","floor":30.0},{"not_picked":["Rewind+1","Stack+1"],"picked":"Turbo+1","floor":31.0},{"not_picked":["Reboot+1","All For One"],"picked":"Embodiment","floor":33.0},{"not_picked":["Alleviate+1","Ricochet","Unruled"],"picked":"SKIP","floor":35.0},{"not_picked":["Rearm+1","Ricochet+1"],"picked":"SilverBlades","floor":36.0},{"not_picked":["MurderousAura","Starlight+1"],"picked":"DoubleEdge+1","floor":36.0},{"not_picked":["Go for the Eyes","ReplayRNGCard+1"],"picked":"BestPractice+1","floor":36.0},{"not_picked":["WasteNot+1","Stack+1"],"picked":"Reset+1","floor":36.0},{"not_picked":["Seek+1","Recycle+1"],"picked":"ReplaySolidLightProjector+1","floor":38.0},{"not_picked":["Redo+1","Shuttle+1"],"picked":"Recycle+1","floor":41.0},{"not_picked":["Replace+1","Chaos+1"],"picked":"All For One","floor":42.0},{"not_picked":["Replace+1","Starlight","FastForward+1"],"picked":"SKIP","floor":44.0},{"not_picked":["Initiator","Streamline"],"picked":"SpecialFormula+1","floor":46.0},{"not_picked":["Alleviate+1","Starlight"],"picked":"StarChef","floor":47.0},{"not_picked":["FastForward+1","Ricochet","Gouge"],"picked":"SKIP","floor":1},{"not_picked":["WasteNot","Sabotage"],"picked":"KillingDoll","floor":2},{"not_picked":["Collapse","Read+1"],"picked":"BottledTime+1","floor":5},{"not_picked":["Solidify+1","FloweringNight"],"picked":"Advance+1","floor":6},{"not_picked":["Spin","StarChef","TimeWarp"],"picked":"SKIP","floor":7},{"not_picked":["DoubleEdge","Rearm+1"],"picked":"Contraction+1","floor":11},{"not_picked":["Potential","Spin","DoubleEdge"],"picked":"SKIP","floor":13},{"not_picked":["FloweringNight","Deny+1"],"picked":"FlawlessForm","floor":16},{"not_picked":["Revamp+1","Foresight+1"],"picked":"ShiftingGears+1","floor":21}],"player_experience":553243,"relics_obtained":[{"floor":1.0,"key":"LetterFromLob"},{"floor":6.0,"key":"Toxic Egg 2"},{"floor":8.0,"key":"Girya"},{"floor":9.0,"key":"White Beast Statue"},{"floor":12.0,"key":"TungstenRod"},{"floor":23.0,"key":"aspiration:Nostalgia"},{"floor":26.0,"key":"HornCleat"},{"floor":30.0,"key":"aspiration:FetidBarrel"},{"floor":34.0,"key":"aspiration:HatOfInfinitePower"},{"floor":34.0,"key":"Matryoshka"},{"floor":34.0,"key":"Vajra"},{"floor":37.0,"key":"Pet Ghost"},{"floor":38.0,"key":"Onion Ring"},{"floor":42.0,"key":"Divine Protection"},{"floor":45.0,"key":"Bag of Marbles"},{"floor":46.0,"key":"Bottled Lightning"},{"floor":1,"key":"LetterFromLob"},{"floor":6,"key":"aspiration:Lifesprig"},{"floor":9,"key":"Whetstone"},{"floor":21,"key":"Toy Ornithopter"}],"event_choices":[{"damage_healed":0.0,"max_hp_gain":0.0,"max_hp_loss":0.0,"gold_gain":0.0,"event_name":"yidonshenshe","player_choice":"»˚«Æ","floor":3.0,"gold_loss":40.0,"damage_taken":0.0,"relics_obtained":["PaintedHorse:ReiMu"]},{"damage_healed":0.0,"max_hp_gain":0.0,"max_hp_loss":0.0,"gold_gain":0.0,"event_name":"Upgrade Shrine","player_choice":"Upgraded","floor":19.0,"gold_loss":0.0,"damage_taken":0.0,"cards_upgraded":["SilverBlades"]},{"damage_healed":0.0,"max_hp_gain":0.0,"max_hp_loss":0.0,"gold_gain":0.0,"event_name":"N\u0027loth","player_choice":"Traded Relic","floor":22.0,"relics_lost":["White Beast Statue"],"gold_loss":0.0,"damage_taken":0.0,"relics_obtained":["Nloth\u0027s Gift"]},{"damage_healed":0,"gold_gain":0,"player_choice":"Gave Potion","damage_taken":0,"relics_obtained":["Replay:Mystery Machine"],"max_hp_gain":0,"max_hp_loss":0,"event_name":"WeMeetAgain","floor":3,"gold_loss":0},{"damage_healed":0,"gold_gain":0,"cards_transformed":["Starlight"],"player_choice":"Transformed","damage_taken":0,"max_hp_gain":0,"max_hp_loss":0,"event_name":"Transmorgrifier","floor":14,"gold_loss":0,"cards_obtained":["Snipe"]}],"is_beta":false,"boss_relics":[{"not_picked":["SacredBark","Replay:Drink Me"],"picked":"Snecko Heart"},{"not_picked":["Kintsugi","Fusion Hammer"],"picked":"Replay:Grab Bag"},{"not_picked":["Cursed Key","SlaversCollar"],"picked":"Coffee Dripper"},{"not_picked":["Busted Crown","Sozu"],"picked":"Runic Dome"},{"not_picked":["aspiration:SecretTechniqueScroll","Tiny House"],"picked":"Calling Bell"}],"items_purged_floors":[2,27,4],"is_endless":false,"potions_floor_spawned":[1,7,8,10,13,14,16,18,20,21,30,35,42,47,2,5,6,7],"ascension_level":0}}