{"host":"g2yp6paluzgljz05","time":1611114462,"event":{"mods":["BaseMod","Bestiary","Colored Powertips","DeckTracker","Highlight Path","Minty Spire (QoL Compilation)","Quick Restart"],"gold_per_floor":[99,10,10,10,10,10,10,10,10,10,10,10,10,10,10,10,10,0,0,0,0,0,0,0,0],"floor_reached":24,"language":"ENG","playtime":758,"items_purged":[],"score":302,"play_id":"24e2ccd3-12dd-46f8-82a3-3f9b577c6f6f","local_time":"20210120144742","is_ascension_mode":true,"campfire_choices":[{"data":"Perfected Strike","floor":6,"key":"SMITH"},{"data":"Perfected Strike","floor":8,"key":"SMITH"},{"floor":15,"key":"REST"},{"data":"Demon Form","floor":23,"key":"SMITH"}],"circlet_count":0,"master_deck":["Strike_R","Strike_R","Strike_R","Strike_R","Strike_R","Defend_R","Defend_R","Defend_R","Bash","Perfected Strike+1","Flash of Steel","Perfected Strike+1","Intimidate","True Grit","Demon Form+1","Pommel Strike+1","Shame","Ghostly","Ghostly","Ghostly","Ghostly","Ghostly"],"relics":["Ectoplasm","Lantern","Potion Belt","Mark of Pain","Ancient Tea Set"],"acts_visited":["Exordium","TheCity"],"potions_floor_usage":[16,16],"damage_taken":[{"damage":2,"enemies":"2 Louse","floor":1,"turns":2},{"damage":7,"enemies":"Jaw Worm","floor":3,"turns":2},{"damage":0,"enemies":"Cultist","floor":4,"turns":3},{"damage":12,"enemies":"Exordium Wildlife","floor":5,"turns":3},{"damage":30,"enemies":"Lagavulin","floor":7,"turns":4},{"damage":0,"enemies":"Gremlin Nob","floor":12,"turns":2},{"damage":1,"enemies":"2 Fungi Beasts","floor":13,"turns":2},{"damage":3,"enemies":"Blue Slaver","floor":14,"turns":2},{"damage":36,"enemies":"Hexaghost","floor":16,"turns":6},{"damage":17,"enemies":"2 Thieves","floor":18,"turns":4},{"damage":23,"enemies":"Shell Parasite","floor":21,"turns":3},{"damage":40,"enemies":"Gremlin Leader","floor":24,"turns":4}],"seed_played":"-1071202722001724556","potions_obtained":[{"floor":1,"key":"ElixirPotion"},{"floor":3,"key":"BloodPotion"},{"floor":12,"key":"EssenceOfSteel"},{"floor":13,"key":"Explosive Potion"},{"floor":16,"key":"BloodPotion"}],"is_trial":false,"path_per_floor":["M","$","M","M","M","R","E","R","T","?","?","E","M","M","R","B",null,"M","$","?","M","?","R","E"],"character_chosen":"IRONCLAD","items_purchased":["Flash of Steel"],"campfire_rested":1,"item_purchase_floors":[2],"current_hp_per_floor":[78,78,71,71,59,59,29,29,29,29,29,29,28,25,49,29,80,63,63,63,40,40,40,0,0],"gold":0,"neow_bonus":"BOSS_RELIC","is_daily":false,"chose_seed":false,"campfire_upgraded":3,"win_rate":0.0,"timestamp":1611114462,"path_taken":["M","$","M","M","M","R","E","R","T","?","?","E","M","?","R","BOSS","M","$","?","M","?","R","E"],"items_purchased_type":["Card"],"build_version":"2020-12-22","purchased_purges":0,"victory":false,"max_hp_per_floor":[80,80,80,80,80,80,80,80,80,80,80,80,80,80,80,80,80,80,80,80,80,40,40,40,40],"card_choices":[{"not_picked":["Disarm","Headbutt"],"picked":"Perfected Strike","floor":1},{"not_picked":["Whirlwind","Sever Soul","Sword Boomerang"],"picked":"SKIP","floor":3},{"not_picked":["Heavy Blade","Wild Strike"],"picked":"Perfected Strike","floor":4},{"not_picked":["Entrench","Sentinel","Rampage"],"picked":"SKIP","floor":5},{"not_picked":["Anger","Heavy Blade","Armaments"],"picked":"SKIP","floor":7},{"not_picked":["Thunderclap","Armaments"],"picked":"Intimidate","floor":12},{"not_picked":["Twin Strike","Body Slam"],"picked":"True Grit","floor":13},{"not_picked":["Brutality","Fire Breathing","Hemokinesis"],"picked":"SKIP","floor":14},{"not_picked":["Juggernaut","Double Tap"],"picked":"Demon Form","floor":16},{"not_picked":["Sentinel","Havoc+1"],"picked":"Pommel Strike+1","floor":18},{"not_picked":["Wild Strike","Infernal Blade","Anger"],"picked":"SKIP","floor":21}],"player_experience":229190,"relics_obtained":[{"floor":7,"key":"Lantern"},{"floor":12,"key":"Potion Belt"}],"event_choices":[{"cards_removed":["Defend_R"],"damage_healed":0,"gold_gain":0,"player_choice":"Forget","damage_taken":0,"max_hp_gain":0,"max_hp_loss":0,"event_name":"Living Wall","floor":10,"gold_loss":0},{"damage_healed":0,"gold_gain":0,"player_choice":"Ignored","damage_taken":0,"max_hp_gain":0,"max_hp_loss":0,"event_name":"Golden Shrine","floor":11,"gold_loss":0},{"damage_healed":0,"gold_gain":0,"player_choice":"Stole Relic","damage_taken":0,"relics_obtained":["Ancient Tea Set"],"max_hp_gain":0,"max_hp_loss":0,"event_name":"Addict","floor":20,"gold_loss":0,"cards_obtained":["Shame"]},{"damage_healed":0,"gold_gain":0,"player_choice":"Became a Ghost","damage_taken":0,"max_hp_gain":0,"max_hp_loss":40,"event_name":"Ghosts","floor":22,"gold_loss":0,"cards_obtained":["Ghostly","Ghostly","Ghostly","Ghostly","Ghostly"]}],"is_beta":false,"boss_relics":[{"not_picked":["Tiny House","Runic Dome"],"picked":"Mark of Pain"}],"items_purged_floors":[],"is_endless":false,"potions_floor_spawned":[1,3,12,13,16],"killed_by":"Gremlin Leader","ascension_level":4}}