{"host":"7qoz5gmva6til3yp","time":1611157048,"event":{"mods":["AchievementEnabler","BaseMod","Minty Spire (QoL Compilation)","StSLib","SuperFastMode"],"gold_per_floor":[109,128,53,128,128,156,156,183,263,263,281,294,294,319,319,421,421,433,443,456,30,30,58,58,87,87,131,143,155,167,179,191,203,203],"floor_reached":33,"language":"KOR","playtime":907,"items_purged":["Strike_G","Strike_G"],"score":422,"play_id":"819338ba-244e-4d42-8409-988fa405464f","local_time":"20210121003728","is_ascension_mode":true,"campfire_choices":[{"data":"Neutralize","floor":7,"key":"SMITH"},{"data":"Survivor","floor":10,"key":"SMITH"},{"floor":13,"key":"REST"},{"data":"Malaise","floor":15,"key":"SMITH"},{"floor":28,"key":"REST"},{"floor":32,"key":"REST"}],"circlet_count":0,"master_deck":["Strike_G","Strike_G","Strike_G","Defend_G+1","Defend_G","Defend_G","Survivor+1","Neutralize+1","Deadly Poison+1","Bane","Deflect","Malaise+1","Reflex","Poisoned Stab","Corpse Explosion","PiercingWail","Tactician","Acrobatics"],"relics":["Ring of the Snake","NeowsBlessing","War Paint","Mango","Odd Mushroom","Bottled Lightning","StoneCalendar","Empty Cage","Lantern","Sling","Oddly Smooth Stone","Shuriken","Vajra","MawBank","Bag of Preparation"],"acts_visited":["Exordium","TheCity"],"potions_floor_usage":[16,16,20,33,33],"damage_taken":[{"damage":0.0,"enemies":"Small Slimes","floor":1.0,"turns":1.0},{"damage":0.0,"enemies":"Jaw Worm","floor":2.0,"turns":1.0},{"damage":0,"enemies":"Gremlin Nob","floor":6,"turns":1},{"damage":27,"enemies":"The Mushroom Lair","floor":8,"turns":6},{"damage":0,"enemies":"2 Louse","floor":11,"turns":3},{"damage":0,"enemies":"Exordium Wildlife","floor":12,"turns":3},{"damage":16,"enemies":"3 Sentries","floor":14,"turns":14},{"damage":4,"enemies":"The Guardian","floor":16,"turns":12},{"damage":15,"enemies":"Spheric Guardian","floor":18,"turns":5},{"damage":6,"enemies":"Shell Parasite","floor":19,"turns":6},{"damage":17,"enemies":"Snake Plant","floor":20,"turns":5},{"damage":0,"enemies":"Slavers","floor":23,"turns":1},{"damage":11,"enemies":"Gremlin Leader","floor":25,"turns":7},{"damage":25,"enemies":"Slavers","floor":27,"turns":3},{"damage":17,"enemies":"Colosseum Slavers","floor":31,"turns":5},{"damage":45,"enemies":"Automaton","floor":33,"turns":6}],"seed_played":"-2949629022884019612","potions_obtained":[{"floor":1.0,"key":"SkillPotion"},{"floor":8,"key":"EssenceOfSteel"},{"floor":14,"key":"AttackPotion"},{"floor":16,"key":"EssenceOfSteel"},{"floor":20,"key":"LiquidBronze"}],"is_trial":false,"path_per_floor":["M","M","$","?","?","E","R","?","T","R","M","M","R","E","R","B",null,"M","M","M","$","?","E","$","E","T","E","R","$","?","?","R","B"],"character_chosen":"THE_SILENT","items_purchased":["Lantern","Sling","Tactician"],"campfire_rested":3,"item_purchase_floors":[21,21,21],"current_hp_per_floor":[70,70,70,59,34,48,48,21,21,21,21,21,46,30,30,26,84,69,63,46,46,46,46,46,35,35,10,35,35,35,18,43,0,0],"gold":203,"neow_bonus":"THREE_ENEMY_KILL","is_daily":false,"chose_seed":false,"campfire_upgraded":3,"win_rate":0.0,"timestamp":1611157048,"path_taken":["M","M","$","?","?","E","R","?","T","R","M","M","R","E","R","BOSS","M","M","M","$","?","E","$","E","T","E","R","$","?","?","R","BOSS"],"items_purchased_type":["Relic","Relic","Card"],"build_version":"2020-12-22","purchased_purges":2,"victory":false,"max_hp_per_floor":[70,70,70,70,70,84,84,84,84,84,84,84,84,84,84,84,84,84,84,84,84,84,84,84,84,84,84,84,84,84,84,84,84,84],"card_choices":[{"not_picked":["Endless Agony","Poisoned Stab"],"picked":"Deadly Poison","floor":1.0},{"not_picked":["PiercingWail","Concentrate","Expertise"],"picked":"SKIP","floor":2.0},{"not_picked":["PiercingWail","Cloak And Dagger"],"picked":"Bane","floor":6},{"not_picked":["Blade Dance","Deadly Poison"],"picked":"Deflect","floor":8},{"not_picked":["Deflect","Underhanded Strike"],"picked":"Malaise","floor":11},{"not_picked":["Predator","Dodge and Roll"],"picked":"Reflex","floor":12},{"not_picked":["Unload","Die Die Die"],"picked":"Poisoned Stab","floor":14},{"not_picked":["Envenom","Tools of the Trade"],"picked":"Corpse Explosion","floor":16},{"not_picked":["Dodge and Roll","Cloak And Dagger","Deadly Poison"],"picked":"SKIP","floor":18},{"not_picked":["All Out Attack","Endless Agony","Deflect"],"picked":"SKIP","floor":19},{"not_picked":["Distraction","Cloak And Dagger"],"picked":"PiercingWail","floor":20},{"not_picked":["Riddle With Holes","PiercingWail","Footwork"],"picked":"SKIP","floor":23},{"not_picked":["Infinite Blades","Backstab","Choke"],"picked":"SKIP","floor":25},{"not_picked":["Skewer","Slice"],"picked":"Acrobatics","floor":27}],"player_experience":409245,"relics_obtained":[{"floor":6,"key":"Mango"},{"floor":8,"key":"Odd Mushroom"},{"floor":9,"key":"Bottled Lightning"},{"floor":14,"key":"StoneCalendar"},{"floor":23,"key":"Shuriken"},{"floor":25,"key":"Vajra"},{"floor":26,"key":"MawBank"},{"floor":27,"key":"Bag of Preparation"}],"event_choices":[{"damage_healed":0.0,"max_hp_gain":0.0,"max_hp_loss":0.0,"gold_gain":75.0,"event_name":"World of Goop","player_choice":"Gather Gold","floor":4.0,"gold_loss":0.0,"damage_taken":11.0},{"damage_healed":0,"gold_gain":0,"player_choice":"Success","damage_taken":25,"relics_obtained":["War Paint"],"max_hp_gain":0,"max_hp_loss":0,"event_name":"Scrap Ooze","floor":5,"gold_loss":0},{"damage_healed":0,"gold_gain":0,"player_choice":"Fought Mushrooms","damage_taken":0,"max_hp_gain":0,"max_hp_loss":0,"event_name":"Mushrooms","floor":8,"gold_loss":0},{"damage_healed":0,"gold_gain":0,"player_choice":"Opened","damage_taken":0,"relics_obtained":["Oddly Smooth Stone"],"max_hp_gain":0,"max_hp_loss":0,"event_name":"The Mausoleum","floor":22,"gold_loss":0,"cards_obtained":["Writhe"]},{"damage_healed":0,"gold_gain":0,"player_choice":"Ignored","damage_taken":0,"max_hp_gain":0,"max_hp_loss":0,"event_name":"Ghosts","floor":30,"gold_loss":0},{"damage_healed":0,"gold_gain":0,"player_choice":"Fight","damage_taken":0,"max_hp_gain":0,"max_hp_loss":0,"event_name":"Colosseum","floor":31,"gold_loss":0},{"damage_healed":0,"gold_gain":0,"player_choice":"Fled From Nobs","damage_taken":0,"max_hp_gain":0,"max_hp_loss":0,"event_name":"Colosseum","floor":31,"gold_loss":0}],"is_beta":false,"boss_relics":[{"not_picked":["HoveringKite","WristBlade"],"picked":"Empty Cage"}],"items_purged_floors":[3,21],"is_endless":false,"potions_floor_spawned":[1,8,14,16,20,31],"killed_by":"Automaton","ascension_level":2}}