{"host":"vra53s4gynvpqhud","time":1611184849,"event":{"mods":["100% Spire Juice","A Magickal Journey","AchievementEnabler","Arknights The Spire","Aspiration","Astrologer","Bard","BaseMod","Better Match","Better Third Choice","BetterRewards","Conspire","Duelist Mod","Energized Spire","Evolution","Friendly Minions","GifTheSpireLib","Hermit","HexUI Lib","Highlight Path","Hubris","Infinite Spire","Jorbs\u0027s Wanderer Trilogy","Mad Scientist","Magitek Elite","Mathematician","Minty Spire (QoL Compilation)","Permanent Neow","Poor People Problems","Quick Restart","Rare Cards Sparkle","Remove Card Discount Mod","Replay The Spire","Shop Mod","Somnambulant","Spicy Shops","StSLib","The Bug Knight","The Cursed","The Gatherer","The Hierophant","The Jungle","The Necromancer","The Poker Player","The Runesmith","egg"],"gold_per_floor":[116,291,94,94,131,131,162,176,230,230,243,243,260,272,272,11,11,22,22,39,39,57,57,71,99,99,113,113,109,109,109,109,206,206,217,217,177,188,205,217,232,158,185,196,214,214,214,243,243,243],"floor_reached":51,"language":"ENG","playtime":2806,"items_purged":["Moonworks:Assault","Doubt","Moonworks:Ambush","Moonworks:Assault","Moonworks:Assault","Moonworks:Assault","Moonworks:Defend","Moonworks:CloudOfSeagulls","Moonworks:Defend","Moonworks:CloudOfSeagulls+1","Parasite"],"score":849,"play_id":"d0186ee8-9dbc-4c9b-b9e9-3413da25cad7","local_time":"20210120182049","is_ascension_mode":false,"campfire_choices":[{"data":"Moonworks:RagingMadness","floor":6,"key":"SMITH"},{"data":"Moonworks:TacticalRetreat","floor":10,"key":"SMITH"},{"floor":12,"key":"REST"},{"floor":15,"key":"REST"},{"floor":23,"key":"REST"},{"floor":32,"key":"REST"},{"data":"infinitespire:FutureSight","floor":46,"key":"SMITH"},{"floor":49,"key":"REST"}],"circlet_count":0,"master_deck":["infinitespire:Collect+1","Moonworks:Defend","Moonworks:LongDistanceShot","Moonworks:RagingMadness+1","Moonworks:TacticalRetreat+1","Moonworks:LulusLuckyEgg","Moonworks:RedAndBlue","Moonworks:JonathanRush","Moonworks:Flamethrower","Moonworks:JonathanRush","Moonworks:JonathanRush","Moonworks:NicePresent","Moonworks:StarBlastingFuse","Moonworks:EvilSpyWorkPreparation+1","Moonworks:EvilSpyWorkPreparation","Moonworks:DeployBits","Moonworks:Dash+1","Moonworks:Heat300Percent","Moonworks:MetallicMonocoque+1","infinitespire:FutureSight+1","Moonworks:JonathanRush","Moonworks:ReflectiveShell","Moonworks:JonathanRush","Moonworks:BigBangBell","Moonworks:NicePresent+1","Moonworks:TreasureThief+1"],"relics":["Moonworks:BrokenBomb","Moonworks:Homemark","EVO:Axolotl","aspiration:Nostalgia","Cracked Core","Replay:PocketPolymizer","aspiration:DSix","Angel_Ring","Gem_Box","ReplayTheSpireMod:TigerMarble","hubris:Reverence","hubris:Metronome","Ice Cream","Bag of Preparation","Sundial"],"acts_visited":["Exordium","TheCity","TheBeyond"],"potions_floor_usage":[20,22,22,27,40,41,48,50,50],"damage_taken":[{"damage":0,"enemies":"Small Slimes","floor":1,"turns":2},{"damage":18,"enemies":"conspire:MimicChest","floor":5,"turns":6},{"damage":20,"enemies":"Replay:BlueRogue","floor":7,"turns":5},{"damage":8,"enemies":"Jaw Worm","floor":8,"turns":3},{"damage":4,"enemies":"conspire:RoseBush","floor":11,"turns":3},{"damage":12,"enemies":"2 Fungi Beasts","floor":13,"turns":3},{"damage":0,"enemies":"Large Slime","floor":14,"turns":4},{"damage":0,"enemies":"Fading Forest","floor":16,"turns":11},{"damage":0,"enemies":"Spheric Guardian","floor":18,"turns":2},{"damage":0,"enemies":"Chosen","floor":20,"turns":3},{"damage":51,"enemies":"Snecko","floor":22,"turns":4},{"damage":0,"enemies":"Chosen and Byrds","floor":24,"turns":2},{"damage":0,"enemies":"theDuelist:KaibaA2","floor":25,"turns":3},{"damage":0,"enemies":"Shelled Parasite and Fungi","floor":27,"turns":2},{"damage":21,"enemies":"hubris:MusketHawk","floor":33,"turns":6},{"damage":0,"enemies":"3 Darklings","floor":35,"turns":5},{"damage":0,"enemies":"Orb Walker","floor":38,"turns":2},{"damage":0,"enemies":"Transient","floor":39,"turns":5},{"damage":0,"enemies":"Writhing Mass","floor":40,"turns":4},{"damage":0,"enemies":"Maw","floor":41,"turns":6},{"damage":0,"enemies":"Sphere and 2 Shapes","floor":44,"turns":2},{"damage":0,"enemies":"Jaw Worm Horde","floor":45,"turns":2},{"damage":11,"enemies":"Giant Head","floor":48,"turns":4},{"damage":2,"enemies":"hubris:GrandSnecko","floor":50,"turns":9}],"seed_played":"4641849288041830144","potions_obtained":[{"floor":11,"key":"Languid Potion"},{"floor":13,"key":"Fire Potion"},{"floor":16,"key":"Moonworks:OneHundredPercentOrangeJuicePotion"},{"floor":18,"key":"BlessingOfTheForge"},{"floor":24,"key":"Explosive Potion"},{"floor":33,"key":"Adrenaline Potion"},{"floor":38,"key":"Energy Potion"},{"floor":40,"key":"Block Potion"},{"floor":41,"key":"Strength Potion"},{"floor":44,"key":"Swift Potion"}],"is_trial":false,"path_per_floor":["M","?","$","?","?","R","E","M","T","R","M","R","M","M","R","B",null,"M","?","M","?","M","R","M","E","T","M","?","$","?","T","R","B",null,"M","AVR","?","M","M","M","M","$","T","M","M","R","?","E","R","B",null],"character_chosen":"THE_STARBREAKER","items_purchased":["Moonworks:RagingMadness","Moonworks:CloudOfSeagulls+1","Moonworks:TacticalRetreat","Moonworks:BigBangBell"],"campfire_rested":5,"item_purchase_floors":[3,3,3,42],"current_hp_per_floor":[60,60,60,60,42,42,42,48,48,48,44,60,48,48,60,60,60,60,52,52,52,20,38,38,38,38,38,38,38,38,38,56,35,60,60,60,60,60,60,60,60,57,57,57,57,57,57,46,57,55],"gold":243,"neow_bonus":"NOSTALGIA","is_daily":false,"chose_seed":false,"campfire_upgraded":3,"win_rate":0.0,"timestamp":1611184849,"path_taken":["M","?","$","?","?","R","E","M","T","R","M","R","M","M","R","BOSS","M","?","M","?","M","R","M","E","T","M","?","$","?","?","R","BOSS","M","AVR","?","M","M","M","M","$","T","M","?","R","?","E","R","BOSS"],"items_purchased_type":["Card","Card","Card","Card"],"build_version":"2020-12-22","purchased_purges":11,"victory":true,"max_hp_per_floor":[60,60,60,60,60,60,60,60,60,60,60,60,60,60,60,60,60,60,60,60,60,60,60,60,60,60,60,60,60,60,60,60,60,60,60,60,60,60,60,60,60,57,57,57,57,57,57,57,57,57],"card_choices":[{"not_picked":["Moonworks:MiracleWalker","Moonworks:FinalSurgery"],"picked":"Moonworks:CloudOfSeagulls","floor":1},{"not_picked":["Moonworks:NicePresent","Moonworks:Poppoformation"],"picked":"Moonworks:LulusLuckyEgg","floor":5},{"not_picked":["Moonworks:FullSpeedAlicianrone","Moonworks:UnpaidWork"],"picked":"Moonworks:RedAndBlue","floor":7},{"not_picked":["Moonworks:CloudOfSeagulls","Moonworks:BigMagnum"],"picked":"Moonworks:JonathanRush","floor":8},{"not_picked":["Moonworks:SelfDestruct","Moonworks:UnpaidWork"],"picked":"Moonworks:JonathanRush","floor":11},{"not_picked":["Moonworks:LulusLuckyEgg","Moonworks:IndiscriminateFireSupport"],"picked":"Moonworks:JonathanRush","floor":13},{"not_picked":["Moonworks:AnotherUltimateWeapon","Moonworks:CompletionReward"],"picked":"Moonworks:NicePresent","floor":14},{"not_picked":["Moonworks:HolyNight","Moonworks:AccelHyper"],"picked":"Moonworks:StarBlastingFuse","floor":16},{"not_picked":["Moonworks:LulusLuckyEgg+1","Moonworks:BigBangBell"],"picked":"Moonworks:EvilSpyWorkPreparation","floor":18},{"not_picked":["Moonworks:JonathanRush","Moonworks:AwakeningOfTalent+1"],"picked":"Moonworks:EvilSpyWorkPreparation","floor":19},{"not_picked":["Moonworks:IndiscriminateFireSupport+1","Moonworks:EvilSpyWorkPreparation","Moonworks:BigMagnum+1"],"picked":"SKIP","floor":20},{"not_picked":["Moonworks:ForcedRevival","Moonworks:Wanted","Moonworks:AngelHand"],"picked":"SKIP","floor":22},{"not_picked":["Moonworks:Bloodlust","Moonworks:ImOnFire"],"picked":"Moonworks:DeployBits","floor":24},{"not_picked":["Moonworks:MixPhenomenon","Moonworks:CastOff"],"picked":"Moonworks:Dash+1","floor":25},{"not_picked":["Moonworks:BigMagnum","Moonworks:EvilSpyWorkPreparation"],"picked":"Moonworks:Heat300Percent","floor":27},{"not_picked":["Moonworks:HolyNight","Moonworks:EvilMastermind"],"picked":"Moonworks:MetallicMonocoque","floor":33},{"not_picked":["Moonworks:UnluckyCharm+1","Moonworks:EvilSpyWorkPreparation+1","Moonworks:SealedMemories+1"],"picked":"SKIP","floor":35},{"not_picked":["Moonworks:EvilSpyWorkPreparation","Moonworks:BeyondHell+1"],"picked":"Moonworks:JonathanRush","floor":38},{"not_picked":["Moonworks:ReproductionOfRecords+1","Moonworks:ImOnFire+1","Moonworks:LulusLuckyEgg+1"],"picked":"SKIP","floor":39},{"not_picked":["Moonworks:SakisCookie+1","Moonworks:EvilSpyWorkPreparation+1"],"picked":"Moonworks:ReflectiveShell","floor":40},{"not_picked":["Moonworks:BigMagnum+1","Moonworks:BindingChains"],"picked":"Moonworks:JonathanRush","floor":41},{"not_picked":["Moonworks:Dinner+1","Moonworks:ImOnFire+1"],"picked":"Moonworks:NicePresent+1","floor":44},{"not_picked":["Moonworks:ForcedRevival+1","Moonworks:BigMagnum","Moonworks:ReproductionOfRecords+1"],"picked":"SKIP","floor":45},{"not_picked":["Moonworks:NicePresent","Moonworks:Gamble"],"picked":"Moonworks:TreasureThief+1","floor":48}],"player_experience":211184,"relics_obtained":[{"floor":5,"key":"Replay:PocketPolymizer"},{"floor":7,"key":"aspiration:DSix"},{"floor":9,"key":"Angel_Ring"},{"floor":25,"key":"ReplayTheSpireMod:TigerMarble"},{"floor":26,"key":"hubris:Reverence"},{"floor":31,"key":"hubris:Metronome"},{"floor":43,"key":"Bag of Preparation"},{"floor":48,"key":"Sundial"}],"event_choices":[{"damage_healed":0,"gold_gain":175,"player_choice":"AGREE","damage_taken":116,"max_hp_gain":0,"max_hp_loss":0,"event_name":"betterThird:BetterSerpent","floor":2,"gold_loss":0},{"damage_healed":0,"gold_gain":0,"player_choice":"Upgrade","damage_taken":0,"max_hp_gain":0,"max_hp_loss":0,"event_name":"Designer","floor":37,"gold_loss":40,"cards_upgraded":["Moonworks:MetallicMonocoque"]},{"damage_healed":0,"gold_gain":0,"player_choice":"Leave","damage_taken":0,"max_hp_gain":0,"max_hp_loss":0,"event_name":"conspire:Investor","floor":47,"gold_loss":0}],"is_beta":false,"boss_relics":[{"not_picked":["Runic Pyramid","energizedSpire:MagnifyingGlass"],"picked":"Gem_Box"},{"not_picked":["Honey Jar","Replay:Fungal Core","ReplayTheSpireMod:SealedPack"]}],"items_purged_floors":[3,3,3,3,3,3,3,29,29,42,42],"is_endless":false,"potions_floor_spawned":[1,11,13,16,18,24,33,38,40,41,44],"ascension_level":0}}