{"host":"tjq6rykv202u6iqx","time":1611104560,"event":{"mods":["AchievementEnabler","BaseMod","Minty Spire (QoL Compilation)","Rare Cards Sparkle","Relic Stats"],"gold_per_floor":[12,25,25,38,38,76,76,117,117,138,179,204,243,259,259,348,348,371,384,221,221,235,269,290,331,331,366,391,430,430,449,449,539,539,559,559,575,593,348,383,401,435,435,435,478,478,478,503,503,503,503,503,7,59,59],"floor_reached":56,"language":"ENG","playtime":11495,"items_purged":["Clash","Perfected Strike+1"],"score":2383,"play_id":"6c642a15-435e-4c19-a7e3-62ed35977ce8","local_time":"20210119190240","is_ascension_mode":true,"campfire_choices":[{"data":"Pommel Strike","floor":7,"key":"SMITH"},{"data":"Perfected Strike","floor":15,"key":"SMITH"},{"data":"Limit Break","floor":30,"key":"SMITH"},{"data":"Shockwave","floor":32,"key":"SMITH"},{"floor":44,"key":"DIG"},{"floor":46,"key":"DIG"},{"floor":49,"key":"RECALL"},{"floor":52,"key":"DIG"}],"circlet_count":0,"master_deck":["AscendersBane","Bash","Second Wind","Metallicize","Anger","Pommel Strike+1","Shockwave+1","Offering","Reaper","Power Through","Limit Break+1","Twin Strike","Impervious","Double Tap","Exhume","Burning Pact","Bloodletting","Power Through","Hemokinesis","Body Slam+1","Shrug It Off","Feel No Pain","J.A.X.+1","Pummel","Dropkick","Evolve+1","Thunderclap+1","Fiend Fire","Feel No Pain","Burning Pact+1","Sentinel+1","Sever Soul+1","Entrench+1","Flame Barrier","Headbutt+1"],"relics":["Burning Blood","Golden Idol","Kunai","Shovel","Thread and Needle","Du-Vu Doll","Calipers","Pandora\u0027s Box","Darkstone Periapt","Peace Pipe","Vajra","Lantern","Cursed Key","Omamori","PreservedInsect","Unceasing Top","CeramicFish","Ornamental Fan","Paper Frog","TungstenRod","Bottled Flame","Shuriken","War Paint","Sling","Letter Opener"],"acts_visited":["Exordium","TheCity","TheBeyond","TheEnding"],"potions_floor_usage":[6,14,25,29,31,55,55],"damage_taken":[{"damage":8,"enemies":"Jaw Worm","floor":1,"turns":4},{"damage":0,"enemies":"Cultist","floor":2,"turns":3},{"damage":0,"enemies":"2 Louse","floor":4,"turns":2},{"damage":27,"enemies":"3 Sentries","floor":6,"turns":11},{"damage":8,"enemies":"Lagavulin","floor":8,"turns":7},{"damage":9,"enemies":"Gremlin Gang","floor":10,"turns":5},{"damage":18,"enemies":"3 Sentries","floor":11,"turns":7},{"damage":9,"enemies":"Exordium Thugs","floor":12,"turns":3},{"damage":15,"enemies":"Gremlin Nob","floor":13,"turns":3},{"damage":7,"enemies":"Red Slaver","floor":14,"turns":5},{"damage":12,"enemies":"Slime Boss","floor":16,"turns":10},{"damage":18,"enemies":"2 Thieves","floor":18,"turns":3},{"damage":8,"enemies":"Chosen","floor":19,"turns":3},{"damage":13,"enemies":"Centurion and Healer","floor":22,"turns":6},{"damage":14,"enemies":"Gremlin Leader","floor":23,"turns":4},{"damage":9,"enemies":"Snecko","floor":24,"turns":7},{"damage":22,"enemies":"Book of Stabbing","floor":25,"turns":4},{"damage":12,"enemies":"Gremlin Leader","floor":27,"turns":5},{"damage":17,"enemies":"Snake Plant","floor":28,"turns":3},{"damage":42,"enemies":"Slavers","floor":29,"turns":8},{"damage":9,"enemies":"Sentry and Sphere","floor":31,"turns":4},{"damage":32,"enemies":"Champ","floor":33,"turns":9},{"damage":19,"enemies":"3 Shapes","floor":35,"turns":5},{"damage":8,"enemies":"Orb Walker","floor":37,"turns":3},{"damage":9,"enemies":"Transient","floor":38,"turns":6},{"damage":20,"enemies":"Nemesis","floor":40,"turns":5},{"damage":15,"enemies":"Sphere and 2 Shapes","floor":41,"turns":4},{"damage":23,"enemies":"Giant Head","floor":42,"turns":7},{"damage":27,"enemies":"Nemesis","floor":45,"turns":9},{"damage":5,"enemies":"Maw","floor":48,"turns":9},{"damage":14,"enemies":"Awakened One","floor":50,"turns":12},{"damage":10,"enemies":"Shield and Spear","floor":54,"turns":6},{"damage":69,"enemies":"The Heart","floor":55,"turns":12}],"seed_played":"4507048370962438221","potions_obtained":[{"floor":1,"key":"BloodPotion"},{"floor":4,"key":"Dexterity Potion"},{"floor":12,"key":"BloodPotion"},{"floor":14,"key":"LiquidMemories"},{"floor":18,"key":"Fruit Juice"},{"floor":25,"key":"Swift Potion"},{"floor":29,"key":"SkillPotion"},{"floor":31,"key":"Fire Potion"},{"floor":33,"key":"Energy Potion"},{"floor":45,"key":"Swift Potion"}],"is_trial":false,"path_per_floor":["M","M","?","M","?","E","R","E","T","M","E","M","E","M","R","B",null,"M","M","$","?","M","E","M","E","T","E","M","E","R","M","R","B",null,"M","?","M","M","$","E","M","E","T","R","E","R","T","M","R","B",null,"R","$","E","B",null],"character_chosen":"IRONCLAD","items_purchased":["Feel No Pain","Omamori","Burning Pact","Flame Barrier","War Paint","Sling"],"campfire_rested":0,"item_purchase_floors":[20,39,39,53,53,53],"current_hp_per_floor":[66,72,46,52,75,54,54,52,52,61,67,75,66,75,75,74,75,75,75,75,75,75,75,72,61,61,76,74,50,50,78,78,78,80,67,67,77,80,80,80,80,80,80,80,68,68,68,80,80,80,80,80,80,80,35],"gold":59,"neow_bonus":"TRANSFORM_TWO_CARDS","is_daily":false,"chose_seed":false,"campfire_upgraded":4,"win_rate":0.0,"timestamp":1611104560,"path_taken":["M","M","?","M","?","E","R","E","T","M","E","?","E","M","R","BOSS","M","M","$","?","M","E","M","E","T","E","M","E","R","M","R","BOSS","M","?","?","M","$","E","M","E","T","R","E","R","?","M","R","BOSS","R","$","E","BOSS"],"items_purchased_type":["Card","Relic","Card","Card","Relic","Relic"],"build_version":"2020-12-22","purchased_purges":2,"victory":true,"max_hp_per_floor":[75,75,75,75,75,75,75,75,75,75,75,75,75,75,75,75,75,75,75,75,75,75,75,75,80,80,80,80,80,80,80,80,80,80,80,80,80,80,80,80,80,80,80,80,80,80,80,80,80,80,80,80,80,80,80],"relic_stats":{"Darkstone Periapt":0,"counters":[33,194],"Golden Idol":225,"CeramicFish":27,"PreservedInsect":257,"Letter Opener":[40],"War Paint":["J.A.X.","Burning Pact"],"Cursed Key":2,"Burning Blood":149,"Peace Pipe":0,"Shovel":3,"Ornamental Fan":[32],"Shuriken":[3],"Pandora\u0027s Box":["Double Tap","Exhume","Burning Pact","Bloodletting","Clash","Power Through","Hemokinesis"],"Kunai":[47],"obtain_stats":[{"Darkstone Periapt":23,"Lantern":29,"Calipers":13,"CeramicFish":43,"Vajra":27,"Cursed Key":34,"Sling":53,"Burning Blood":0,"Shovel":8,"Kunai":6,"Paper Frog":45,"Golden Idol":3,"Thread and Needle":9,"PreservedInsect":40,"Omamori":39,"Letter Opener":54,"War Paint":53,"Du-Vu Doll":11,"Peace Pipe":25,"Bottled Flame":47,"Ornamental Fan":44,"Shuriken":52,"Pandora\u0027s Box":17,"Unceasing Top":42,"TungstenRod":46},{"Darkstone Periapt":15,"Lantern":20,"Calipers":9,"CeramicFish":28,"Vajra":18,"Cursed Key":22,"Sling":31,"Burning Blood":0,"Shovel":5,"Kunai":4,"Paper Frog":29,"Golden Idol":2,"Thread and Needle":5,"PreservedInsect":26,"Omamori":25,"Letter Opener":32,"War Paint":31,"Du-Vu Doll":7,"Peace Pipe":17,"Bottled Flame":29,"Ornamental Fan":28,"Shuriken":31,"Pandora\u0027s Box":11,"Unceasing Top":28,"TungstenRod":29},{"Darkstone Periapt":76,"Lantern":103,"Calipers":45,"CeramicFish":146,"Vajra":92,"Cursed Key":116,"Sling":176,"Burning Blood":0,"Shovel":27,"Kunai":20,"Paper Frog":155,"Golden Idol":7,"Thread and Needle":27,"PreservedInsect":135,"Omamori":130,"Letter Opener":182,"War Paint":176,"Du-Vu Doll":39,"Peace Pipe":87,"Bottled Flame":155,"Ornamental Fan":146,"Shuriken":176,"Pandora\u0027s Box":60,"Unceasing Top":146,"TungstenRod":155}],"Unceasing Top":[17],"TungstenRod":23},"card_choices":[{"not_picked":["Metallicize","Havoc"],"picked":"Anger","floor":1},{"not_picked":["Infernal Blade","Combust"],"picked":"Pommel Strike","floor":2},{"not_picked":["Cleave","Rupture"],"picked":"Shockwave","floor":4},{"not_picked":["Armaments","Havoc"],"picked":"Offering","floor":6},{"not_picked":["Exhume","Clash"],"picked":"Reaper","floor":8},{"not_picked":["Seeing Red","Twin Strike"],"picked":"Perfected Strike","floor":10},{"not_picked":["Clothesline","Perfected Strike"],"picked":"Power Through","floor":11},{"not_picked":["Body Slam","Clash","Warcry"],"picked":"SKIP","floor":12},{"not_picked":["Burning Pact","Power Through"],"picked":"Limit Break","floor":13},{"not_picked":["Shrug It Off","Warcry"],"picked":"Twin Strike","floor":14},{"not_picked":["Immolate","Offering"],"picked":"Impervious","floor":16},{"not_picked":["Pummel","Shrug It Off"],"picked":"Body Slam+1","floor":18},{"not_picked":["Heavy Blade","Body Slam"],"picked":"Shrug It Off","floor":19},{"not_picked":["Clash","Anger+1"],"picked":"Pummel","floor":22},{"not_picked":["Thunderclap","Rampage","Bludgeon"],"picked":"SKIP","floor":23},{"not_picked":["True Grit","Flex","Armaments"],"picked":"SKIP","floor":24},{"not_picked":["Burning Pact","Warcry","Combust"],"picked":"SKIP","floor":25},{"not_picked":["Flex","Double Tap","Burning Pact"],"picked":"SKIP","floor":27},{"not_picked":["Body Slam","Wild Strike"],"picked":"Dropkick","floor":28},{"not_picked":["Offering","Body Slam+1"],"picked":"Evolve","floor":29},{"not_picked":["Headbutt","Clothesline+1"],"picked":"Thunderclap+1","floor":31},{"not_picked":["Double Tap","Brutality"],"picked":"Fiend Fire","floor":33},{"not_picked":["Wild Strike","Armaments","Anger"],"picked":"SKIP","floor":35},{"not_picked":["Blood for Blood","Pommel Strike","Clash"],"picked":"SKIP","floor":37},{"not_picked":["Flex","Sword Boomerang+1"],"picked":"Feel No Pain","floor":38},{"not_picked":["Flex","Combust"],"picked":"Sentinel+1","floor":40},{"not_picked":["Clothesline+1","Rampage+1"],"picked":"Sever Soul+1","floor":41},{"not_picked":["Reckless Charge","Clothesline+1","Body Slam"],"picked":"SKIP","floor":42},{"not_picked":["Clash","Inflame"],"picked":"Entrench+1","floor":45},{"not_picked":["Pummel","Dropkick","Body Slam"],"picked":"SKIP","floor":48},{"not_picked":["Armaments","Anger"],"picked":"Headbutt+1","floor":54}],"player_experience":842263,"relics_obtained":[{"floor":6,"key":"Kunai"},{"floor":8,"key":"Shovel"},{"floor":9,"key":"Thread and Needle"},{"floor":11,"key":"Du-Vu Doll"},{"floor":13,"key":"Calipers"},{"floor":23,"key":"Darkstone Periapt"},{"floor":25,"key":"Peace Pipe"},{"floor":27,"key":"Vajra"},{"floor":29,"key":"Lantern"},{"floor":40,"key":"PreservedInsect"},{"floor":42,"key":"Unceasing Top"},{"floor":43,"key":"CeramicFish"},{"floor":44,"key":"Ornamental Fan"},{"floor":45,"key":"Paper Frog"},{"floor":46,"key":"TungstenRod"},{"floor":47,"key":"Bottled Flame"},{"floor":52,"key":"Shuriken"},{"floor":54,"key":"Letter Opener"}],"event_choices":[{"damage_healed":0,"gold_gain":0,"player_choice":"Take Damage","damage_taken":26,"relics_obtained":["Golden Idol"],"max_hp_gain":0,"max_hp_loss":0,"event_name":"Golden Idol","floor":3,"gold_loss":0},{"damage_healed":23,"gold_gain":0,"player_choice":"Full Heal","damage_taken":0,"max_hp_gain":0,"max_hp_loss":0,"event_name":"Wheel of Change","floor":5,"gold_loss":0},{"damage_healed":0,"gold_gain":0,"player_choice":"Obtain J.A.X.","damage_taken":0,"max_hp_gain":0,"max_hp_loss":0,"event_name":"Drug Dealer","floor":21,"gold_loss":0,"cards_obtained":["J.A.X."]},{"damage_healed":0,"gold_gain":0,"player_choice":"Upgraded","damage_taken":0,"max_hp_gain":0,"max_hp_loss":0,"event_name":"Upgrade Shrine","floor":36,"gold_loss":0,"cards_upgraded":["Evolve"]}],"is_beta":false,"boss_relics":[{"not_picked":["Velvet Choker","Empty Cage"],"picked":"Pandora\u0027s Box"},{"not_picked":["Runic Cube","Coffee Dripper"],"picked":"Cursed Key"}],"items_purged_floors":[20,53],"is_endless":false,"potions_floor_spawned":[1,4,12,14,18,25,29,31,33,37,38,41,45],"ascension_level":17}}