{"host":"o7j6aatxjwpw1421","time":1611142683,"event":{"mods":["2.2 Compatiblity","AchievementEnabler","BaseMod","Colored Map","DeckTracker","Highlight Path","Keyboard Shortcuts","Minty Spire (QoL Compilation)","Permanent Neow","Quick Restart","StSLib","SuperFastMode","everything is the same but u backflip on backflip"],"gold_per_floor":[116,116,116,128,142,142,90,121,121,77,92,92,92,42,42,42,42],"floor_reached":16,"language":"KOR","playtime":775,"items_purged":[],"score":200,"play_id":"de3c8c32-8ec7-45cc-be15-fa316f567ddc","local_time":"20210120203803","is_ascension_mode":true,"campfire_choices":[{"data":"Poisoned Stab","floor":6.0,"key":"SMITH"},{"data":"A Thousand Cuts","floor":12.0,"key":"SMITH"},{"floor":15.0,"key":"REST"}],"circlet_count":0,"master_deck":["AscendersBane","Strike_G","Strike_G","Strike_G","Strike_G","Defend_G","Defend_G","Defend_G","Defend_G","Defend_G+1","Survivor","Neutralize","Unload","Deflect+1","Poisoned Stab+1","Crippling Poison","Prepared","Dagger Spray","A Thousand Cuts+1","Blade Dance"],"relics":["Ring of the Snake","Bottled Flame","Ice Cream","War Paint","Ancient Tea Set"],"acts_visited":["Exordium"],"potions_floor_usage":[],"damage_taken":[{"damage":1.0,"enemies":"Jaw Worm","floor":1.0,"turns":3.0},{"damage":1.0,"enemies":"Cultist","floor":4.0,"turns":4.0},{"damage":0.0,"enemies":"Small Slimes","floor":5.0,"turns":2.0},{"damage":28.0,"enemies":"Lagavulin","floor":8.0,"turns":7.0},{"damage":15.0,"enemies":"Exordium Thugs","floor":10.0,"turns":5.0},{"damage":8.0,"enemies":"Lots of Slimes","floor":11.0,"turns":3.0},{"damage":49,"enemies":"Hexaghost","floor":16,"turns":9}],"seed_played":"-646683279820955698","potions_obtained":[{"floor":5.0,"key":"Regen Potion"}],"is_trial":false,"path_per_floor":["M","?","T","M","M","R","?","E","T","M","M","R","?","$","R","B"],"character_chosen":"THE_SILENT","items_purchased":["Blade Dance"],"campfire_rested":1,"item_purchase_floors":[14],"current_hp_per_floor":[58,63,63,62,62,62,62,34,34,34,26,26,26,26,47,0,0],"gold":42,"neow_bonus":"ONE_RANDOM_RARE_CARD","is_daily":false,"chose_seed":false,"campfire_upgraded":2,"win_rate":0.0,"timestamp":1611142683,"path_taken":["M","?","?","M","?","R","?","E","T","M","?","R","?","?","R","BOSS"],"items_purchased_type":["Card"],"build_version":"2020-12-22","purchased_purges":0,"victory":false,"max_hp_per_floor":[66,71,71,71,71,71,71,71,71,71,71,71,71,71,71,71,71],"card_choices":[{"not_picked":["Acrobatics","Catalyst"],"picked":"Deflect","floor":1.0},{"not_picked":["Deflect","Choke"],"picked":"Poisoned Stab","floor":4.0},{"not_picked":["Reflex","Deflect"],"picked":"Crippling Poison","floor":5.0},{"not_picked":["Dodge and Roll","Outmaneuver"],"picked":"Prepared","floor":8.0},{"not_picked":["Slice","Flying Knee"],"picked":"Dagger Spray","floor":10.0},{"not_picked":["Bouncing Flask","Backflip"],"picked":"A Thousand Cuts","floor":11.0}],"player_experience":586127,"relics_obtained":[{"floor":3.0,"key":"Bottled Flame"},{"floor":8.0,"key":"War Paint"},{"floor":9.0,"key":"Ancient Tea Set"}],"event_choices":[{"damage_healed":0.0,"max_hp_gain":5.0,"max_hp_loss":0.0,"gold_gain":0.0,"event_name":"Big Fish","player_choice":"Donut","floor":2.0,"gold_loss":0.0,"damage_taken":0.0},{"damage_healed":0.0,"max_hp_gain":0.0,"max_hp_loss":0.0,"gold_gain":0.0,"event_name":"WeMeetAgain","player_choice":"Paid Gold","floor":7.0,"gold_loss":52.0,"damage_taken":0.0,"relics_obtained":["Ice Cream"]},{"cards_removed":["Strike_G"],"damage_healed":0.0,"max_hp_gain":0.0,"max_hp_loss":0.0,"gold_gain":0.0,"event_name":"Living Wall","player_choice":"Forget","floor":13.0,"gold_loss":0.0,"damage_taken":0.0}],"is_beta":false,"boss_relics":[],"items_purged_floors":[],"is_endless":false,"potions_floor_spawned":[5],"killed_by":"Hexaghost","ascension_level":20}}