{"host":"ni5mix2lh3q94rpg","time":1611139877,"event":{"mods":["AchievementEnabler","Act Like it!","BaseMod","Better Altar","Better Note","Better Silent Start","Better Skull","Better Third Choice","Better Vampires","Card Forge","Colored Map","Colored Powertips","Custom Start","Displayed Cursed Tome","Gensokyo","GifTheSpireLib","Hermit","Highlight Path","Marisa????????","Minty Spire (QoL Compilation)","Remilia??????","Shop Mod","Spicy Shops","Spire Arcade","StS++","StSLib","The Cursed","The Servant 0.9.4","Transform Curses","everything is the same but u backflip on backflip","slay the spire mod where everything is the same but ironclad has a cowboy hat","??????REMEMod"],"gold_per_floor":[112,112,129,138,138,138,4,4,4],"floor_reached":8,"language":"ENG","playtime":632,"items_purged":[],"score":84,"play_id":"c398511a-c0ce-4eab-b406-50421594712e","local_time":"20210120135117","is_ascension_mode":true,"campfire_choices":[{"data":"Creative AI","floor":6,"key":"SMITH"}],"circlet_count":0,"master_deck":["AscendersBane","Strike_R","Strike_R","Strike_R+1","Strike_R","Defend_R","Defend_R","Defend_R","Defend_R","Bash","Flex","Mayhem+1","Spot Weakness","REME_Scribble","Creative AI+1","REME_Cut"],"relics":["Burning Blood","Hammer of Thor","Seething Fire","Anvil of the Gods","REME_ComplimentaryCards","CeramicFish"],"acts_visited":["Exordium"],"potions_floor_usage":[],"damage_taken":[{"damage":5,"enemies":"2 Louse","floor":1,"turns":3},{"damage":9,"enemies":"Small Slimes","floor":3,"turns":3},{"damage":32,"enemies":"3 Sentries","floor":8,"turns":4}],"seed_played":"6122939966927945368","potions_obtained":[],"is_trial":false,"path_per_floor":["M","?","M","?","?","R","$","E"],"character_chosen":"IRONCLAD","items_purchased":["REME_Cut","StSpp:SecondWindPotion"],"campfire_rested":0,"item_purchase_floors":[7,7],"current_hp_per_floor":[69,46,43,35,28,28,28,0,0],"gold":4,"neow_bonus":"THREE_CARDS","is_daily":false,"chose_seed":false,"campfire_upgraded":1,"win_rate":0.0,"timestamp":1611139877,"path_taken":["M","?","M","?","?","R","$","E"],"items_purchased_type":["Card","Potion"],"build_version":"2020-12-22","purchased_purges":0,"victory":false,"max_hp_per_floor":[75,75,75,75,75,75,75,77,77],"card_choices":[{"not_picked":["StSpp:Jab","Cleave"],"picked":"Flex","floor":0},{"not_picked":["Combust","Heavy Blade"],"picked":"Spot Weakness","floor":1},{"not_picked":["Wild Strike","Sentinel"],"picked":"REME_Scribble","floor":3}],"player_experience":841839,"relics_obtained":[],"event_choices":[{"damage_healed":69,"gold_gain":0,"player_choice":"Upgrade","damage_taken":23,"max_hp_gain":0,"max_hp_loss":75,"event_name":"betterThird:BetterShining","floor":2,"gold_loss":0,"cards_upgraded":["Mayhem","Strike_R"]},{"cards_removed":["Strike_R"],"damage_healed":0,"gold_gain":0,"player_choice":"Card Removal","damage_taken":7,"max_hp_gain":0,"max_hp_loss":0,"event_name":"Golden Wing","floor":5,"gold_loss":0}],"is_beta":false,"boss_relics":[],"items_purged_floors":[],"is_endless":false,"potions_floor_spawned":[],"killed_by":"3 Sentries","ascension_level":18}}