{"host":"pi8b3ffzwvxqztac","time":1611176552,"event":{"mods":["BaseMod","Colored Map","Downfall","Minty Spire (QoL Compilation)","StSLib","The Jungle"],"gold_per_floor":[99,117,132,152,152,52,75,101,1,31,31,51,51,51,70,168,168,68,86,104,124,141,141,141,141,141,141,168,186,186,196,208,303,303,303,313,331,349,33,45,100,100,133,133,183,183,199,214,227,227,227,262,74,74,74,74,74,74],"floor_reached":56,"language":"ENG","playtime":4027,"items_purged":["bronze:BuggyMess+1","bronze:Strike"],"score":1130,"play_id":"a036a796-8868-4885-abab-04c6cc50cfbf","local_time":"20210121100232","is_ascension_mode":true,"campfire_choices":[{"floor":1,"key":"RECALL"},{"floor":6,"key":"REST"},{"data":"bronze:DazingPulse","floor":9,"key":"SMITH"},{"data":"bronze:BronzeArmor","floor":11,"key":"SMITH"},{"data":"bronze:HardenedForm","floor":18,"key":"SMITH"},{"data":"bronze:Branch","floor":23,"key":"SMITH"},{"data":"bronze:Branch","floor":25,"key":"SMITH"},{"data":"bronze:ChosenStrike","floor":27,"key":"SMITH"},{"data":"bronze:Deprecate","floor":30,"key":"SMITH"},{"data":"bronze:InfiniteLoop","floor":35,"key":"SMITH"},{"data":"bronze:BronzeArmor","floor":44,"key":"SMITH"},{"data":"bronze:Iterate","floor":46,"key":"SMITH"},{"data":"bronze:Repulsor","floor":54,"key":"SMITH"}],"circlet_count":0,"master_deck":["bronze:Strike","bronze:Strike","bronze:Defend","bronze:Defend","bronze:Defend","bronze:Defend","bronze:Replicate+1","bronze:Goto+1","bronze:BronzeArmor+1","bronze:Deprecate+1","bronze:Optimize","bronze:Spike+1","bronze:DazingPulse+1","bronze:ChosenStrike+1","bronze:Branch+1","bronze:DelayedSlice+1","bronze:Branch+1","bronze:HardenedForm+1","bronze:Philosophize+1","bronze:Iterate+1","bronze:Turbo+1","bronze:Repair","bronze:Repair","bronze:FineTuning","bronze:Iterate+1","bronze:InfiniteLoop+1","bronze:Terminator+1","bronze:Return+1","bronze:Repulsor+1","bronze:Iterate+1","bronze:BronzeArmor+1","bronze:Shell+1","bronze:Turbo","bronze:Iterate","bronze:Verify","bronze:Invalidate","bronze:MaxOutput"],"relics":["bronze:BronzeCore","downfall:HeartBlessingRed","PreservedInsect","downfall:HeartBlessingBlue","Oddly Smooth Stone","Runic Pyramid","downfall:HeartBlessingGreen","Bottled Tornado","Regal Pillow","Philosopher\u0027s Stone","Vajra","hexamod:BolsterEngine","ClockworkSouvenir","Dream Catcher","Orichalcum","Peace Pipe","Bottled Lightning"],"acts_visited":["Exordium","TheCity","TheBeyond","TheEnding"],"potions_floor_usage":[5,15,16,16,31,36,43,47,49,49,50,56],"damage_taken":[{"damage":4,"enemies":"Jaw Worm","floor":2,"turns":4},{"damage":1,"enemies":"2 Louse","floor":3,"turns":2},{"damage":1,"enemies":"Cultist","floor":4,"turns":5},{"damage":36,"enemies":"Cultist","floor":5,"turns":7},{"damage":19,"enemies":"3 Sentries","floor":8,"turns":8},{"damage":9,"enemies":"Lagavulin","floor":10,"turns":5},{"damage":0,"enemies":"Large Slime","floor":12,"turns":6},{"damage":10,"enemies":"Lots of Slimes","floor":15,"turns":3},{"damage":22,"enemies":"DF_ARCHETYPE_STREAMLINE","floor":16,"turns":9},{"damage":0,"enemies":"Chosen","floor":19,"turns":3},{"damage":0,"enemies":"Spheric Guardian","floor":20,"turns":3},{"damage":14,"enemies":"Centurion and Healer","floor":21,"turns":6},{"damage":7,"enemies":"Snake Plant","floor":22,"turns":4},{"damage":0,"enemies":"Slavers","floor":28,"turns":4},{"damage":0,"enemies":"3 Cultists","floor":29,"turns":4},{"damage":3,"enemies":"Chosen and Byrds","floor":31,"turns":5},{"damage":18,"enemies":"Snake Plant","floor":32,"turns":4},{"damage":8,"enemies":"WA_ARCHETYPE_CALM","floor":33,"turns":8},{"damage":0,"enemies":"Orb Walker","floor":36,"turns":3},{"damage":0,"enemies":"3 Darklings","floor":37,"turns":4},{"damage":13,"enemies":"Jaw Worm Horde","floor":38,"turns":4},{"damage":0,"enemies":"downfall:FleeingMerchant","floor":39,"turns":4},{"damage":0,"enemies":"downfall:FleeingMerchant","floor":40,"turns":1},{"damage":6,"enemies":"Reptomancer","floor":43,"turns":5},{"damage":9,"enemies":"Reptomancer","floor":45,"turns":4},{"damage":0,"enemies":"Maw","floor":47,"turns":4},{"damage":0,"enemies":"Transient","floor":48,"turns":5},{"damage":24,"enemies":"Writhing Mass","floor":49,"turns":3},{"damage":6,"enemies":"IC_BLOCK_ARCHETYPE","floor":50,"turns":7},{"damage":0,"enemies":"downfall:CharBossMerchant","floor":52,"turns":5},{"damage":0,"enemies":"downfall:NeowBoss","floor":55,"turns":8},{"damage":148,"enemies":"downfall:NeowBossFinal","floor":56,"turns":8}],"seed_played":"-963978280787149416","potions_obtained":[{"floor":2,"key":"Fire Potion"},{"floor":4,"key":"Dexterity Potion"},{"floor":8,"key":"Regen Potion"},{"floor":12,"key":"Block Potion"},{"floor":16,"key":"SpeedPotion"},{"floor":22,"key":"sneckomod:MuddlingPotion"},{"floor":28,"key":"hexamod:SoulburnPotion"},{"floor":29,"key":"Dexterity Potion"},{"floor":32,"key":"Explosive Potion"},{"floor":36,"key":"Fruit Juice"},{"floor":45,"key":"PowerPotion"},{"floor":47,"key":"Fruit Juice"},{"floor":48,"key":"SpeedPotion"},{"floor":52,"key":"Energy Potion"}],"is_trial":false,"path_per_floor":["R","M","M","M","?","R","T","E","R","E","R","M","?","?","M","B",null,"R","M","M","M","M","R","T","R","?","R","E","M","R","M","M","B",null,"R","M","M","M","?","$","T","?","E","R","?","R","M","M","M","B",null,"E","$","R","B","B"],"character_chosen":"THE_AUTOMATON","items_purchased":["bronze:Repulsor","Vajra","hexamod:BolsterEngine","ClockworkSouvenir","bronze:Invalidate","bronze:MaxOutput"],"campfire_rested":1,"item_purchase_floors":[39,39,40,40,53,53],"current_hp_per_floor":[77,73,72,71,35,58,58,39,49,40,40,40,40,40,39,17,87,87,87,87,73,66,66,66,66,66,66,66,76,76,80,81,79,87,87,92,92,86,92,92,92,92,92,92,90,90,97,97,83,91,97,97,97,97,97,0,0,0],"gold":74,"neow_bonus":"TEN_PERCENT_HP_BONUS","is_daily":false,"chose_seed":false,"campfire_upgraded":11,"win_rate":0.0,"timestamp":1611176552,"path_taken":["R","M","M","M","?","R","T","E","R","E","R","M","?","?","M","BOSS","R","M","M","M","?","R","T","R","?","R","E","?","R","M","M","BOSS","R","M","M","M","?","$","T","?","E","R","?","R","M","M","M","BOSS","E","$","R","BOSS","BOSS"],"items_purchased_type":["Card","Relic","Relic","Relic","Card","Card"],"build_version":"2020-12-22","purchased_purges":2,"victory":false,"max_hp_per_floor":[77,77,77,77,77,77,77,77,87,87,87,87,87,87,87,87,87,87,87,87,87,87,87,87,87,87,87,87,87,87,87,87,87,87,87,92,92,92,92,92,92,92,92,92,92,92,97,97,97,97,97,97,97,97,97,97,97,97],"card_choices":[{"not_picked":["bronze:ForceShield","bronze:Overheat"],"picked":"bronze:BronzeArmor","floor":2},{"not_picked":["bronze:Shield","bronze:Overload"],"picked":"bronze:Deprecate","floor":3},{"not_picked":["bronze:ClassDefault","bronze:Iterate"],"picked":"bronze:Optimize","floor":4},{"not_picked":[],"picked":"bronze:Spike","floor":5},{"not_picked":[],"picked":"bronze:DazingPulse","floor":5},{"not_picked":["bronze:DelayedGuard","bronze:Frontload"],"picked":"bronze:ChosenStrike","floor":5},{"not_picked":["bronze:ForLoop","bronze:Separator"],"picked":"bronze:Branch","floor":8},{"not_picked":["bronze:Assembly","bronze:Deprecate","bronze:Backtrace"],"picked":"SKIP","floor":10},{"not_picked":["bronze:Turbo","bronze:DarkDash"],"picked":"bronze:DelayedSlice","floor":12},{"not_picked":["bronze:Turbo","bronze:HyperBeam"],"picked":"bronze:Branch","floor":15},{"not_picked":["bronze:ThunderWave","bronze:Break"],"picked":"bronze:HardenedForm","floor":16},{"not_picked":["bronze:Constructor","bronze:DigitalCarnage"],"picked":"bronze:Philosophize+1","floor":19},{"not_picked":["bronze:GetLatest+1","bronze:BronzeOrb"],"picked":"bronze:BuggyMess+1","floor":20},{"not_picked":["bronze:GetLatest","bronze:ChosenStrike"],"picked":"bronze:Iterate+1","floor":21},{"not_picked":["bronze:Separator","bronze:Iterate"],"picked":"bronze:Turbo+1","floor":22},{"not_picked":["bronze:GetLatest+1","bronze:ForceShield"],"picked":"bronze:Repair","floor":28},{"not_picked":["bronze:DarkDash","bronze:Shell+1"],"picked":"bronze:Repair","floor":29},{"not_picked":["bronze:Deprecate","bronze:Hardcode"],"picked":"bronze:FineTuning","floor":31},{"not_picked":["bronze:GetLatest","bronze:Separator+1"],"picked":"bronze:Iterate","floor":32},{"not_picked":["bronze:CleanCode","bronze:Library"],"picked":"bronze:InfiniteLoop","floor":33},{"not_picked":["bronze:CutThrough+1","bronze:Flail+1"],"picked":"bronze:Terminator+1","floor":36},{"not_picked":["bronze:BitShift+1","bronze:Frontload"],"picked":"bronze:Return+1","floor":37},{"not_picked":["bronze:Turbo","bronze:MaxOutput","bronze:Flail+1"],"picked":"SKIP","floor":38},{"not_picked":["bronze:ForLoop","bronze:Constructor","bronze:DelayedGuard+1"],"picked":"SKIP","floor":39},{"not_picked":["bronze:Turbo+1","bronze:FineTuning"],"picked":"bronze:Iterate+1","floor":40},{"not_picked":["bronze:WhirlingStrike+1","bronze:Format"],"picked":"bronze:Shell+1","floor":43},{"not_picked":["bronze:DarkDash+1","bronze:Overheat"],"picked":"bronze:Turbo","floor":45},{"not_picked":["bronze:Shield+1","bronze:Constructor"],"picked":"bronze:Iterate","floor":47},{"not_picked":["bronze:BuggyMess","bronze:Flail","bronze:NullPointer+1"],"picked":"SKIP","floor":48},{"not_picked":["bronze:Safeguard+1","bronze:Branch","bronze:Shield+1"],"picked":"SKIP","floor":49},{"not_picked":["bronze:GetLatest+1","bronze:CloningBeam+1"],"picked":"bronze:Verify","floor":52}],"player_experience":551177,"relics_obtained":[{"floor":8,"key":"PreservedInsect"},{"floor":10,"key":"Oddly Smooth Stone"},{"floor":24,"key":"Bottled Tornado"},{"floor":28,"key":"Regal Pillow"},{"floor":41,"key":"Dream Catcher"},{"floor":43,"key":"Orichalcum"},{"floor":45,"key":"Peace Pipe"},{"floor":52,"key":"Bottled Lightning"}],"event_choices":[{"damage_healed":0,"gold_gain":0,"player_choice":"Grow","damage_taken":0,"max_hp_gain":0,"max_hp_loss":0,"event_name":"Living Wall","floor":13,"gold_loss":0,"cards_upgraded":["bronze:Spike"]},{"damage_healed":0,"gold_gain":0,"player_choice":"Got Potions","damage_taken":0,"max_hp_gain":0,"max_hp_loss":0,"event_name":"Lab","floor":14,"gold_loss":0}],"is_beta":false,"boss_relics":[{"not_picked":["Cursed Key","Sozu"],"picked":"Runic Pyramid"},{"not_picked":["SlaversCollar","Coffee Dripper"],"picked":"Philosopher\u0027s Stone"}],"items_purged_floors":[39,53],"is_endless":false,"potions_floor_spawned":[2,4,8,12,16,22,28,29,32,36,45,47,48,52],"killed_by":"downfall:NeowBossFinal","ascension_level":2}}