{"host":"4bbalj7r5kimsnho","time":1611164382,"event":{"mods":["AchievementEnabler","BaseMod","Colored Powertips","Hermit","Minty Spire (QoL Compilation)","StSLib"],"gold_per_floor":[114,126,144,159,171,171,206,222,222,297,297,317,317,338,338,458,458,476,476],"floor_reached":18,"language":"ENG","playtime":875,"items_purged":[],"score":185,"play_id":"f4473f32-cf99-43f0-bb98-ed4150340911","local_time":"20210120173942","is_ascension_mode":true,"campfire_choices":[{"data":"Clothesline","floor":6,"key":"SMITH"},{"floor":13,"key":"REST"},{"data":"Carnage","floor":15,"key":"SMITH"}],"circlet_count":0,"master_deck":["Strike_R","Strike_R","Defend_R","Defend_R","Bash","Battle Trance","Rupture","Pommel Strike","Clothesline+1","Shrug It Off","Warcry","Intimidate","Impervious","Carnage+1","Cleave","Feel No Pain","Reaper","Rampage+1","Sever Soul+1","Rupture+1"],"relics":["Burning Blood","Charon\u0027s Ashes","Question Card","Golden Idol","Astrolabe"],"acts_visited":["Exordium","TheCity"],"potions_floor_usage":[4,4,4,5,7,16,16,18],"damage_taken":[{"damage":1,"enemies":"Cultist","floor":1,"turns":4},{"damage":1,"enemies":"2 Louse","floor":2,"turns":3},{"damage":8,"enemies":"Jaw Worm","floor":3,"turns":4},{"damage":6,"enemies":"Gremlin Gang","floor":4,"turns":3},{"damage":0,"enemies":"Lots of Slimes","floor":5,"turns":1},{"damage":36,"enemies":"Lagavulin","floor":7,"turns":9},{"damage":0,"enemies":"Large Slime","floor":8,"turns":6},{"damage":0,"enemies":"Exordium Wildlife","floor":12,"turns":2},{"damage":12,"enemies":"Lots of Slimes","floor":14,"turns":2},{"damage":37,"enemies":"The Guardian","floor":16,"turns":9},{"damage":31,"enemies":"Shell Parasite","floor":18,"turns":6}],"seed_played":"-3024617906133252041","potions_obtained":[{"floor":1,"key":"EntropicBrew"},{"floor":2,"key":"SpeedPotion"},{"floor":14,"key":"Strength Potion"},{"floor":16,"key":"SmokeBomb"}],"is_trial":false,"path_per_floor":["M","M","M","M","M","R","E","M","T","?","?","M","R","M","R","B",null,"M"],"character_chosen":"IRONCLAD","items_purchased":[],"campfire_rested":1,"item_purchase_floors":[],"current_hp_per_floor":[61,66,64,64,70,70,40,46,46,35,15,21,45,39,39,8,80,55,55],"gold":476,"neow_bonus":"TRANSFORM_TWO_CARDS","is_daily":false,"chose_seed":false,"campfire_upgraded":2,"win_rate":0.0,"timestamp":1611164382,"path_taken":["M","M","?","M","M","R","E","M","T","?","?","M","R","M","R","BOSS","M"],"items_purchased_type":[],"build_version":"2020-12-22","purchased_purges":0,"victory":false,"max_hp_per_floor":[80,80,80,80,80,80,80,80,80,80,80,80,80,80,80,80,80,80,80],"card_choices":[{"not_picked":["Havoc","Body Slam"],"picked":"Pommel Strike","floor":1},{"not_picked":["Perfected Strike","Body Slam"],"picked":"Clothesline","floor":2},{"not_picked":["Seeing Red","Entrench"],"picked":"Shrug It Off","floor":3},{"not_picked":["Clash","True Grit"],"picked":"Warcry","floor":4},{"not_picked":["Anger","Reckless Charge"],"picked":"Intimidate","floor":5},{"not_picked":["Uppercut","Heavy Blade"],"picked":"Impervious","floor":7},{"not_picked":["Wild Strike","True Grit"],"picked":"Carnage","floor":8},{"not_picked":["Perfected Strike","Iron Wave","Pommel Strike"],"picked":"Cleave","floor":12},{"not_picked":["Anger","Juggernaut","Clothesline"],"picked":"Feel No Pain","floor":14},{"not_picked":["Exhume","Corruption","Feed"],"picked":"Reaper","floor":16}],"player_experience":107461,"relics_obtained":[{"floor":7,"key":"Charon\u0027s Ashes"},{"floor":9,"key":"Question Card"}],"event_choices":[{"damage_healed":0,"gold_gain":75,"player_choice":"Gather Gold","damage_taken":11,"max_hp_gain":0,"max_hp_loss":0,"event_name":"World of Goop","floor":10,"gold_loss":0},{"damage_healed":0,"gold_gain":0,"player_choice":"Take Damage","damage_taken":20,"relics_obtained":["Golden Idol"],"max_hp_gain":0,"max_hp_loss":0,"event_name":"Golden Idol","floor":11,"gold_loss":0}],"is_beta":false,"boss_relics":[{"not_picked":["Black Blood","Snecko Eye"],"picked":"Astrolabe"}],"items_purged_floors":[],"is_endless":false,"potions_floor_spawned":[1,2,7,14,16],"killed_by":"Shell Parasite","ascension_level":2}}