{"host":"u9h06qdlnp3wgzsw","time":1611183916,"event":{"mods":["Act Like it!","BaseMod","Curses Come First","Downfall","Hallownest","Hermit","Minty Spire (QoL Compilation)","Quick Restart","Rare Cards Sparkle","Shop Mod","StSLib","The Disciple","The Hierophant","The Servant 0.9.4"],"gold_per_floor":[362,212,223,72,88,119,119,119,119,138,149,171,197,222,222,322,322,335,353,60,60,60],"floor_reached":21,"language":"ENG","playtime":1364,"items_purged":["Regret"],"score":214,"play_id":"b7b14c82-f10b-48ee-bf1e-1c7503cfbe93","local_time":"20210120180516","is_ascension_mode":false,"campfire_choices":[{"data":"ResonantCall","floor":7,"key":"SMITH"},{"floor":15,"key":"REST"}],"circlet_count":0,"master_deck":["Strike_Br","Strike_Br","Strike_Br","Strike_Br","Defend_Br","Defend_Br","Defend_Br","SecondHand","PatternShift","HandsUpC","LockedThread","ResonantCall+1","ReapSow+9","PrimeTime+1","ExoVibe","LockedFlame+1","HandsUpC","Pendulum","TiringSlam+1"],"relics":["Chronometer","Bottled Lightning","Frozen Egg 2","Odd Mushroom","Bag of Preparation","Whetstone","Metronome","Molten Egg 2"],"acts_visited":["Exordium","TheCity"],"potions_floor_usage":[6,6,6,12,12,12,16,16,19],"damage_taken":[{"damage":8.0,"enemies":"Jaw Worm","floor":1.0,"turns":7.0},{"damage":1,"enemies":"Cultist","floor":3,"turns":4},{"damage":1,"enemies":"2 Louse","floor":5,"turns":3},{"damage":0,"enemies":"Lagavulin","floor":6,"turns":4},{"damage":11,"enemies":"Exordium Wildlife","floor":10,"turns":4},{"damage":8,"enemies":"Blue Slaver","floor":11,"turns":4},{"damage":0,"enemies":"The Mushroom Lair","floor":12,"turns":3},{"damage":8,"enemies":"Gremlin Nob","floor":14,"turns":4},{"damage":4,"enemies":"Slime Boss","floor":16,"turns":8},{"damage":4,"enemies":"Shell Parasite","floor":18,"turns":5},{"damage":31,"enemies":"3 Byrds","floor":19,"turns":5},{"damage":32,"enemies":"Centurion and Healer","floor":21,"turns":6}],"seed_played":"-1666329219150620683","potions_obtained":[{"floor":3,"key":"FearPotion"},{"floor":5,"key":"DuplicationPotion"},{"floor":6,"key":"AttackPotion"},{"floor":11,"key":"EntropicBrew"},{"floor":18,"key":"BlessingOfTheForge"}],"is_trial":false,"path_per_floor":["M","$","M","$","M","E","R","?","T","M","M","?","T","E","R","B",null,"M","M","$","M"],"character_chosen":"CHRONO_CLASS","items_purchased":["Regen Potion","ResonantCall","ReapSow","PrimeTime","Molten Egg 2","TiringSlam+1"],"campfire_rested":1,"item_purchase_floors":[2,4,4,4,20,20],"current_hp_per_floor":[57,57,56,56,55,65,65,65,65,54,46,46,46,38,57,53,65,61,30,30,0,0],"gold":60,"neow_bonus":"TWO_FIFTY_GOLD","is_daily":false,"chose_seed":false,"campfire_upgraded":1,"win_rate":0.0,"timestamp":1611183916,"path_taken":["M","$","M","$","M","E","R","?","T","?","M","?","?","E","R","BOSS","M","M","$","M"],"items_purchased_type":["Potion","Card","Card","Card","Relic","Card"],"build_version":"2020-12-22","purchased_purges":1,"victory":false,"max_hp_per_floor":[65,65,65,65,65,65,65,65,65,65,65,65,65,65,65,65,65,65,65,65,65,65],"card_choices":[{"not_picked":["PrimeTime","Echoward"],"picked":"HandsUpC","floor":1.0},{"not_picked":["BiteCommand","HandsUpC"],"picked":"LockedThread","floor":3},{"not_picked":["Facsimile","Parity","Break"],"picked":"SKIP","floor":5},{"not_picked":["WatchCommand","DaylightSavings"],"picked":"ExoVibe","floor":6},{"not_picked":["ShortSighted","Recurrance","BiteCommand"],"picked":"SKIP","floor":10},{"not_picked":["BeatsPerMinute","PrimeTime","Goo"],"picked":"SKIP","floor":11},{"not_picked":["Accruing","TiringSlam"],"picked":"LockedFlame+1","floor":12},{"not_picked":["Tempo","LockedAnchor+1"],"picked":"HandsUpC","floor":14},{"not_picked":["Flay","MasterKey"],"picked":"Pendulum","floor":16},{"not_picked":["Tempo+1","Echoward","AlternateTimeline"],"picked":"SKIP","floor":18},{"not_picked":["Tempo+1","HandsUpB","Goo"],"picked":"SKIP","floor":19}],"player_experience":840978,"relics_obtained":[{"floor":6,"key":"Bottled Lightning"},{"floor":9,"key":"Frozen Egg 2"},{"floor":12,"key":"Odd Mushroom"},{"floor":13,"key":"Bag of Preparation"},{"floor":14,"key":"Whetstone"}],"event_choices":[{"cards_removed":["Defend_Br"],"damage_healed":0,"gold_gain":0,"player_choice":"Purged","damage_taken":0,"max_hp_gain":0,"max_hp_loss":0,"event_name":"Purifier","floor":8,"gold_loss":0},{"damage_healed":0,"gold_gain":0,"player_choice":"Fought Mushrooms","damage_taken":0,"max_hp_gain":0,"max_hp_loss":0,"event_name":"Mushrooms","floor":12,"gold_loss":0}],"is_beta":false,"boss_relics":[{"not_picked":["Sozu","bronze:MakeshiftBattery"],"picked":"Metronome"}],"items_purged_floors":[2],"is_endless":false,"potions_floor_spawned":[3,5,6,11,18],"killed_by":"Centurion and Healer","ascension_level":0}}