{"host":"avq773cl9g5msfol","time":1611155917,"event":{"mods":["100% Spire Juice","AchievementEnabler","Act Like it!","Ascension Unlocker","Aspiration","Astrologer","Bard","Bartender","BaseMod","Better Altar","Better Third Choice","BetterRewards","CapriCore","ChefMod","Colored Map","Colored Powertips","Conspire","Dio Mod","Elementarium","Energized Spire","Gensokyo","GifTheSpireLib","GungeonMod","Hallownest","Hermit","Highlight Path","Hubris","Humility","Infinite Spire","Jorbs\u0027s Wanderer Trilogy","Koishi","Magitek Elite","Marisa????????","Marked Mod","Menagerie","Minty Spire (QoL Compilation)","Pale of the Ancients","Potionbrewer","Quarter Circle Forward PUNCH!","Rare Cards Sparkle","Reimu??????","Relic Stats","Remilia??????","Replay The Spire","SacredBarkPlus","Shade Mod","Somnambulant","Spicy Shops","Spire Arcade","StSLib","The Administrix","The Blue Laboratory","The Bug Knight","The Construct","The Cursed","The Disciple","The Dragon Tamer","The Exalted","The Hayseed","The Hierophant","The Immortal","The Judge","The Marked","The Mystic","The Problem Sleuth","The Runesmith","The Senshi","The Vixen","The Wild Card","TheFirefly","Wandering Minibosses","vexMod"],"gold_per_floor":[119,133,151,151,151,181,181,215,241,272,284,184,184,200,200,279,279,291,308,308,318,318,353,353,353,353,383,394,394,405,432,432,509,509,522,533,533,548,548,574,585,598,670,703,703,718,718,733,733,733,733,733,733,0,27,27],"floor_reached":57,"language":"ENG","playtime":3838,"items_purged":["Parasite"],"score":3753,"play_id":"801b50ab-524a-4e82-adac-8ed110e8f5f3","local_time":"20210120221837","is_ascension_mode":true,"campfire_choices":[{"data":"Dualcast","floor":7,"key":"SMITH"},{"data":"Ghostly","floor":13,"key":"SMITH"},{"data":"Hologram","floor":15,"key":"SMITH"},{"data":"infinitespire:FutureSight","floor":32,"key":"SMITH"},{"floor":49,"key":"RECALL"},{"data":"ReplayTheSpireMod:Echoes of Time","floor":53,"key":"SMITH"}],"circlet_count":0,"master_deck":["AscendersBane","Zap+1","Dualcast+1","Darkness+1","FTL+1","ReplaySort+1","ReplayTheSpireMod:Repulse+1","Rebound+1","Time Bomb+1","Fission+1","Glacier+1","Crystallizer+1","Steam+1","aspiration:Polymerization+1","Stack+1","Conserve Battery+1","Coolheaded+1","Defragment+1","Storm+1","Glacier+1","Finesse+1","Panacea+1","Defragment+1","FIFO Queue+1","Lockon+1","ReplayRNGCard+1","Capacitor","Hologram+1","Ghostly+1","Mirror Shield+1","Electrodynamics+1","infinitespire:FutureSight+1","Biased Cognition+1","Chill+1","Reboot+1","Deep Breath","Conserve Battery","Thunder Strike+1","ReplayTheSpireMod:Echoes of Time+1","Mayhem+1","BootSequence+1","hubris:PowerSurge+1"],"relics":["FrozenCore","Golden Egg","Quantum Egg","Happy Flower","theSenshi:SuperSailorFukuRelic","Lizard Tail","Membership Card","Replay:Rubber Ducky","OrangePellets","RuthlessExorcism:ReiMu","Replay:Frozen Program","HornCleat","hubris:PeanutButter","DemoMod:GlassGuonStoneRelic","hubris:SlimyHat","StoneCalendar","Prayer Wheel","White Beast Statue","wanderingMiniBosses:AbyssPearl","Dream Catcher","conspire:IceCreamScoop","DemoMod:MeltedRock","Elementarium:FlickeringLantern","DemoMod:SuperHotWatch","infinitespire:BottledMercury","Elementarium:ElementariumTrophy","Coffee Dripper","Replay:Towering Pillar of Hats","Kunai","Guard_Bracelet","HollowMod:JonisBlessing","Medical Kit"],"acts_visited":["Exordium","Elementarium:Elementarium","TheBeyond","TheEnding"],"potions_floor_usage":[18,18,23,23,50,51,56,56],"damage_taken":[{"damage":0,"enemies":"Jaw Worm","floor":1,"turns":3},{"damage":0,"enemies":"2 Louse","floor":2,"turns":3},{"damage":0,"enemies":"conspire:RoseBush","floor":3,"turns":3},{"damage":0,"enemies":"Lagavulin","floor":6,"turns":4},{"damage":0,"enemies":"Replay:BlueRogue","floor":8,"turns":4},{"damage":0,"enemies":"HollowMod:MossKnight","floor":10,"turns":4},{"damage":0,"enemies":"3 Louse","floor":11,"turns":1},{"damage":0,"enemies":"conspire:2 RoseBushes","floor":14,"turns":3},{"damage":0,"enemies":"Slime Boss","floor":16,"turns":5},{"damage":0,"enemies":"Elementarium:MUD_AND_TAR_GOLEMS","floor":18,"turns":4},{"damage":0,"enemies":"Elementarium:Cyclone","floor":19,"turns":4},{"damage":0,"enemies":"Elementarium:RubyGolem","floor":21,"turns":2},{"damage":0,"enemies":"Nightmare","floor":23,"turns":4},{"damage":0,"enemies":"Elementarium:FIRE_NOBILITY","floor":27,"turns":4},{"damage":0,"enemies":"Elementarium:Hydrostalker","floor":28,"turns":5},{"damage":0,"enemies":"Elementarium:STONE_GOLEMS","floor":30,"turns":4},{"damage":0,"enemies":"Elementarium:WarGolem","floor":31,"turns":3},{"damage":0,"enemies":"Elementarium:GolemEmperor","floor":33,"turns":6},{"damage":0,"enemies":"Orb Walker","floor":35,"turns":2},{"damage":0,"enemies":"3 Shapes","floor":36,"turns":3},{"damage":0,"enemies":"Writhing Mass","floor":38,"turns":3},{"damage":0,"enemies":"R_Hoarder","floor":40,"turns":6},{"damage":0,"enemies":"3 Darklings","floor":41,"turns":3},{"damage":0,"enemies":"4 Shapes","floor":42,"turns":3},{"damage":0,"enemies":"Reptomancer","floor":44,"turns":3},{"damage":0,"enemies":"Spire Growth","floor":46,"turns":2},{"damage":0,"enemies":"3 Darklings","floor":48,"turns":3},{"damage":0,"enemies":"conspire:OrnateMirror","floor":50,"turns":8},{"damage":0,"enemies":"hubris:GrandSnecko","floor":51,"turns":6},{"damage":0,"enemies":"Shield and Spear","floor":55,"turns":6},{"damage":0,"enemies":"Kars","floor":56,"turns":12}],"seed_played":"4764422614537804712","potions_obtained":[{"floor":3,"key":"blueLaboratory:FruitPunch"},{"floor":6,"key":"potionbrewer:DiscountPotion"},{"floor":18,"key":"CultistPotion"},{"floor":27,"key":"Swift Potion"},{"floor":33,"key":"Adrenaline Potion"},{"floor":55,"key":"blueLaboratory:Moonshine"}],"is_trial":false,"path_per_floor":["M","M","M","?","?","E","R","E","T","E","M","?","R","M","R","B",null,"M","M","?","M","?","NM","T","?","T","E","M","?","M","E","R","B",null,"M","M","?","M","?","E","M","M","T","E","?","M","?","M","R","B","B",null,"R","$","E","B",null],"character_chosen":"DEFECT","items_purchased":["Crystallizer","Steam","aspiration:Polymerization","Stack","Conserve Battery","Happy Flower","theSenshi:SuperSailorFukuRelic","Lizard Tail","Coolheaded","Defragment","Membership Card","Replay:Rubber Ducky","Storm","OrangePellets","RuthlessExorcism:ReiMu","Glacier","Replay:Frozen Program","Finesse","Panacea","HornCleat","Defragment","hubris:PeanutButter","FIFO Queue","Lockon","Mayhem","HollowMod:JonisBlessing","BootSequence","GamblersBrew","Reflective Coating","Medical Kit","hubris:PowerSurge"],"campfire_rested":0,"item_purchase_floors":[0,0,0,0,0,0,0,0,0,0,0,0,0,0,0,0,0,0,0,0,0,0,0,0,54,54,54,54,54,54,54],"current_hp_per_floor":[64,64,64,64,64,64,64,64,64,64,64,64,64,64,64,64,69,71,71,53,53,50,50,50,50,50,50,50,54,54,54,54,54,68,68,68,68,68,68,70,70,70,70,70,70,70,53,53,53,53,53,70,70,70,70,70],"gold":27,"neow_bonus":"","is_daily":false,"chose_seed":false,"campfire_upgraded":5,"win_rate":0.0,"timestamp":1611155917,"path_taken":["M","M","M","?","?","E","R","E","T","E","M","?","R","M","R","BOSS","M","M","?","M","?","NM","?","?","T","E","?","?","?","E","R","BOSS","M","M","?","M","?","E","M","M","T","E","?","?","?","M","R","BOSS","BOSS","R","$","E","BOSS"],"items_purchased_type":["Card","Card","Card","Card","Card","Relic","Relic","Relic","Card","Card","Relic","Relic","Card","Relic","Relic","Card","Relic","Card","Card","Relic","Card","Relic","Card","Card","Card","Relic","Card","Potion","Potion","Relic","Card"],"build_version":"2020-12-22","purchased_purges":1,"victory":true,"max_hp_per_floor":[71,71,71,71,71,71,71,71,71,71,71,71,71,71,71,71,71,73,73,73,73,73,73,73,73,73,73,73,73,73,73,73,73,73,73,73,73,73,73,75,75,75,75,75,75,75,75,75,75,75,75,75,75,72,72,72],"relic_stats":{"OrangePellets":[14],"Lizard Tail":0,"Dream Catcher":0,"Happy Flower":[42],"counters":[84,297],"StoneCalendar":[72],"Prayer Wheel":14,"Kunai":[1],"Medical Kit":[10],"obtain_stats":[{"DemoMod:GreenGuonStone":0,"Golden Egg":0,"infinitespire:BottledMercury":43,"hubris:CrystalStatue":0,"Menagerie:HuntersKnife":5,"DemoMod:GlassGuonStoneRelic":11,"wanderingMiniBosses:OtherGremlinHorn":31,"vexMod:RockOfEvil":34,"FrozenCore":17,"Replay:Wanted Poster":34,"DemoMod:SuperHotWatch":27,"Replay:Ringing Soul":26,"conspire:GlowingRock":6,"Lizard Tail":0,"Replay:Frozen Program":0,"HornCleat":0,"DemoMod:MeltedRock":14,"Prayer Wheel":10,"Kunai":43,"qcfpunch:Red_Cyclone_Teachings":26,"vexMod:RetaliationKit":31,"Girya":9,"construct:RocketBooster":24,"Happy Flower":0,"Choco_Feather":8,"Oddly Smooth Stone":28,"HollowMod:JonisBlessing":54,"wanderingMiniBosses:MasterThiefsPresence":22,"Guardian:PocketSentry":11,"aspiration:SeaSaltIceCream":4,"War Paint":29,"aspiration:FrozenJewel":0,"OrangePellets":42,"Bottled Flame":13,"ReplayTheSpireMod:Shallot":4,"Elementarium:ElementariumTrophy":33,"qcfpunch:Broken_Tusk":46,"Pandora\u0027s Box":0,"hubris:PeanutButter":0,"ReplayTheSpireMod:TigerMarble":9,"Mirror":40,"hermit:Momento":0,"conspire:IceCreamScoop":56,"Lantern":0,"theSenshi:SuperSailorFukuRelic":0,"StoneCalendar":40,"conspire:SpecialSausage":3,"wanderingMiniBosses:AbyssPearl":18,"Juzu Bracelet":0,"Hallownest:DreamNailRelic":3,"hubris:SlimyHat":6,"Mythril_Glove":38,"hubris:EmptyBottle":0,"Replay:Mystery Machine":13,"White_Cape":0,"qcfpunch:Crimson_Sash":4,"ClockworkSouvenir":0,"Replay:Rubber Ducky":0,"DemoMod:SevenLeafClover":0,"Frozen Eye":29,"Dream Catcher":20,"AntiCross":6,"hubris:CuriousFeather":0,"WingedGreaves":2,"DemoMod:GnawedKey":0,"Cracked Core":0,"Potion Belt":0,"Hallownest:SalubrasBlessingRelic":10,"Lee\u0027s Waffle":0,"ReplayTheSpireMod:Ninjato":3,"Replay:Towering Pillar of Hats":40,"infinitespire:CursedDice":43,"hubris:64BitClover":9,"aspiration:RunicSpoon":0,"Quantum Egg":2,"Guardian:GemstoneGun":0,"DemoMod:WeirdEgg":23,"PreservedInsect":0,"Protect_Vest":49,"aspiration:SecretTechniqueScroll":17,"infinitespire:CheckeredPen":6,"infinitespire:Lucky Rock":6,"Medical Kit":54,"White Beast Statue":10,"PureWhite:ReiMu":26,"infinitespire:WardingShard":6,"vexMod:HeadHunter":0,"LetterFromLob":1,"Coffee Dripper":34,"Membership Card":0,"Guard_Bracelet":44,"DemoMod:VorpalBullet":24,"Elementarium:FlickeringLantern":25,"RuthlessExorcism:ReiMu":0},{"DemoMod:GreenGuonStone":43,"Golden Egg":0,"infinitespire:BottledMercury":21,"hubris:CrystalStatue":43,"Menagerie:HuntersKnife":45,"DemoMod:GlassGuonStoneRelic":4,"wanderingMiniBosses:OtherGremlinHorn":35,"vexMod:RockOfEvil":36,"FrozenCore":62,"Replay:Wanted Poster":17,"DemoMod:SuperHotWatch":67,"Replay:Ringing Soul":11,"conspire:GlowingRock":2,"Lizard Tail":53,"Replay:Frozen Program":53,"HornCleat":53,"DemoMod:MeltedRock":29,"Prayer Wheel":59,"Kunai":77,"qcfpunch:Red_Cyclone_Teachings":32,"vexMod:RetaliationKit":16,"Girya":3,"construct:RocketBooster":32,"Happy Flower":53,"Choco_Feather":3,"Oddly Smooth Stone":33,"HollowMod:JonisBlessing":82,"wanderingMiniBosses:MasterThiefsPresence":10,"Guardian:PocketSentry":27,"aspiration:SeaSaltIceCream":25,"War Paint":14,"aspiration:FrozenJewel":43,"OrangePellets":39,"Bottled Flame":28,"ReplayTheSpireMod:Shallot":25,"Elementarium:ElementariumTrophy":36,"qcfpunch:Broken_Tusk":40,"Pandora\u0027s Box":24,"hubris:PeanutButter":53,"ReplayTheSpireMod:TigerMarble":26,"Mirror":39,"hermit:Momento":0,"conspire:IceCreamScoop":84,"Lantern":43,"theSenshi:SuperSailorFukuRelic":53,"StoneCalendar":20,"conspire:SpecialSausage":50,"wanderingMiniBosses:AbyssPearl":63,"Juzu Bracelet":0,"Hallownest:DreamNailRelic":1,"hubris:SlimyHat":57,"Mythril_Glove":19,"hubris:EmptyBottle":24,"Replay:Mystery Machine":28,"White_Cape":43,"qcfpunch:Crimson_Sash":25,"ClockworkSouvenir":24,"Replay:Rubber Ducky":53,"DemoMod:SevenLeafClover":0,"Frozen Eye":13,"Dream Catcher":64,"AntiCross":2,"hubris:CuriousFeather":24,"WingedGreaves":25,"DemoMod:GnawedKey":43,"Cracked Core":43,"Potion Belt":43,"Hallownest:SalubrasBlessingRelic":3,"Lee\u0027s Waffle":43,"ReplayTheSpireMod:Ninjato":50,"Replay:Towering Pillar of Hats":75,"infinitespire:CursedDice":21,"hubris:64BitClover":53,"aspiration:RunicSpoon":0,"Quantum Egg":1,"Guardian:GemstoneGun":43,"DemoMod:WeirdEgg":66,"PreservedInsect":24,"Protect_Vest":41,"aspiration:SecretTechniqueScroll":6,"infinitespire:CheckeredPen":26,"infinitespire:Lucky Rock":52,"Medical Kit":82,"White Beast Statue":59,"PureWhite:ReiMu":11,"infinitespire:WardingShard":46,"vexMod:HeadHunter":0,"LetterFromLob":44,"Coffee Dripper":71,"Membership Card":24,"Guard_Bracelet":78,"DemoMod:VorpalBullet":11,"Elementarium:FlickeringLantern":66,"RuthlessExorcism:ReiMu":53},{"DemoMod:GreenGuonStone":147,"Golden Egg":0,"infinitespire:BottledMercury":74,"hubris:CrystalStatue":147,"Menagerie:HuntersKnife":152,"DemoMod:GlassGuonStoneRelic":10,"wanderingMiniBosses:OtherGremlinHorn":115,"vexMod:RockOfEvil":123,"FrozenCore":201,"Replay:Wanted Poster":52,"DemoMod:SuperHotWatch":219,"Replay:Ringing Soul":34,"conspire:GlowingRock":6,"Lizard Tail":171,"Replay:Frozen Program":171,"HornCleat":171,"DemoMod:MeltedRock":94,"Prayer Wheel":191,"Kunai":257,"qcfpunch:Red_Cyclone_Teachings":104,"vexMod:RetaliationKit":45,"Girya":9,"construct:RocketBooster":104,"Happy Flower":171,"Choco_Feather":9,"Oddly Smooth Stone":107,"HollowMod:JonisBlessing":279,"wanderingMiniBosses:MasterThiefsPresence":29,"Guardian:PocketSentry":89,"aspiration:SeaSaltIceCream":85,"War Paint":39,"aspiration:FrozenJewel":147,"OrangePellets":127,"Bottled Flame":92,"ReplayTheSpireMod:Shallot":85,"Elementarium:ElementariumTrophy":123,"qcfpunch:Broken_Tusk":130,"Pandora\u0027s Box":83,"hubris:PeanutButter":171,"ReplayTheSpireMod:TigerMarble":87,"Mirror":127,"hermit:Momento":0,"conspire:IceCreamScoop":286,"Lantern":147,"theSenshi:SuperSailorFukuRelic":171,"StoneCalendar":71,"conspire:SpecialSausage":167,"wanderingMiniBosses:AbyssPearl":205,"Juzu Bracelet":0,"Hallownest:DreamNailRelic":1,"hubris:SlimyHat":184,"Mythril_Glove":60,"hubris:EmptyBottle":83,"Replay:Mystery Machine":92,"White_Cape":147,"qcfpunch:Crimson_Sash":85,"ClockworkSouvenir":83,"Replay:Rubber Ducky":171,"DemoMod:SevenLeafClover":0,"Frozen Eye":37,"Dream Catcher":209,"AntiCross":6,"hubris:CuriousFeather":83,"WingedGreaves":85,"DemoMod:GnawedKey":147,"Cracked Core":147,"Potion Belt":147,"Hallownest:SalubrasBlessingRelic":9,"Lee\u0027s Waffle":147,"ReplayTheSpireMod:Ninjato":167,"Replay:Towering Pillar of Hats":251,"infinitespire:CursedDice":74,"hubris:64BitClover":171,"aspiration:RunicSpoon":0,"Quantum Egg":1,"Guardian:GemstoneGun":147,"DemoMod:WeirdEgg":215,"PreservedInsect":83,"Protect_Vest":131,"aspiration:SecretTechniqueScroll":16,"infinitespire:CheckeredPen":87,"infinitespire:Lucky Rock":169,"Medical Kit":279,"White Beast Statue":192,"PureWhite:ReiMu":34,"infinitespire:WardingShard":157,"vexMod:HeadHunter":0,"LetterFromLob":150,"Coffee Dripper":237,"Membership Card":83,"Guard_Bracelet":260,"DemoMod:VorpalBullet":34,"Elementarium:FlickeringLantern":215,"RuthlessExorcism:ReiMu":171}],"FrozenCore":[46]},"card_choices":[{"not_picked":["Reinforced Body","Steam","Beam Cell"],"picked":"SKIP","floor":1},{"not_picked":["Force Field","ReplayTheSpireMod:Reroute Power","Go for the Eyes"],"picked":"SKIP","floor":2},{"not_picked":["Conserve Battery","Turbo","Beam Cell"],"picked":"SKIP","floor":3},{"not_picked":["Time Bomb","ReplayTheSpireMod:Reroute Power","Barrage"],"picked":"SKIP","floor":6},{"not_picked":["FTL","Conserve Battery"],"picked":"ReplayTheSpireMod:Fabricate Wheel","floor":8},{"not_picked":["Panic Button","Undo"],"picked":"Capacitor","floor":10},{"not_picked":["BasicCrystalCard","Sunder"],"picked":"Hologram","floor":11},{"not_picked":["Go for the Eyes","Hologram","Stack"],"picked":"SKIP","floor":11},{"not_picked":["Static Discharge","Consume","Beam Cell"],"picked":"SKIP","floor":14},{"not_picked":["Hologram","Rebound","Turbo"],"picked":"SKIP","floor":14},{"not_picked":["Rainbow","Reboot"],"picked":"Mirror Shield","floor":16},{"not_picked":["Ball Lightning","Aggregate","Redo"],"picked":"SKIP","floor":18},{"not_picked":["Turbo","Steam","conspire:SharedLibrary"],"picked":"SKIP","floor":18},{"not_picked":["Ball Lightning","Aggregate","Redo"],"picked":"SKIP","floor":18},{"not_picked":["Turbo","Steam","conspire:SharedLibrary"],"picked":"SKIP","floor":18},{"not_picked":["hubris:Ukulele","Self Repair"],"picked":"Electrodynamics","floor":19},{"not_picked":["Heatsinks","Coolheaded","Gash"],"picked":"SKIP","floor":19},{"not_picked":["Auto Shields","Stack","Conserve Battery"],"picked":"SKIP","floor":21},{"not_picked":["ReplayTheSpireMod:Reroute Power","Coolheaded+1","Cold Snap"],"picked":"SKIP","floor":21},{"not_picked":["infinitespire:TheBestDefense","infinitespire:SealOfDarkness+"],"picked":"infinitespire:FutureSight","floor":23},{"not_picked":["Hello World+1","Beam Cell","Conserve Battery"],"picked":"SKIP","floor":23},{"not_picked":["Beam Cell","Lockon","Undo+1"],"picked":"SKIP","floor":27},{"not_picked":["Panic Button","Conserve Battery","Ball Lightning+1"],"picked":"SKIP","floor":28},{"not_picked":["Steam+1","Redo","Stack"],"picked":"SKIP","floor":28},{"not_picked":["Rebound","Storm","Go for the Eyes"],"picked":"SKIP","floor":30},{"not_picked":["Sunder","Sweeping Beam","Conserve Battery"],"picked":"SKIP","floor":30},{"not_picked":["ReplayTheSpireMod:Omega Cannon","conspire:Rain","Sunder"],"picked":"SKIP","floor":31},{"not_picked":["Buffer","Core Surge"],"picked":"Biased Cognition","floor":33},{"not_picked":["Gash","Coolheaded","Panic Button"],"picked":"SKIP","floor":35},{"not_picked":["Gash+1","Steam+1","Go for the Eyes"],"picked":"SKIP","floor":35},{"not_picked":["Sunder+1","Stack"],"picked":"Chill+1","floor":36},{"not_picked":["FIFO Queue","Stack+1","Tempest"],"picked":"SKIP","floor":36},{"not_picked":["Coolheaded+1","Hologram+1"],"picked":"Reboot","floor":38},{"not_picked":["Streamline","Beam Cell","Turbo"],"picked":"SKIP","floor":38},{"not_picked":["hubris:Ssssneak","Transmutation"],"picked":"Deep Breath","floor":39},{"not_picked":["Streamline","Scrape"],"picked":"Conserve Battery","floor":40},{"not_picked":["hubris:PowerSurge","conspire:SharedLibrary","Turbo"],"picked":"SKIP","floor":41},{"not_picked":["Compile Driver","Rebound","Gash+1"],"picked":"SKIP","floor":41},{"not_picked":["ReplayTheSpireMod:Reroute Power","Gash+1","Doom and Gloom"],"picked":"SKIP","floor":42},{"not_picked":["Cold Snap","Go for the Eyes+1","Barrage"],"picked":"SKIP","floor":42},{"not_picked":["ReplaySort","conspire:SharedLibrary+1","Go for the Eyes"],"picked":"SKIP","floor":44},{"not_picked":["Leap","Defragment"],"picked":"Thunder Strike","floor":46},{"not_picked":["White Noise","Go for the Eyes","Rebound"],"picked":"SKIP","floor":46},{"not_picked":["infinitespire:Fortify","hubris:InfiniteBlow+131"],"picked":"ReplayTheSpireMod:Echoes of Time","floor":47},{"not_picked":["ReplaySort","Auto Shields","Leap"],"picked":"SKIP","floor":48},{"not_picked":["Tempest","Conserve Battery+1","Chaos+1"],"picked":"SKIP","floor":48},{"not_picked":["Rebound+1","Fusion","Steam+1"],"picked":"SKIP","floor":55}],"player_experience":1248528,"relics_obtained":[{"floor":6,"key":"hubris:SlimyHat"},{"floor":8,"key":"StoneCalendar"},{"floor":10,"key":"White Beast Statue"},{"floor":18,"key":"wanderingMiniBosses:AbyssPearl"},{"floor":23,"key":"DemoMod:WeirdEgg"},{"floor":24,"key":"DemoMod:MeltedRock"},{"floor":27,"key":"DemoMod:SuperHotWatch"},{"floor":31,"key":"infinitespire:BottledMercury"},{"floor":40,"key":"Replay:Towering Pillar of Hats"},{"floor":43,"key":"Kunai"},{"floor":44,"key":"Guard_Bracelet"}],"event_choices":[{"damage_healed":0,"gold_gain":0,"player_choice":"Argue","damage_taken":0,"max_hp_gain":0,"max_hp_loss":0,"event_name":"conspire:LoneGhost","floor":12,"gold_loss":0},{"damage_healed":0,"gold_gain":0,"player_choice":"Blood","damage_taken":18,"relics_obtained":["Dream Catcher"],"max_hp_gain":0,"max_hp_loss":0,"event_name":"Elementarium:ShatteredPortal","floor":20,"gold_loss":0},{"damage_healed":0,"gold_gain":0,"player_choice":"Poke through","damage_taken":3,"max_hp_gain":0,"max_hp_loss":0,"event_name":"Elementarium:GreatTreasure","floor":22,"gold_loss":0},{"damage_healed":0,"gold_gain":0,"player_choice":"Take","damage_taken":0,"relics_obtained":["Elementarium:FlickeringLantern"],"max_hp_gain":0,"max_hp_loss":0,"event_name":"Elementarium:HeartOfTheVoid","floor":25,"gold_loss":0},{"damage_healed":0,"gold_gain":0,"player_choice":"Memory 1","damage_taken":0,"max_hp_gain":0,"max_hp_loss":0,"event_name":"SensoryStone","floor":39,"gold_loss":0},{"damage_healed":0,"gold_gain":0,"player_choice":"Ignored","damage_taken":0,"max_hp_gain":0,"max_hp_loss":0,"event_name":"Transmorgrifier","floor":45,"gold_loss":0}],"is_beta":false,"boss_relics":[{"not_picked":["Gem_Box","aspiration:RunicSpoon"],"picked":"FrozenCore"},{"not_picked":["vexMod:DeviousBotling","hubris:VirtuousBlindfold"],"picked":"Coffee Dripper"}],"items_purged_floors":[54],"is_endless":false,"potions_floor_spawned":[3,6,8,11,14,16,18,19,21,23,27,28,30,31,33,35,36,38,40,41,42,44,46,48,55],"ascension_level":20}}