{"host":"nbmmy2ys5j9alw05","time":1611127132,"event":{"mods":["AchievementEnabler","BaseMod","Bestiary","Better Vampires","Colored Map","Colored Powertips","Googly Eyes","Minty Spire (QoL Compilation)","Quick Restart","StSLib","The Hierophant","The IronCluck","everything is the same but u backflip on backflip"],"gold_per_floor":[111,186,200,210,135,171,171,180,226,226,253,16,54,54,54,160,160,180,227,227,246,266,266,286,286,286,286,214,223,123,147,147,260,260,278,278,9,27,27,27,27],"floor_reached":40,"language":"ENG","playtime":1503,"items_purged":["Strike_R","Strike_R","Strike_R"],"score":671,"play_id":"faeae289-79e1-4d05-a00d-80bab6b6f199","local_time":"20210119231852","is_ascension_mode":true,"campfire_choices":[{"data":"Uppercut","floor":7,"key":"SMITH"},{"data":"Pummel","floor":10,"key":"SMITH"},{"floor":15,"key":"REST"},{"data":"Limit Break","floor":23,"key":"SMITH"},{"floor":25,"key":"REST"},{"data":"Heavy Blade","floor":27,"key":"SMITH"},{"data":"Demon Form","floor":32,"key":"SMITH"}],"circlet_count":0,"master_deck":["Strike_R","Defend_R","Defend_R","Defend_R","Defend_R","Bash","Rage","Uppercut+1","Clash","Pummel+1","Heavy Blade+1","Combust","Anger","Good Instincts","Demon Form+1","Limit Break+1","True Grit","Shrug It Off","Rupture","Pummel+1","Battle Trance","Hemokinesis","Offering","Madness","Madness"],"relics":["Burning Blood","CeramicFish","Tiny Chest","Anchor","Toy Ornithopter","Happy Flower","Sozu","Orichalcum","Eternal Feather","Dream Catcher","Runic Pyramid","Vajra"],"acts_visited":["Exordium","TheCity","TheBeyond"],"potions_floor_usage":[6,13,16,16,24],"damage_taken":[{"damage":4,"enemies":"2 Louse","floor":1,"turns":3},{"damage":0,"enemies":"Small Slimes","floor":3,"turns":3},{"damage":4,"enemies":"Cultist","floor":4,"turns":3},{"damage":27,"enemies":"3 Sentries","floor":6,"turns":11},{"damage":7,"enemies":"Lots of Slimes","floor":11,"turns":4},{"damage":12,"enemies":"Lagavulin","floor":13,"turns":7},{"damage":25,"enemies":"Slime Boss","floor":16,"turns":5},{"damage":5,"enemies":"3 Byrds","floor":18,"turns":4},{"damage":9,"enemies":"2 Thieves","floor":21,"turns":3},{"damage":24,"enemies":"Shelled Parasite and Fungi","floor":22,"turns":6},{"damage":31,"enemies":"3 Cultists","floor":24,"turns":5},{"damage":9,"enemies":"Champ","floor":33,"turns":6},{"damage":21,"enemies":"3 Darklings","floor":35,"turns":4},{"damage":82,"enemies":"Nemesis","floor":40,"turns":8}],"seed_played":"5785558571475715706","potions_obtained":[{"floor":1,"key":"Energy Potion"},{"floor":6,"key":"GamblersBrew"},{"floor":11,"key":"LiquidBronze"},{"floor":13,"key":"Weak Potion"},{"floor":16,"key":"FearPotion"}],"is_trial":false,"path_per_floor":["M","?","M","M","$","E","R","?","T","R","M","$","E","T","R","B",null,"M","T","$","M","M","R","M","R","T","R","$","?","$","T","R","B",null,"M","?","$","?","$","E"],"character_chosen":"IRONCLAD","items_purchased":["Anchor","Good Instincts","Battle Trance","Vajra"],"campfire_rested":2,"item_purchase_floors":[12,12,28,37],"current_hp_per_floor":[74,63,69,71,71,50,50,50,50,50,49,49,43,43,67,58,75,76,76,76,73,55,55,35,59,59,71,71,71,71,71,80,77,79,64,64,64,54,54,0,0],"gold":27,"neow_bonus":"THREE_CARDS","is_daily":false,"chose_seed":false,"campfire_upgraded":5,"win_rate":0.0,"timestamp":1611127132,"path_taken":["M","?","M","M","$","E","R","?","T","R","?","?","E","?","R","BOSS","M","?","$","M","?","R","M","R","T","R","?","?","$","?","R","BOSS","M","?","$","?","$","E"],"items_purchased_type":["Relic","Card","Card","Relic"],"build_version":"2020-12-22","purchased_purges":3,"victory":false,"max_hp_per_floor":[80,80,80,80,80,80,80,80,80,80,80,80,80,80,80,80,80,80,80,80,80,80,80,80,80,80,80,80,80,80,80,80,80,80,80,80,80,80,80,80,80],"card_choices":[{"not_picked":["Headbutt","Cleave"],"picked":"Rage","floor":0},{"not_picked":["Armaments","True Grit"],"picked":"Uppercut","floor":1},{"not_picked":["Reckless Charge","Power Through"],"picked":"Clash","floor":3},{"not_picked":["Fire Breathing","Sword Boomerang"],"picked":"Pummel","floor":4},{"not_picked":["Reckless Charge","Perfected Strike"],"picked":"Heavy Blade","floor":6},{"not_picked":["Wild Strike","Heavy Blade"],"picked":"Anger","floor":11},{"not_picked":["Armaments","Clash"],"picked":"Demon Form","floor":13},{"not_picked":["Fiend Fire","Exhume"],"picked":"Limit Break","floor":16},{"not_picked":["Clash","Spot Weakness+1"],"picked":"True Grit","floor":18},{"not_picked":["Clash+1","Cleave+1"],"picked":"Shrug It Off","floor":21},{"not_picked":["Headbutt","Clothesline+1"],"picked":"Rupture","floor":22},{"not_picked":["Intimidate","Pommel Strike"],"picked":"Pummel+1","floor":24},{"not_picked":["Impervious","Immolate"],"picked":"Offering","floor":33},{"not_picked":["Havoc+1","Fire Breathing+1","Intimidate+1"],"picked":"SKIP","floor":35}],"player_experience":492427,"relics_obtained":[{"floor":6,"key":"CeramicFish"},{"floor":9,"key":"Tiny Chest"},{"floor":13,"key":"Toy Ornithopter"},{"floor":14,"key":"Happy Flower"},{"floor":19,"key":"Orichalcum"},{"floor":26,"key":"Eternal Feather"},{"floor":31,"key":"Dream Catcher"}],"event_choices":[{"damage_healed":0,"gold_gain":75,"player_choice":"Gather Gold","damage_taken":11,"max_hp_gain":0,"max_hp_loss":0,"event_name":"World of Goop","floor":2,"gold_loss":0},{"damage_healed":0,"gold_gain":0,"cards_transformed":["Strike_R"],"player_choice":"Transformed","damage_taken":0,"max_hp_gain":0,"max_hp_loss":0,"event_name":"Transmorgrifier","floor":8,"gold_loss":0,"cards_obtained":["Combust"]},{"damage_healed":0,"gold_gain":0,"player_choice":"Read","damage_taken":0,"max_hp_gain":0,"max_hp_loss":0,"event_name":"The Library","floor":29,"gold_loss":0,"cards_obtained":["Hemokinesis"]},{"damage_healed":0,"gold_gain":0,"player_choice":"Ignored","damage_taken":0,"max_hp_gain":0,"max_hp_loss":0,"event_name":"Tomb of Lord Red Mask","floor":36,"gold_loss":0},{"damage_healed":0,"gold_gain":0,"player_choice":"Embrace Madness","damage_taken":10,"max_hp_gain":0,"max_hp_loss":0,"event_name":"Winding Halls","floor":38,"gold_loss":0,"cards_obtained":["Madness","Madness"]}],"is_beta":false,"boss_relics":[{"not_picked":["Philosopher\u0027s Stone","Pandora\u0027s Box"],"picked":"Sozu"},{"not_picked":["Velvet Choker","Fusion Hammer"],"picked":"Runic Pyramid"}],"items_purged_floors":[5,30,37],"is_endless":false,"potions_floor_spawned":[1,6,11,13,16,21],"killed_by":"Nemesis","ascension_level":9}}