{"host":"8efry9zhj4tjp5kw","time":1611143516,"event":{"mods":["Act Like it!","Aspiration","Bard","BaseMod","Beaked The Cultist","Colored Map","Colored Powertips","Conspire","Downfall","Glutton Mod","Halation","Hallownest","Hermit","Highlight Path","Hubris","Infinite Spire","Jedi Mod","Jorbs\u0027s Wanderer Trilogy","Koishi","Mad Scientist","Marisa????????","Mimic Mod","Minty Spire (QoL Compilation)","Reworked Bosses","Shop Mod","StSLib","The Administrix","The Construct","The Disciple","The Elementalist","The Factory","The Jungle","The Mystic","The Necromancer","The Runesmith","The Servant 0.9.4","Unceasing Turn Reminder"],"gold_per_floor":[99,119,139,139,157,28,61,74,86,113,123,123,149,163,183,278,278,278,288,288,288,301,301,328,328,359,375,475,500,515,250,270,374,374,374,374,130,130,140,150,186,201,101,132,148,48,58,88,88,88],"floor_reached":51,"language":"ENG","playtime":12162,"items_purged":["bronze:Strike","Writhe","bronze:Strike"],"score":939,"play_id":"a05d3887-54da-473e-b7b9-d00dd2241015","local_time":"20210120125156","is_ascension_mode":true,"campfire_choices":[{"data":"bronze:Goto","floor":1,"key":"SMITH"},{"data":"bronze:FollowUp","floor":12,"key":"SMITH"},{"data":"bronze:Repair","floor":18,"key":"SMITH"},{"data":"bronze:Separator","floor":25,"key":"SMITH"},{"data":"bronze:Library","floor":35,"key":"SMITH"},{"floor":43,"key":"RECALL"},{"data":"expansioncontent:YouAreMine","floor":46,"key":"SMITH"},{"data":"bronze:MaxOutput","floor":49,"key":"SMITH"}],"circlet_count":0,"master_deck":["bronze:Strike","bronze:Defend","bronze:Defend","bronze:Defend","bronze:Defend","bronze:Replicate","bronze:Goto+1","bronze:Turbo+1","bronze:OilSpill","bronze:CutThrough","bronze:FineTuning+1","bronze:Repair+1","bronze:Separator+1","bronze:OilSpill","bronze:Shield","bronze:FollowUp+1","bronze:WhirlingStrike","bronze:Assembly","bronze:MaxOutput+1","bronze:Branch+1","bronze:Library+1","expansioncontent:YouAreMine+1","Master of Strategy","bronze:Refactor+1"],"relics":["bronze:BronzeCore","War Paint","Letter Opener","halation:AfternoonTea","Busted Crown","Lizard Tail","Regal Pillow","jedi:crownofsimplicity","halation:SwordOfLegend","Meat on the Bone","aspiration:EmptySkull","Oddly Smooth Stone","aspiration:PoetsPen_weak","Unceasing Top","hubris:Towel","aspiration:SneckoTail","infinitespire:Joker Card","downfall:HeartBlessingBlue","aspiration:AnachronicSnailShell","downfall:HeartBlessingRed","halation:TwoAmDonut"],"acts_visited":["Exordium","TheCity","TheBeyond"],"potions_floor_usage":[16,27,27,28,33,48,50],"damage_taken":[{"damage":8,"enemies":"Small Slimes","floor":2,"turns":3},{"damage":7,"enemies":"Jaw Worm","floor":3,"turns":3},{"damage":0,"enemies":"Cultist","floor":5,"turns":2},{"damage":0,"enemies":"downfall:FleeingMerchant","floor":6,"turns":4},{"damage":0,"enemies":"Exordium Wildlife","floor":7,"turns":6},{"damage":6,"enemies":"Exordium Wildlife","floor":8,"turns":3},{"damage":13,"enemies":"Exordium Thugs","floor":9,"turns":2},{"damage":10,"enemies":"Lagavulin","floor":10,"turns":5},{"damage":8,"enemies":"Blue Slaver","floor":11,"turns":2},{"damage":0,"enemies":"Large Slime","floor":14,"turns":2},{"damage":0,"enemies":"2 Fungi Beasts","floor":15,"turns":2},{"damage":17,"enemies":"IC_STATUS_ARCHETYPE","floor":16,"turns":5},{"damage":8,"enemies":"Spheric Guardian","floor":19,"turns":4},{"damage":25,"enemies":"Shelled Parasite and Fungi","floor":22,"turns":3},{"damage":21,"enemies":"Book of Stabbing","floor":26,"turns":4},{"damage":15,"enemies":"Snake Plant","floor":27,"turns":3},{"damage":1,"enemies":"SI_SHIV_ARCHETYPE","floor":28,"turns":5},{"damage":10,"enemies":"Gremlin Leader","floor":29,"turns":9},{"damage":17,"enemies":"Chosen and Byrds","floor":30,"turns":6},{"damage":0,"enemies":"downfall:FleeingMerchant","floor":31,"turns":4},{"damage":0,"enemies":"Centurion and Healer","floor":32,"turns":4},{"damage":42,"enemies":"WA_ARCHETYPE_CALM","floor":33,"turns":14},{"damage":8,"enemies":"downfall:FleeingMerchant","floor":37,"turns":3},{"damage":0,"enemies":"Orb Walker","floor":39,"turns":2},{"damage":10,"enemies":"3 Shapes","floor":40,"turns":3},{"damage":0,"enemies":"Maw","floor":41,"turns":6},{"damage":0,"enemies":"Maw","floor":42,"turns":5},{"damage":17,"enemies":"Nightmare","floor":44,"turns":8},{"damage":4,"enemies":"3 Darklings","floor":45,"turns":4},{"damage":8,"enemies":"Writhing Mass","floor":47,"turns":3},{"damage":4,"enemies":"Nemesis","floor":48,"turns":5},{"damage":36,"enemies":"SI_POISON_ARCHETYPE","floor":50,"turns":7}],"seed_played":"8588118921005527634","potions_obtained":[{"floor":2,"key":"SteroidPotion"},{"floor":8,"key":"ColorlessPotion"},{"floor":9,"key":"Regen Potion"},{"floor":11,"key":"Swift Potion"},{"floor":16,"key":"Block Potion"},{"floor":30,"key":"SkillPotion"},{"floor":32,"key":"ColorlessPotion"},{"floor":33,"key":"ColorlessPotion"},{"floor":39,"key":"Weak Potion"},{"floor":40,"key":"BlessingOfTheForge"},{"floor":48,"key":"Fire Potion"}],"is_trial":false,"path_per_floor":["R","M","M","?","M","$","MIM","M","M","E","M","R","T","M","M","B",null,"R","M","?","?","M","?","T","R","E","M","?","E","M","$","M","B",null,"R","?","$","?","M","M","MIM","M","R","NM","M","R","M","E","R","B",null],"character_chosen":"THE_AUTOMATON","items_purchased":["bronze:Repair","Oddly Smooth Stone","Unceasing Top","Master of Strategy"],"campfire_rested":0,"item_purchase_floors":[6,31,37,37],"current_hp_per_floor":[77,69,62,62,62,62,70,72,59,57,49,49,49,49,49,53,77,77,69,69,69,54,54,54,54,43,38,47,47,42,52,63,41,77,77,67,69,69,69,69,77,77,87,70,76,79,79,83,87,54],"gold":88,"neow_bonus":"TEN_PERCENT_HP_BONUS","is_daily":false,"chose_seed":false,"campfire_upgraded":7,"win_rate":0.0,"timestamp":1611143516,"path_taken":["R","M","M","?","M","?","MIM","M","?","E","?","R","?","M","M","BOSS","R","M","?","?","M","?","T","R","E","M","?","E","?","?","M","BOSS","R","?","?","?","M","M","MIM","M","R","NM","?","R","M","E","R","BOSS"],"items_purchased_type":["Card","Relic","Relic","Card"],"build_version":"2020-12-22","purchased_purges":3,"victory":true,"max_hp_per_floor":[77,77,77,77,77,77,77,77,77,77,77,77,77,77,77,77,77,77,77,77,77,77,77,77,77,77,77,77,77,77,77,77,77,77,77,77,77,77,77,77,77,77,87,87,87,87,87,87,87,87],"card_choices":[{"not_picked":["bronze:CloningBeam","bronze:Invalidate"],"picked":"bronze:Turbo","floor":2},{"not_picked":["bronze:CutThrough","bronze:BuggyMess"],"picked":"bronze:OilSpill","floor":3},{"not_picked":["bronze:Virus","bronze:Separator"],"picked":"bronze:FineTuning","floor":5},{"not_picked":["bronze:FineTuning","bronze:CloningBeam","bronze:BugBarrage"],"picked":"SKIP","floor":6},{"not_picked":["bronze:Iterate","bronze:MaxOutput"],"picked":"bronze:Separator","floor":7},{"not_picked":["bronze:Iterate","bronze:WhirlingStrike"],"picked":"bronze:OilSpill","floor":8},{"not_picked":["bronze:Allocate","bronze:Return"],"picked":"bronze:Shield","floor":9},{"not_picked":["bronze:Turbo","bronze:Separator","bronze:GetLatest"],"picked":"SKIP","floor":10},{"not_picked":["bronze:BuggyMess","bronze:Shield"],"picked":"bronze:FollowUp","floor":11},{"not_picked":["bronze:BitShift","bronze:DelayedSlice","bronze:DelayedGuard"],"picked":"SKIP","floor":14},{"not_picked":["bronze:ForLoop","bronze:Break"],"picked":"bronze:WhirlingStrike","floor":15},{"not_picked":["bronze:Hardcode","bronze:Mutator"],"picked":"bronze:Assembly","floor":16},{"not_picked":[],"picked":"bronze:MaxOutput","floor":19},{"not_picked":["bronze:DelayedGuard"],"picked":"SKIP","floor":22},{"not_picked":["bronze:Invalidate"],"picked":"SKIP","floor":26},{"not_picked":["bronze:ClassDefault+1"],"picked":"SKIP","floor":27},{"not_picked":[],"picked":"bronze:Branch+1","floor":29},{"not_picked":["bronze:Flail"],"picked":"SKIP","floor":30},{"not_picked":["bronze:BuggyMess"],"picked":"SKIP","floor":31},{"not_picked":["bronze:NullPointer"],"picked":"SKIP","floor":32},{"not_picked":[],"picked":"bronze:Library","floor":33},{"not_picked":[],"picked":"expansioncontent:YouAreMine","floor":36},{"not_picked":["bronze:Fortify"],"picked":"SKIP","floor":37},{"not_picked":["bronze:FineTuning+1"],"picked":"SKIP","floor":39},{"not_picked":[],"picked":"bronze:Refactor+1","floor":40},{"not_picked":["bronze:MaxOutput+1"],"picked":"SKIP","floor":42},{"not_picked":["bronze:Turbo+1"],"picked":"SKIP","floor":44},{"not_picked":["bronze:Separator+1"],"picked":"SKIP","floor":45},{"not_picked":["bronze:DigitalCarnage"],"picked":"SKIP","floor":47},{"not_picked":["bronze:DelayedSlice+1"],"picked":"SKIP","floor":48}],"player_experience":1088228,"relics_obtained":[{"floor":7,"key":"War Paint"},{"floor":10,"key":"Letter Opener"},{"floor":13,"key":"halation:AfternoonTea"},{"floor":24,"key":"Regal Pillow"},{"floor":26,"key":"jedi:crownofsimplicity"},{"floor":28,"key":"halation:SwordOfLegend"},{"floor":28,"key":"Meat on the Bone"},{"floor":29,"key":"aspiration:EmptySkull"},{"floor":41,"key":"aspiration:SneckoTail"},{"floor":41,"key":"infinitespire:Joker Card"},{"floor":44,"key":"aspiration:AnachronicSnailShell"},{"floor":48,"key":"halation:TwoAmDonut"}],"event_choices":[],"is_beta":false,"boss_relics":[{"not_picked":["Snecko Eye","hubris:CrackedHourglass"],"picked":"Busted Crown"},{"not_picked":["hubris:TerracottaHorce","Empty Cage"],"picked":"aspiration:PoetsPen_weak"}],"items_purged_floors":[6,31,37],"is_endless":false,"potions_floor_spawned":[2,8,9,11,15,16,19,30,32,33,39,40,45,48],"ascension_level":3}}