{"host":"baymyijz6sxaqj5s","time":1611142066,"event":{"mods":["AchievementEnabler","BaseMod","Colored Map","Colored Powertips","DeckTracker","Highlight Path","KOR Keyword Fix","Keyboard Shortcuts","Minty Spire (QoL Compilation)","StSLib","SuperFastMode","everything is the same but u backflip on backflip"],"gold_per_floor":[114,131,149,166,166,146,161,161,185,110,110,128,147,161,161,265,265,276,302,316,329,329,329,347,347,347,347,365,464,464,464,464,567,567,585,585,604,604,615,615,627,627,650,650,664,681,681,365,365,365,365],"floor_reached":50,"language":"KOR","playtime":1961,"items_purged":["Strike_G","Strike_G"],"score":504,"play_id":"900ea0a0-2c65-4104-abf4-bd767ef7dc92","local_time":"20210120202746","is_ascension_mode":true,"campfire_choices":[{"floor":8,"key":"REST"},{"data":"Survivor","floor":11,"key":"SMITH"},{"floor":15,"key":"REST"},{"floor":23,"key":"REST"},{"data":"Tactician","floor":25,"key":"SMITH"},{"data":"Leg Sweep","floor":27,"key":"SMITH"},{"data":"Deflect","floor":30,"key":"SMITH"},{"data":"Corpse Explosion","floor":32,"key":"SMITH"},{"data":"A Thousand Cuts","floor":40,"key":"SMITH"},{"floor":44,"key":"REST"},{"floor":47,"key":"REST"},{"floor":49,"key":"REST"}],"circlet_count":0,"master_deck":["Strike_G","Strike_G+1","Defend_G","Defend_G","Defend_G","Defend_G+1","Defend_G","Survivor+1","Neutralize","Noxious Fumes","Prepared","Deflect+1","Outmaneuver","Leg Sweep+1","Corpse Explosion+1","Tactician+1","Escape Plan+1","Noxious Fumes","A Thousand Cuts+1","Poisoned Stab+1","Catalyst+1","Deadly Poison","Parasite","Crippling Poison","Bane"],"relics":["Ring of the Serpent","Pen Nib","Runic Pyramid","Blood Vial","Pantograph","Gremlin Horn","Regal Pillow","Strawberry"],"acts_visited":["Exordium","TheCity","TheBeyond"],"potions_floor_usage":[7,16,21,21,24,28,50],"damage_taken":[{"damage":0,"enemies":"Cultist","floor":1,"turns":5},{"damage":0,"enemies":"2 Louse","floor":2,"turns":5},{"damage":2,"enemies":"Small Slimes","floor":3,"turns":7},{"damage":32,"enemies":"Gremlin Gang","floor":4,"turns":7},{"damage":0,"enemies":"Looter","floor":7,"turns":4},{"damage":0,"enemies":"Blue Slaver","floor":12,"turns":5},{"damage":15,"enemies":"Exordium Wildlife","floor":13,"turns":7},{"damage":1,"enemies":"2 Fungi Beasts","floor":14,"turns":5},{"damage":25,"enemies":"The Guardian","floor":16,"turns":18},{"damage":31,"enemies":"Chosen","floor":18,"turns":7},{"damage":1,"enemies":"Shell Parasite","floor":20,"turns":7},{"damage":10,"enemies":"Snake Plant","floor":21,"turns":7},{"damage":0,"enemies":"3 Cultists","floor":24,"turns":4},{"damage":0,"enemies":"Sentry and Sphere","floor":28,"turns":7},{"damage":50,"enemies":"Automaton","floor":33,"turns":13},{"damage":4,"enemies":"Orb Walker","floor":35,"turns":6},{"damage":13,"enemies":"3 Shapes","floor":37,"turns":4},{"damage":6,"enemies":"Spire Growth","floor":39,"turns":5},{"damage":37,"enemies":"Writhing Mass","floor":41,"turns":7},{"damage":13,"enemies":"Maw","floor":45,"turns":6},{"damage":40,"enemies":"Jaw Worm Horde","floor":46,"turns":5},{"damage":93,"enemies":"Time Eater","floor":50,"turns":14}],"seed_played":"6930401032950759126","potions_obtained":[{"floor":1,"key":"SneckoOil"},{"floor":4,"key":"ColorlessPotion"},{"floor":6,"key":"EssenceOfSteel"},{"floor":16,"key":"ColorlessPotion"},{"floor":20,"key":"DuplicationPotion"},{"floor":21,"key":"Fire Potion"},{"floor":24,"key":"PowerPotion"},{"floor":37,"key":"Ancient Potion"}],"is_trial":false,"path_per_floor":["M","M","M","M","?","?","M","R","T","$","R","M","M","M","R","B",null,"M","T","M","M","?","R","M","R","T","R","M","?","R","T","R","B",null,"M","?","M","?","M","R","M","?","T","R","M","M","R","$","R","B"],"character_chosen":"THE_SILENT","items_purchased":["Strawberry","Explosive Potion","Bane"],"campfire_rested":6,"item_purchase_floors":[48,48,48],"current_hp_per_floor":[77,77,75,43,28,28,28,51,51,51,51,51,36,35,58,33,77,46,46,47,39,39,62,64,64,64,64,66,66,66,66,66,27,77,73,73,62,62,58,58,23,23,23,61,50,12,50,57,84,0,0],"gold":365,"neow_bonus":"TEN_PERCENT_HP_BONUS","is_daily":false,"chose_seed":false,"campfire_upgraded":6,"win_rate":0.0,"timestamp":1611142066,"path_taken":["M","M","M","?","?","?","M","R","T","$","R","M","M","M","R","BOSS","M","?","M","M","?","R","M","R","T","R","?","?","R","?","R","BOSS","M","?","M","?","M","R","M","?","T","R","M","M","R","$","R","BOSS"],"items_purchased_type":["Relic","Potion","Card"],"build_version":"2020-12-22","purchased_purges":2,"victory":false,"max_hp_per_floor":[77,77,77,77,77,77,77,77,77,77,77,77,77,77,77,77,77,77,77,77,77,77,77,77,77,77,77,77,77,77,77,77,77,77,77,77,77,77,77,77,77,77,77,77,77,77,77,84,84,84,84],"card_choices":[{"not_picked":["Poisoned Stab","Leg Sweep"],"picked":"Noxious Fumes","floor":1},{"not_picked":["Well Laid Plans","Riddle With Holes"],"picked":"Prepared","floor":2},{"not_picked":["Caltrops","Bane","Acrobatics"],"picked":"SKIP","floor":3},{"not_picked":["Backstab","Well Laid Plans","Quick Slash"],"picked":"SKIP","floor":4},{"not_picked":["Blade Dance","Finisher"],"picked":"Deflect","floor":7},{"not_picked":["Underhanded Strike","Acrobatics","Setup"],"picked":"SKIP","floor":12},{"not_picked":["Reflex","Acrobatics"],"picked":"Outmaneuver","floor":13},{"not_picked":["Blade Dance","Accuracy"],"picked":"Leg Sweep","floor":14},{"not_picked":["Night Terror","Adrenaline"],"picked":"Corpse Explosion","floor":16},{"not_picked":["Quick Slash","Underhanded Strike","Infinite Blades"],"picked":"SKIP","floor":18},{"not_picked":["Blade Dance","Flying Knee"],"picked":"Tactician","floor":20},{"not_picked":["Bane","Flying Knee"],"picked":"Escape Plan+1","floor":21},{"not_picked":["Quick Slash","Sucker Punch","Masterful Stab"],"picked":"SKIP","floor":24},{"not_picked":["Cloak And Dagger","Outmaneuver","Prepared"],"picked":"SKIP","floor":28},{"not_picked":["Venomology","Die Die Die"],"picked":"A Thousand Cuts","floor":33},{"not_picked":["Slice+1","Infinite Blades"],"picked":"Poisoned Stab+1","floor":35},{"not_picked":["Expertise","Outmaneuver+1"],"picked":"Catalyst+1","floor":37},{"not_picked":["PiercingWail","Quick Slash"],"picked":"Deadly Poison","floor":39},{"not_picked":["Flying Knee+1","Acrobatics","Poisoned Stab"],"picked":"SKIP","floor":41},{"not_picked":["Outmaneuver+1","Flechettes+1"],"picked":"Crippling Poison","floor":45},{"not_picked":["Quick Slash+1","Poisoned Stab+1","Endless Agony+1"],"picked":"SKIP","floor":46}],"player_experience":63792,"relics_obtained":[{"floor":9,"key":"Pen Nib"},{"floor":19,"key":"Blood Vial"},{"floor":26,"key":"Pantograph"},{"floor":31,"key":"Gremlin Horn"},{"floor":43,"key":"Regal Pillow"}],"event_choices":[{"damage_healed":0,"gold_gain":0,"player_choice":"Entered Light","damage_taken":15,"max_hp_gain":0,"max_hp_loss":0,"event_name":"Shining Light","floor":5,"gold_loss":0,"cards_upgraded":["Defend_G","Strike_G"]},{"damage_healed":0,"gold_gain":0,"player_choice":"Bought 1 Potion","damage_taken":0,"max_hp_gain":0,"max_hp_loss":0,"event_name":"The Woman in Blue","floor":6,"gold_loss":0},{"damage_healed":0,"gold_gain":0,"player_choice":"Copied","damage_taken":0,"max_hp_gain":0,"max_hp_loss":0,"event_name":"Duplicator","floor":22,"gold_loss":0,"cards_obtained":["Noxious Fumes"]},{"damage_healed":0,"gold_gain":99,"player_choice":"Stole From Cult","damage_taken":0,"max_hp_gain":0,"max_hp_loss":0,"event_name":"Nest","floor":29,"gold_loss":0},{"damage_healed":0,"gold_gain":0,"player_choice":"Memory 1","damage_taken":0,"max_hp_gain":0,"max_hp_loss":0,"event_name":"SensoryStone","floor":36,"gold_loss":0},{"damage_healed":0,"gold_gain":0,"player_choice":"Ignored","damage_taken":0,"max_hp_gain":0,"max_hp_loss":0,"event_name":"Mysterious Sphere","floor":38,"gold_loss":0},{"cards_removed":["Strike_G"],"damage_healed":0,"gold_gain":0,"player_choice":"Removed Attack","damage_taken":0,"max_hp_gain":0,"max_hp_loss":0,"event_name":"Falling","floor":42,"gold_loss":0}],"is_beta":false,"boss_relics":[{"not_picked":["SlaversCollar","Busted Crown"],"picked":"Runic Pyramid"},{"not_picked":["Black Star","Tiny House"],"picked":"Ring of the Serpent"}],"items_purged_floors":[10,48],"is_endless":false,"potions_floor_spawned":[1,4,16,20,21,24,37],"killed_by":"Time Eater","ascension_level":3}}