{"host":"254qdhpnbonm8z0p","time":1611129837,"event":{"mods":["BaseMod","Block Reminder","Colored Map","Colored Powertips","Minty Spire (QoL Compilation)","ojb\u0027s Better Paths Mod"],"gold_per_floor":[119,119,136,152,73,98,111,111,111,111,141,141,141,216,216,311,311,328,328,328,343,59,59,78,97,97,97,107,107,107,126,126,221,221,234,234,234],"floor_reached":36,"language":"ENG","playtime":3799,"items_purged":["Defend_B"],"score":372,"play_id":"5cdc79f2-535d-4952-b2e4-e5246200b0b3","local_time":"20210120000357","is_ascension_mode":false,"campfire_choices":[{"data":"Streamline","floor":8,"key":"SMITH"},{"data":"Capacitor","floor":10,"key":"SMITH"},{"floor":12,"key":"REST"},{"data":"Redo","floor":15,"key":"SMITH"},{"data":"Conserve Battery","floor":23,"key":"SMITH"},{"data":"Creative AI","floor":27,"key":"SMITH"},{"floor":32,"key":"REST"}],"circlet_count":0,"master_deck":["Strike_B","Strike_B","Defend_B","Defend_B","Defend_B","Zap+1","Dualcast","Streamline+1","Ball Lightning","Capacitor+1","Redo+1","BootSequence","Electrodynamics","Streamline+1","Conserve Battery+1","Leap+1","Creative AI+1","Hologram+1"],"relics":["Cracked Core","NeowsBlessing","Lantern","Pen Nib","Empty Cage","Enchiridion","Lee\u0027s Waffle","Bottled Tornado","Nloth\u0027s Gift","Busted Crown"],"acts_visited":["Exordium","TheCity","TheBeyond"],"potions_floor_usage":[11,33,33,36],"damage_taken":[{"damage":0,"enemies":"Jaw Worm","floor":1,"turns":1},{"damage":0,"enemies":"Small Slimes","floor":3,"turns":1},{"damage":0,"enemies":"2 Louse","floor":4,"turns":1},{"damage":26,"enemies":"3 Sentries","floor":6,"turns":7},{"damage":19,"enemies":"Exordium Thugs","floor":7,"turns":4},{"damage":20,"enemies":"Gremlin Nob","floor":11,"turns":4},{"damage":14,"enemies":"Slime Boss","floor":16,"turns":8},{"damage":20,"enemies":"Shell Parasite","floor":18,"turns":5},{"damage":20,"enemies":"Spheric Guardian","floor":21,"turns":4},{"damage":2,"enemies":"Centurion and Healer","floor":24,"turns":5},{"damage":20,"enemies":"Shelled Parasite and Fungi","floor":25,"turns":4},{"damage":46,"enemies":"Cultist and Chosen","floor":28,"turns":6},{"damage":1,"enemies":"Snake Plant","floor":31,"turns":3},{"damage":36,"enemies":"Collector","floor":33,"turns":9},{"damage":5,"enemies":"Orb Walker","floor":35,"turns":3},{"damage":78,"enemies":"2 Orb Walkers","floor":36,"turns":4}],"seed_played":"3503657437063405554","potions_obtained":[{"floor":6,"key":"Ancient Potion"},{"floor":7,"key":"Strength Potion"},{"floor":25,"key":"Energy Potion"},{"floor":31,"key":"Block Potion"},{"floor":33,"key":"EssenceOfSteel"},{"floor":35,"key":"Swift Potion"}],"is_trial":false,"path_per_floor":["M","?","M","M","$","E","M","R","T","R","E","R","?","?","R","B",null,"M","?","?","M","$","R","M","M","T","R","M","?","?","M","R","B",null,"M","?"],"character_chosen":"DEFECT","items_purchased":["Capacitor","Lee\u0027s Waffle","Conserve Battery"],"campfire_rested":2,"item_purchase_floors":[5,22,22],"current_hp_per_floor":[75,75,75,75,75,49,30,30,30,30,10,32,32,21,21,7,75,55,39,39,19,82,82,80,60,60,60,14,14,14,13,37,1,82,77,0,0],"gold":234,"neow_bonus":"THREE_ENEMY_KILL","is_daily":false,"chose_seed":false,"campfire_upgraded":5,"win_rate":0.0,"timestamp":1611129837,"path_taken":["M","?","M","M","$","E","M","R","T","R","E","R","?","?","R","BOSS","M","?","?","M","$","R","?","M","T","R","M","?","?","M","R","BOSS","M","?"],"items_purchased_type":["Card","Relic","Card"],"build_version":"2020-12-22","purchased_purges":1,"victory":false,"max_hp_per_floor":[75,75,75,75,75,75,75,75,75,75,75,75,75,75,75,75,75,75,75,75,75,82,82,82,82,82,82,82,82,82,82,82,82,82,82,82,82],"card_choices":[{"not_picked":["Barrage","Compile Driver","Hello World"],"picked":"SKIP","floor":1},{"not_picked":["Gash","Barrage"],"picked":"Streamline","floor":3},{"not_picked":["Darkness","Hologram"],"picked":"Ball Lightning","floor":4},{"not_picked":["Turbo","Rebound","Melter"],"picked":"SKIP","floor":6},{"not_picked":["Steam","Stack"],"picked":"Redo","floor":7},{"not_picked":["Fusion","Redo"],"picked":"BootSequence","floor":11},{"not_picked":["Reboot","All For One"],"picked":"Electrodynamics","floor":16},{"not_picked":["Stack","Beam Cell+1"],"picked":"Streamline+1","floor":18},{"not_picked":["Double Energy","Streamline","Turbo"],"picked":"SKIP","floor":21},{"not_picked":["Steam+1","White Noise+1"],"picked":"Leap+1","floor":24},{"not_picked":["Beam Cell","Skim+1"],"picked":"Creative AI","floor":25},{"not_picked":["Ball Lightning","Sweeping Beam"],"picked":"Hologram+1","floor":28},{"not_picked":["Rebound","Cold Snap","Gash"],"picked":"SKIP","floor":31},{"not_picked":["Rebound"],"picked":"SKIP","floor":35}],"player_experience":95086,"relics_obtained":[{"floor":6,"key":"Lantern"},{"floor":9,"key":"Pen Nib"},{"floor":11,"key":"Bottled Flame"},{"floor":19,"key":"Enchiridion"},{"floor":26,"key":"Bottled Tornado"}],"event_choices":[{"damage_healed":0,"gold_gain":0,"player_choice":"Grow","damage_taken":0,"max_hp_gain":0,"max_hp_loss":0,"event_name":"Living Wall","floor":2,"gold_loss":0,"cards_upgraded":["Zap"]},{"damage_healed":0,"gold_gain":0,"player_choice":"Ignored","damage_taken":0,"max_hp_gain":0,"max_hp_loss":0,"event_name":"Liars Game","floor":13,"gold_loss":0},{"damage_healed":0,"gold_gain":75,"player_choice":"Gather Gold","damage_taken":11,"max_hp_gain":0,"max_hp_loss":0,"event_name":"World of Goop","floor":14,"gold_loss":0},{"damage_healed":0,"gold_gain":0,"player_choice":"Obtained Book","damage_taken":16,"max_hp_gain":0,"max_hp_loss":0,"event_name":"Cursed Tome","floor":19,"gold_loss":0},{"damage_healed":0,"gold_gain":0,"player_choice":"Bought 0 Potions","damage_taken":0,"max_hp_gain":0,"max_hp_loss":0,"event_name":"The Woman in Blue","floor":20,"gold_loss":0},{"damage_healed":0,"gold_gain":0,"player_choice":"Ignored","damage_taken":0,"max_hp_gain":0,"max_hp_loss":0,"event_name":"Vampires","floor":29,"gold_loss":0},{"damage_healed":0,"gold_gain":0,"player_choice":"Traded Relic","damage_taken":0,"relics_obtained":["Nloth\u0027s Gift"],"max_hp_gain":0,"max_hp_loss":0,"event_name":"N\u0027loth","floor":30,"relics_lost":["Bottled Flame"],"gold_loss":0},{"damage_healed":0,"gold_gain":0,"player_choice":"Fight","damage_taken":0,"max_hp_gain":0,"max_hp_loss":0,"event_name":"Mysterious Sphere","floor":36,"gold_loss":0}],"is_beta":false,"boss_relics":[{"not_picked":["Runic Dome","Fusion Hammer"],"picked":"Empty Cage"},{"not_picked":["Cursed Key","SacredBark"],"picked":"Busted Crown"}],"items_purged_floors":[22],"is_endless":false,"potions_floor_spawned":[6,7,25,31,33,35],"killed_by":"2 Orb Walkers","ascension_level":0}}