{"host":"0iuhrgzkozzv273x","time":1611179373,"event":{"mods":["2.2 Compatiblity","Astrologer","BaseMod","ChefMod","Colored Map","Curses Come First","Downfall","Hermit","Jorbs\u0027s Wanderer Trilogy","Key Reminder","Minty Spire (QoL Compilation)","Robot Space Explorer","Shade Mod","Spire Arcade","StSLib","The Construct","The Cursed","The Disciple","The Hayseed","The Runesmith","The Showman","TheFirefly","Unceasing Turn Reminder","Wandering Minibosses","thorton"],"gold_per_floor":[17,17,17,34,34,64,64,81,81,99,130,130,145,155,155,256,256,274,290,303,317,94,94,124,140,215,315,326,326,353,353,353,457,457,475,521,521,521,521,547,561,593,593,593,611,611,611],"floor_reached":46,"language":"ENG","playtime":4065,"items_purged":[],"score":702,"play_id":"38155ab0-dfe0-4309-9b87-fbb11c0c2515","local_time":"20210120164933","is_ascension_mode":true,"campfire_choices":[{"floor":7.0,"key":"REST"},{"floor":12.0,"key":"REST"},{"data":"TheCursedMod:CleanUpWorkshop","floor":15.0,"key":"SMITH"},{"data":"TheCursedMod:CursedWand","floor":23.0,"key":"SMITH"},{"floor":29,"key":"REST"},{"floor":32,"key":"REST"}],"circlet_count":0,"master_deck":["TheCursedMod:Defend_TheCursed","TheCursedMod:Defend_TheCursed","TheCursedMod:Defend_TheCursed","TheCursedMod:CursedWand+1","TheCursedMod:CleanUpWorkshop+1","TheCursedMod:Dregs","TheCursedMod:Hemoplague","TheCursedMod:ManaCirculation","TheCursedMod:ReleasedStrength","TheCursedMod:CursedBoomerang","TheCursedMod:StunningStrike","TheCursedMod:SpitefulPlan+1","TheCursedMod:CollectTribute+1","TheCursedMod:SurpriseAttack","TheCursedMod:WearCloak","TheCursedMod:HellfireBreathing+1","TheCursedMod:CircleOfBlood","TheCursedMod:VoidForm+1","TheCursedMod:CircleOfAbyss","Writhe","TheCursedMod:CursedStaff","TheCursedMod:ReleasedStrength+1","TheCursedMod:ForbiddenAlchemy","TheCursedMod:SoulReap","TheCursedMod:LuckyCharm+1"],"relics":["TheCursedMod:BlackMagic101","FossilizedHelix","Peace Pipe","keyreminder:keyreminder","Frozen Egg 2","PreservedInsect","construct:WeddingRing","Nunchaku","Centennial Puzzle","Pear","TheCursedMod:CrystalBall","Nilry\u0027s Codex","TheCursedMod:FourLeafCloverCharm","Prayer Wheel","Lantern","Happy Flower"],"acts_visited":["Exordium","TheCity","TheBeyond"],"potions_floor_usage":[30,35,36,36,40,42,42,42,42,44],"damage_taken":[{"damage":0.0,"enemies":"Small Slimes","floor":1.0,"turns":4.0},{"damage":1.0,"enemies":"2 Louse","floor":4.0,"turns":3.0},{"damage":54.0,"enemies":"Gremlin Nob","floor":6.0,"turns":7.0},{"damage":0.0,"enemies":"Cultist","floor":8.0,"turns":4.0},{"damage":12.0,"enemies":"3 Louse","floor":10.0,"turns":6.0},{"damage":10.0,"enemies":"3 Sentries","floor":11.0,"turns":6.0},{"damage":0.0,"enemies":"Red Slaver","floor":13.0,"turns":4.0},{"damage":5.0,"enemies":"Gremlin Gang","floor":14.0,"turns":6.0},{"damage":4.0,"enemies":"The Guardian","floor":16.0,"turns":10.0},{"damage":10.0,"enemies":"Spheric Guardian","floor":18.0,"turns":4.0},{"damage":7.0,"enemies":"3 Byrds","floor":19.0,"turns":4.0},{"damage":5.0,"enemies":"Centurion and Healer","floor":20.0,"turns":5.0},{"damage":13.0,"enemies":"Cultist and Chosen","floor":21.0,"turns":6.0},{"damage":20,"enemies":"Gremlin Leader","floor":24,"turns":5},{"damage":10,"enemies":"Chosen and Byrds","floor":25,"turns":5},{"damage":0,"enemies":"Centurion and Healer","floor":28,"turns":5},{"damage":0,"enemies":"Book of Stabbing","floor":30,"turns":4},{"damage":7,"enemies":"Automaton","floor":33,"turns":6},{"damage":0,"enemies":"3 Shapes","floor":35,"turns":4},{"damage":50,"enemies":"2 Orb Walkers","floor":36,"turns":5},{"damage":0,"enemies":"Giant Head","floor":40,"turns":6},{"damage":12,"enemies":"3 Darklings","floor":41,"turns":4},{"damage":54,"enemies":"Reptomancer","floor":42,"turns":6},{"damage":7,"enemies":"Nemesis","floor":44,"turns":4},{"damage":0,"enemies":"Maw","floor":45,"turns":6},{"damage":46,"enemies":"4 Shapes","floor":46,"turns":3}],"seed_played":"-1200259798697800508","potions_obtained":[{"floor":4.0,"key":"LiquidMemories"},{"floor":8.0,"key":"PowerPotion"},{"floor":10.0,"key":"ColorlessPotion"},{"floor":11.0,"key":"LiquidMemories"},{"floor":19.0,"key":"Swift Potion"},{"floor":24,"key":"BlessingOfTheForge"},{"floor":25,"key":"TheCursedMod:DregsPotion"},{"floor":28,"key":"Weak Potion"},{"floor":30,"key":"Block Potion"},{"floor":33,"key":"Regen Potion"},{"floor":35,"key":"Weak Potion"},{"floor":36,"key":"EssenceOfSteel"},{"floor":41,"key":"ColorlessPotion"}],"is_trial":false,"path_per_floor":["M","?","?","M","?","E","R","M","T","M","E","R","M","M","R","B",null,"M","M","M","M","$","R","E","M","T","?","M","R","E","?","R","B",null,"M","?","?","?","?","E","M","E","T","E","M","M"],"character_chosen":"THE_CURSED","items_purchased":["Nunchaku","TheCursedMod:HellfireBreathing+1"],"campfire_rested":4,"item_purchase_floors":[22,22],"current_hp_per_floor":[75,68,68,67,67,13,35,35,35,23,13,35,35,30,30,26,75,65,58,53,40,40,40,20,10,20,20,24,49,51,35,60,57,85,85,35,56,56,56,75,63,13,13,10,40,0,0],"gold":611,"neow_bonus":"REMOVE_TWO","is_daily":false,"chose_seed":false,"campfire_upgraded":2,"win_rate":0.0,"timestamp":1611179373,"path_taken":["M","?","?","?","?","E","R","M","T","?","E","R","M","M","R","BOSS","M","M","?","M","$","R","E","M","T","?","?","R","E","?","R","BOSS","M","?","?","?","?","E","M","E","T","E","M","M"],"items_purchased_type":["Relic","Card"],"build_version":"2020-12-22","purchased_purges":0,"victory":false,"max_hp_per_floor":[75,75,75,75,75,75,75,75,75,75,75,75,75,75,75,75,75,75,75,75,75,75,75,75,75,85,85,85,85,85,85,85,85,85,85,85,85,85,85,85,85,85,85,85,85,85,85],"card_choices":[{"not_picked":["TheCursedMod:RapidMovement","TheCursedMod:Wield"],"picked":"TheCursedMod:Hemoplague","floor":1.0},{"not_picked":["TheCursedMod:Torture","TheCursedMod:VitalStrike","TheCursedMod:CursedArmor"],"picked":"SKIP","floor":4.0},{"not_picked":["TheCursedMod:TroublousMinions","TheCursedMod:CircleOfWindfury"],"picked":"TheCursedMod:ManaCirculation","floor":6.0},{"not_picked":["TheCursedMod:CursedMace","TheCursedMod:CursedBoomerang"],"picked":"TheCursedMod:ReleasedStrength","floor":8.0},{"not_picked":["TheCursedMod:CircleOfWindfury","TheCursedMod:Torture"],"picked":"TheCursedMod:CursedBoomerang","floor":10.0},{"not_picked":["TheCursedMod:CursedMace","TheCursedMod:CursedArmor"],"picked":"TheCursedMod:StunningStrike","floor":11.0},{"not_picked":["TheCursedMod:Stretching","TheCursedMod:CircleOfWindfury"],"picked":"TheCursedMod:SpitefulPlan+1","floor":13.0},{"not_picked":["TheCursedMod:FleshFromBone","TheCursedMod:ReleasedKnowledge","TheCursedMod:Obscuration"],"picked":"SKIP","floor":14.0},{"not_picked":["TheCursedMod:NeowsMight","TheCursedMod:StunningStrike"],"picked":"TheCursedMod:CollectTribute+1","floor":16.0},{"not_picked":["TheCursedMod:BloodBarrier","TheCursedMod:SmokeScreen+1"],"picked":"TheCursedMod:SurpriseAttack","floor":18.0},{"not_picked":["TheCursedMod:CursedMace+1","TheCursedMod:CursedBlade+1","TheCursedMod:SpitefulStrike"],"picked":"SKIP","floor":19.0},{"not_picked":["TheCursedMod:Stigma","TheCursedMod:SpreadPlague"],"picked":"TheCursedMod:WearCloak","floor":20.0},{"not_picked":["TheCursedMod:Torture","TheCursedMod:CircleOfAmplification","TheCursedMod:RavingStaff"],"picked":"SKIP","floor":21.0},{"not_picked":["TheCursedMod:SpitefulStrike","TheCursedMod:Stigma","TheCursedMod:CursedArmor+1"],"picked":"SKIP","floor":24},{"not_picked":["TheCursedMod:Obscuration","TheCursedMod:Torture+1"],"picked":"TheCursedMod:CircleOfBlood","floor":25},{"not_picked":["TheCursedMod:CursedShiv","TheCursedMod:RavingStaff"],"picked":"TheCursedMod:VoidForm+1","floor":28},{"not_picked":["TheCursedMod:Grudge","TheCursedMod:CollectTribute+1","TheCursedMod:UltimatePain"],"picked":"SKIP","floor":30},{"not_picked":["TheCursedMod:ManaCirculation+1","TheCursedMod:DemonicPact+1"],"picked":"TheCursedMod:CircleOfAbyss","floor":33},{"not_picked":["TheCursedMod:Stigma","TheCursedMod:CursedMace+1","TheCursedMod:PrepareRite"],"picked":"SKIP","floor":35},{"not_picked":["TheCursedMod:Mangle+1","TheCursedMod:CircleOfFlame+1"],"picked":"TheCursedMod:ReleasedStrength+1","floor":40},{"not_picked":["TheCursedMod:RapidMovement+1","TheCursedMod:SpitefulPlan+1"],"picked":"TheCursedMod:ForbiddenAlchemy","floor":41},{"not_picked":["TheCursedMod:BlessingInDisguise","TheCursedMod:CircleOfBlood","TheCursedMod:Obscuration"],"picked":"SKIP","floor":41},{"not_picked":["TheCursedMod:SpitefulPray","TheCursedMod:TacticalStrike+1"],"picked":"TheCursedMod:SoulReap","floor":42},{"not_picked":["TheCursedMod:CursedBlade","TheCursedMod:Obscuration"],"picked":"TheCursedMod:LuckyCharm+1","floor":45},{"not_picked":["TheCursedMod:CursedStaff+1","TheCursedMod:WearCloak+1","TheCursedMod:SpitefulStrike+1"],"picked":"SKIP","floor":45},{"not_picked":["TheCursedMod:CursedStaff+1","TheCursedMod:WearCloak+1","TheCursedMod:SpitefulStrike+1"],"picked":"SKIP","floor":45}],"player_experience":1472999,"relics_obtained":[{"floor":6.0,"key":"Peace Pipe"},{"floor":9.0,"key":"Frozen Egg 2"},{"floor":11.0,"key":"PreservedInsect"},{"floor":24,"key":"Centennial Puzzle"},{"floor":26,"key":"Pear"},{"floor":30,"key":"TheCursedMod:CrystalBall"},{"floor":31,"key":"Nilry\u0027s Codex"},{"floor":36,"key":"Prayer Wheel"},{"floor":40,"key":"Lantern"},{"floor":42,"key":"Happy Flower"}],"event_choices":[{"cards_removed":["TheCursedMod:Defend_TheCursed"],"damage_healed":0.0,"max_hp_gain":0.0,"max_hp_loss":0.0,"gold_gain":0.0,"event_name":"Golden Wing","player_choice":"Card Removal","floor":2.0,"gold_loss":0.0,"damage_taken":7.0},{"cards_removed":["TheCursedMod:Strike_TheCursed"],"damage_healed":0.0,"max_hp_gain":0.0,"max_hp_loss":0.0,"gold_gain":0.0,"event_name":"Bonfire Elementals","player_choice":"Offered Basic","floor":3.0,"gold_loss":0.0,"damage_taken":0.0},{"damage_healed":0.0,"max_hp_gain":0.0,"max_hp_loss":0.0,"gold_gain":0.0,"event_name":"WeMeetAgain","player_choice":"Gave Potion","floor":5.0,"gold_loss":0.0,"damage_taken":0.0,"relics_obtained":["FossilizedHelix"]},{"damage_healed":0,"gold_gain":100,"player_choice":"Pray","damage_taken":0,"max_hp_gain":0,"max_hp_loss":0,"event_name":"Golden Shrine","floor":27,"gold_loss":0},{"damage_healed":0,"gold_gain":0,"player_choice":"Obtained Book","damage_taken":16,"max_hp_gain":0,"max_hp_loss":0,"event_name":"Cursed Tome","floor":31,"gold_loss":0},{"damage_healed":0,"gold_gain":0,"player_choice":"Fight","damage_taken":0,"max_hp_gain":0,"max_hp_loss":0,"event_name":"Mysterious Sphere","floor":36,"gold_loss":0},{"damage_healed":21,"gold_gain":0,"player_choice":"Writhe","damage_taken":0,"max_hp_gain":0,"max_hp_loss":0,"event_name":"Winding Halls","floor":37,"gold_loss":0,"cards_obtained":["Writhe"]},{"damage_healed":0,"gold_gain":0,"cards_transformed":["TheCursedMod:Strike_TheCursed"],"player_choice":"Transformed","damage_taken":0,"max_hp_gain":0,"max_hp_loss":0,"event_name":"Transmorgrifier","floor":39,"gold_loss":0,"cards_obtained":["TheCursedMod:CursedStaff"]}],"is_beta":false,"boss_relics":[{"not_picked":["Empty Cage","Ectoplasm"],"picked":"construct:WeddingRing"},{"not_picked":["TheCursedMod:OminousMark","Runic Pyramid"],"picked":"TheCursedMod:FourLeafCloverCharm"}],"items_purged_floors":[],"is_endless":false,"potions_floor_spawned":[4,8,10,11,19,24,25,28,30,33,35,36,41,44],"killed_by":"4 Shapes","ascension_level":3}}