{"host":"ik8ww1p4uabx5gam","time":1611138824,"event":{"mods":["Always Whale","Aspiration","BaseMod","Beaked The Cultist","Better Third Choice","BetterRewards","Colored Map","Colored Powertips","Conspire","Energized Spire","FetchMod","GifTheSpireLib","Hubris","Infinite Spire","Ironclad Rager","Jedi Mod","Minty Spire (QoL Compilation)","Random Character Button","Replay The Spire","Shop Mod","Spicy Shops","Spikes Relics","StSLib","Stuff the Spire","The Blue Laboratory","The Gatherer","Wandering Minibosses","??????REMEMod"],"gold_per_floor":[119,197,208,207,226,226,215,246,246,246,256,256,279,287,287,382,382,382,382,407,407,1160,1160,1171,1183,1209,1223,1223,1223,1252,1265,1265,1442,1442,1552,1305,1305,1401,1510,1510,1637,1637,1663,1806,1555,1674,1192,1192],"floor_reached":47,"language":"ENG","playtime":2275,"items_purged":["Strike_B","Strike_B","Rip and Tear"],"score":779,"play_id":"3c8823ef-4ce1-48e2-8637-99df4b446d75","local_time":"20210120043344","is_ascension_mode":true,"campfire_choices":[{"data":"BootSequence","floor":6.0,"key":"SMITH"},{"data":"BasicCrystalCard","floor":10.0,"key":"SMITH"},{"data":"jedi:meditation","floor":15.0,"key":"SMITH"},{"data":"BasicCrystalCard","floor":23,"key":"SMITH"},{"data":"Chill","floor":29,"key":"SMITH"},{"floor":32,"key":"REST"},{"data":"Glacier","floor":40,"key":"SMITH"},{"data":"Master of Strategy","floor":42,"key":"SMITH"}],"circlet_count":0,"master_deck":["Strike_B+1","Strike_B+1","Defend_B","Defend_B","Defend_B","Defend_B+1","Zap","Dualcast","Alpha+1","BootSequence+1","FIFO Queue","Force Field+1","jedi:meditation+1","BasicCrystalCard+1","jedi:BurstFrost","BasicCrystalCard+1","Crystallizer","Cold Snap","StuffTheSpire:BrainWave","aspiration:Polymerization+1","Coolheaded","Chill+1","Master of Strategy+1","Glacier+1"],"relics":["Cracked Core","REME_ComplimentaryCards","infinitespire:Freezer","aspiration:DSix","hubris:PeanutButter","conspire:SlowCooker","ReplayFunnel","wanderingMiniBosses:MasterThiefsPresence","StuffTheSpire:SapphireSignet","Geode","infinitespire:EvilPickle","jedi:hotpepper","jedi:shrinkray","Whetstone","infinitespire:Broken Mirror","DataDisk","War Paint","REME_OnlineShoppingPlatform"],"acts_visited":["Exordium","TheCity","TheBeyond"],"potions_floor_usage":[31,33,47,47,47],"damage_taken":[{"damage":1.0,"enemies":"Cultist","floor":1.0,"turns":3.0},{"damage":0.0,"enemies":"Jaw Worm","floor":3.0,"turns":3.0},{"damage":5.0,"enemies":"2 Louse","floor":4.0,"turns":5.0},{"damage":5.0,"enemies":"Looter","floor":5.0,"turns":4.0},{"damage":14.0,"enemies":"Exordium Wildlife","floor":7.0,"turns":6.0},{"damage":22.0,"enemies":"Gremlin Nob","floor":8.0,"turns":4.0},{"damage":4.0,"enemies":"2 Fungi Beasts","floor":11.0,"turns":3.0},{"damage":0.0,"enemies":"Replay:BlueRogue","floor":13.0,"turns":7.0},{"damage":0.0,"enemies":"Blue Slaver","floor":14.0,"turns":6.0},{"damage":0.0,"enemies":"Fading Forest","floor":16.0,"turns":11.0},{"damage":11,"enemies":"Spheric Guardian","floor":18,"turns":7},{"damage":0,"enemies":"3 Byrds","floor":22,"turns":3},{"damage":0,"enemies":"Centurion and Healer","floor":24,"turns":5},{"damage":9,"enemies":"Shelled Parasite and Fungi","floor":25,"turns":5},{"damage":16,"enemies":"Cultist and Chosen","floor":27,"turns":7},{"damage":22,"enemies":"Book of Stabbing","floor":30,"turns":6},{"damage":0,"enemies":"Chosen and Byrds","floor":31,"turns":5},{"damage":0,"enemies":"Pondfish","floor":33,"turns":7},{"damage":0,"enemies":"3 Darklings","floor":35,"turns":9},{"damage":0,"enemies":"Orb Walker","floor":38,"turns":4},{"damage":7,"enemies":"Jaw Worm Horde","floor":39,"turns":5},{"damage":0,"enemies":"Giant Head","floor":41,"turns":10},{"damage":0,"enemies":"beaked:SuperParasite","floor":44,"turns":7},{"damage":0,"enemies":"Spire Growth","floor":46,"turns":6},{"damage":60,"enemies":"hubris:Merchant","floor":47,"turns":6}],"seed_played":"-572952469414747551","potions_obtained":[{"floor":1.0,"key":"blueLaboratory:Moonshine"},{"floor":2.0,"key":"blueLaboratory:BottleOfRum"},{"floor":2.0,"key":"blueLaboratory:CorrosionFlask"},{"floor":11.0,"key":"FearPotion"},{"floor":14.0,"key":"Dexterity Potion"},{"floor":16.0,"key":"blueLaboratory:SavagePotion"},{"floor":22,"key":"Regen Potion"},{"floor":24,"key":"blueLaboratory:ImpenetrablePotion"},{"floor":38,"key":"blueLaboratory:RelayPotion"},{"floor":41,"key":"infinitespire:BlackPotion"}],"is_trial":false,"path_per_floor":["M","?","M","M","M","R","M","E","T","R","M","?","E","M","R","B",null,"M","?","T","?","M","R","M","M","T","M","?","R","E","M","R","B",null,"M","$","?","M","M","R","E","R","T","E","$","M","$"],"character_chosen":"DEFECT","items_purchased":["Master of Strategy","DataDisk","War Paint","REME_OnlineShoppingPlatform"],"campfire_rested":1,"item_purchase_floors":[36,45,47,47],"current_hp_per_floor":[74,74,74,69,64,64,50,28,28,28,24,24,24,24,24,24,75,64,64,64,64,64,64,64,55,55,39,25,25,3,18,42,44,60,60,60,60,60,53,53,53,53,53,57,57,57,0,0],"gold":1192,"neow_bonus":"UPGRADE_CARD","is_daily":false,"chose_seed":false,"campfire_upgraded":7,"win_rate":0.0,"timestamp":1611138824,"path_taken":["M","?","?","M","M","R","M","E","T","R","?","?","E","M","R","BOSS","M","?","?","?","M","R","M","?","T","M","?","R","E","M","R","BOSS","M","$","?","M","M","R","E","R","T","E","$","M","?"],"items_purchased_type":["Card","Relic","Relic","Relic"],"build_version":"2020-12-22","purchased_purges":3,"victory":false,"max_hp_per_floor":[75,75,75,75,75,75,75,75,75,75,75,75,75,75,75,75,75,75,75,75,75,75,75,75,75,75,75,80,80,80,80,80,80,60,60,60,60,60,60,60,60,60,60,60,60,60,60,60],"card_choices":[{"not_picked":["StuffTheSpire:CleanHardDrive","jedi:BurstLightning"],"picked":"BootSequence","floor":1.0},{"not_picked":["Storm","Rebound"],"picked":"Rip and Tear","floor":2.0},{"not_picked":["StuffTheSpire:CleanHardDrive","jedi:locknload"],"picked":"FIFO Queue","floor":3.0},{"not_picked":["jedi:blockon","Conserve Battery"],"picked":"Force Field","floor":4.0},{"not_picked":["Beam Cell","Aggregate","Go for the Eyes"],"picked":"SKIP","floor":5.0},{"not_picked":["Hologram","Redo"],"picked":"jedi:meditation","floor":7.0},{"not_picked":["Panic Button","Beam Cell"],"picked":"BasicCrystalCard","floor":8.0},{"not_picked":["Creative AI","REME_SelfUpgrade"],"picked":"jedi:BurstFrost","floor":11.0},{"not_picked":["Redo","Streamline"],"picked":"BasicCrystalCard","floor":13.0},{"not_picked":["Gash","FTL"],"picked":"Crystallizer","floor":14.0},{"not_picked":["Blizzard+1","jedi:BurstFrost"],"picked":"Cold Snap","floor":18},{"not_picked":["StuffTheSpire:Harmony","StuffTheSpire:Brawn"],"picked":"StuffTheSpire:BrainWave","floor":21},{"not_picked":["Leap","Redo"],"picked":"aspiration:Polymerization+1","floor":22},{"not_picked":["Panic Button","Redo"],"picked":"Coolheaded","floor":24},{"not_picked":["StuffTheSpire:Rend","jedi:overflow"],"picked":"Chill","floor":25},{"not_picked":["Reprogram","Barrage","REME_SelfUpgrade+1"],"picked":"SKIP","floor":27},{"not_picked":["Melter+1","jedi:meditation","StuffTheSpire:LoadUp+1"],"picked":"SKIP","floor":30},{"not_picked":["Auto Shields","Ball Lightning","Panic Button+1"],"picked":"SKIP","floor":31},{"not_picked":["Blizzard","Sweeping Beam","Redo"],"picked":"SKIP","floor":35},{"not_picked":["jedi:BurstLightning","Reinforced Body"],"picked":"Glacier","floor":38},{"not_picked":["Force Field+1","Self Repair","REME_Whirling"],"picked":"SKIP","floor":39},{"not_picked":["Recycle","Static Discharge","Rip and Tear"],"picked":"SKIP","floor":41},{"not_picked":["Reboot","Compile Driver+1","jedi:blockon"],"picked":"SKIP","floor":44},{"not_picked":["StuffTheSpire:Rend+1","Turbo","StuffTheSpire:LoadUp+1"],"picked":"SKIP","floor":46}],"player_experience":1017783,"relics_obtained":[{"floor":2.0,"key":"conspire:TopHat"},{"floor":8.0,"key":"infinitespire:Freezer"},{"floor":9.0,"key":"aspiration:DSix"},{"floor":13.0,"key":"hubris:PeanutButter"},{"floor":20,"key":"ReplayFunnel"},{"floor":22,"key":"wanderingMiniBosses:MasterThiefsPresence"},{"floor":26,"key":"StuffTheSpire:SapphireSignet"},{"floor":30,"key":"Geode"},{"floor":41,"key":"jedi:shrinkray"},{"floor":43,"key":"Whetstone"},{"floor":44,"key":"infinitespire:Broken Mirror"}],"event_choices":[{"damage_healed":0,"gold_gain":0,"player_choice":"Shed Blood","damage_taken":19,"max_hp_gain":5,"max_hp_loss":0,"event_name":"Forgotten Altar","floor":28,"gold_loss":0},{"damage_healed":0,"gold_gain":0,"player_choice":"Leave","damage_taken":0,"max_hp_gain":0,"max_hp_loss":0,"event_name":"conspire:Investor","floor":37,"gold_loss":0}],"is_beta":false,"boss_relics":[{"not_picked":["jedi:battlestandard","ReplayTheSpireMod:SealedPack"],"picked":"conspire:SlowCooker"},{"not_picked":["beaked:MawFillet","hubris:Stopwatch"],"picked":"jedi:hotpepper"}],"items_purged_floors":[36,45,47],"is_endless":false,"potions_floor_spawned":[1,8,11,14,16,22,24,25,30,38,41,46],"killed_by":"hubris:Merchant","ascension_level":1}}