{"host":"28p8ce41sjwa6lzf","time":1611153169,"event":{"mods":["BaseMod","Bestiary","Colored Map","Colored Powertips","Dark Map","Highlight Path","Minty Spire (QoL Compilation)","Permanent Neow","Quick Restart","Random Character Button","Rare Cards Sparkle","Relic Stats","StSLib","Unceasing Turn Reminder"],"gold_per_floor":[118,138,153,153,168,168,168,168],"floor_reached":7,"language":"ENG","playtime":234,"items_purged":[],"score":86,"play_id":"79858829-9d5d-4864-8e42-e697548a4128","local_time":"20210120083249","is_ascension_mode":true,"campfire_choices":[{"data":"Scrape","floor":6,"key":"SMITH"}],"circlet_count":0,"master_deck":["AscendersBane","Strike_B","Strike_B","Strike_B","Strike_B","Defend_B+1","Defend_B","Defend_B+1","Defend_B","Zap","Dualcast","Panache","Scrape+1","Genetic Algorithm","Gash","Gash"],"relics":["Cracked Core"],"acts_visited":["Exordium"],"potions_floor_usage":[5],"damage_taken":[{"damage":4.0,"enemies":"Jaw Worm","floor":1.0,"turns":4.0},{"damage":7.0,"enemies":"2 Louse","floor":2.0,"turns":2.0},{"damage":1.0,"enemies":"Cultist","floor":3.0,"turns":3.0},{"damage":12,"enemies":"Exordium Thugs","floor":5,"turns":3},{"damage":35,"enemies":"Gremlin Nob","floor":7,"turns":3}],"seed_played":"6564588861477012424","potions_obtained":[{"floor":2.0,"key":"Explosive Potion"},{"floor":5,"key":"SpeedPotion"}],"is_trial":false,"path_per_floor":["M","M","M","?","M","R","E"],"character_chosen":"DEFECT","items_purchased":[],"campfire_rested":0,"item_purchase_floors":[],"current_hp_per_floor":[60,53,52,33,21,21,0,0],"gold":168,"neow_bonus":"RANDOM_COLORLESS_2","is_daily":false,"chose_seed":false,"campfire_upgraded":1,"win_rate":0.0,"timestamp":1611153169,"path_taken":["M","M","M","?","M","R","E"],"items_purchased_type":[],"build_version":"2020-12-22","purchased_purges":0,"victory":false,"max_hp_per_floor":[64,64,64,64,64,64,64,64],"relic_stats":{"counters":[5,15],"obtain_stats":[{"Cracked Core":0},{"Cracked Core":0},{"Cracked Core":0}]},"card_choices":[{"not_picked":["The Bomb","Violence"],"picked":"Panache","floor":0.0},{"not_picked":["Rebound","Hologram"],"picked":"Scrape","floor":1.0},{"not_picked":["Darkness","Heatsinks"],"picked":"Genetic Algorithm","floor":2.0},{"not_picked":["Chill","Defragment"],"picked":"Gash","floor":3.0},{"not_picked":["Streamline","Barrage"],"picked":"Gash","floor":5}],"player_experience":1157618,"relics_obtained":[],"event_choices":[{"damage_healed":0.0,"max_hp_gain":0.0,"max_hp_loss":0.0,"gold_gain":0.0,"event_name":"Shining Light","player_choice":"Entered Light","floor":4.0,"gold_loss":0.0,"damage_taken":19.0,"cards_upgraded":["Defend_B","Defend_B"]}],"is_beta":false,"boss_relics":[],"items_purged_floors":[],"is_endless":false,"potions_floor_spawned":[2,5],"killed_by":"Gremlin Nob","ascension_level":20}}