{"host":"m0pgjzdcutgetovj","time":1611104594,"event":{"mods":["AchievementEnabler","BaseMod","Hermit","Minty Spire (QoL Compilation)","Replay The Spire","StSLib","The Cursed"],"gold_per_floor":[113,113,124,124,124,124,150,150,177,194,89,89,109,121,121,121,121],"floor_reached":16,"language":"ENG","playtime":514,"items_purged":[],"score":100,"play_id":"973d4449-8d3a-4f1a-9e84-029f32798661","local_time":"20210120120314","is_ascension_mode":false,"campfire_choices":[{"data":"Beam Cell","floor":6.0,"key":"SMITH"},{"floor":8.0,"key":"REST"},{"floor":12.0,"key":"REST"},{"floor":15.0,"key":"REST"}],"circlet_count":0,"master_deck":["Strike_G","Strike_G","Strike_G","Strike_G","Strike_G","Defend_G","Defend_G","Defend_G","Defend_G+1","Defend_G","Caltrops","Quick Slash","Leap","Beam Cell+1","Riddle With Holes","Caltrops","Bane","Toxin Wave","Dagger Spray","Deflect"],"relics":["Ring of the Snake","ReplayFunnel","Pen Nib"],"acts_visited":["Exordium"],"potions_floor_usage":[],"damage_taken":[{"damage":4.0,"enemies":"2 Louse","floor":1.0,"turns":3.0},{"damage":0.0,"enemies":"Jaw Worm","floor":3.0,"turns":5.0},{"damage":56.0,"enemies":"Lagavulin","floor":7.0,"turns":10.0},{"damage":5.0,"enemies":"Small Slimes","floor":10.0,"turns":3.0},{"damage":7.0,"enemies":"Blue Slaver","floor":13.0,"turns":3.0},{"damage":3.0,"enemies":"Exordium Wildlife","floor":14.0,"turns":4.0},{"damage":92,"enemies":"Fading Forest","floor":16,"turns":7}],"seed_played":"-3388890600200139217","potions_obtained":[{"floor":1.0,"key":"SneckoOil"},{"floor":7.0,"key":"CunningPotion"},{"floor":14.0,"key":"Explosive Potion"}],"is_trial":false,"path_per_floor":["M","?","M","?","?","R","E","R","T","M","$","R","M","M","R","B"],"character_chosen":"THE_SILENT","items_purchased":["Bane","Toxin Wave"],"campfire_rested":3,"item_purchase_floors":[11,11],"current_hp_per_floor":[73,73,73,73,73,73,17,40,40,35,35,58,51,48,71,0,0],"gold":121,"neow_bonus":"TEN_PERCENT_HP_BONUS","is_daily":false,"chose_seed":false,"campfire_upgraded":1,"win_rate":0.0,"timestamp":1611104594,"path_taken":["M","?","M","?","?","R","E","R","T","M","?","R","?","M","R","BOSS"],"items_purchased_type":["Card","Card"],"build_version":"2020-12-22","purchased_purges":0,"victory":false,"max_hp_per_floor":[77,77,77,77,77,77,77,77,77,77,77,77,77,77,77,77,77],"card_choices":[{"not_picked":["Footwork","Sneak Up"],"picked":"Caltrops","floor":1.0},{"not_picked":["Sucker Punch","Dagger Spray"],"picked":"Quick Slash","floor":3.0},{"not_picked":["Eviscerate","Dodge and Roll"],"picked":"Riddle With Holes","floor":7.0},{"not_picked":["Cloak And Dagger","ReplayTheSpireMod:Shiv Toss"],"picked":"Caltrops","floor":10.0},{"not_picked":["Sucker Punch","Sneak Up"],"picked":"Dagger Spray","floor":13.0},{"not_picked":["Prepared","Flying Knee"],"picked":"Deflect","floor":14.0}],"player_experience":51121,"relics_obtained":[{"floor":7.0,"key":"ReplayFunnel"},{"floor":9.0,"key":"Pen Nib"}],"event_choices":[{"damage_healed":0.0,"max_hp_gain":0.0,"max_hp_loss":0.0,"gold_gain":0.0,"event_name":"The Cleric","player_choice":"Leave","floor":5.0,"gold_loss":0.0,"damage_taken":0.0}],"is_beta":false,"boss_relics":[],"items_purged_floors":[],"is_endless":false,"potions_floor_spawned":[1,7,14],"killed_by":"Fading Forest","ascension_level":0}}