{"host":"y1oqg7uy0jc6f5mb","time":1611154237,"event":{"mods":["BaseMod","Better Altar","Better Match","Better Note","Better Sensory Stone","Better Skull","Better Third Choice","BetterRewards","Block Reminder","Colored Map","Colored Powertips","Custom Start","DeckTracker","Highlight Path","Minty Spire (QoL Compilation)","Permanent Neow","Quick Restart","Relic Sorter","Relic Stats","Shop Mod","StSLib"],"gold_per_floor":[114,127,127,127,145,145,180,193,193,193,5,5,5,180,180,275,275,285,285,298,313,313,313,343,343,343,343,354,12,23,56,68,179,191,222,234,20,20,36,36,68,68,68,15,15,33,47,47,47],"floor_reached":48,"language":"ENG","playtime":4068,"items_purged":["Writhe"],"score":645,"play_id":"7904a563-767a-45b1-9dbb-68b6f8b976b0","local_time":"20210120225037","is_ascension_mode":true,"campfire_choices":[{"data":"Infinite Blades","floor":6.0,"key":"SMITH"},{"data":"Panache","floor":10.0,"key":"SMITH"},{"floor":15.0,"key":"REST"},{"floor":23.0,"key":"REST"},{"data":"Apotheosis","floor":32.0,"key":"SMITH"},{"data":"Footwork","floor":40.0,"key":"SMITH"},{"data":"A Thousand Cuts","floor":42.0,"key":"SMITH"}],"circlet_count":0,"master_deck":["Strike_G+1","Strike_G","Strike_G","Strike_G","Defend_G+1","Defend_G","Defend_G","Defend_G","Defend_G","Survivor","Neutralize","Good Instincts","Blade Dance","Acrobatics","Panache+1","Infinite Blades+1","Terror","Apotheosis+1","Phantasmal Killer+1","Dash","Acrobatics","Adrenaline","After Image","Backflip","Footwork+1","Leg Sweep","PiercingWail","Leg Sweep+1","A Thousand Cuts+1","Adrenaline","Blade Dance","Choke+1","Parasite","Dodge and Roll+1"],"relics":["Ring of the Snake","Matryoshka","SacredBark","Nloth\u0027s Gift","Eternal Feather","Vajra","Meat on the Bone","Ancient Tea Set","MawBank","HoveringKite","Anchor","War Paint","Shuriken","Bottled Flame"],"acts_visited":["Exordium","TheCity","TheBeyond"],"potions_floor_usage":[],"damage_taken":[{"damage":1.0,"enemies":"Jaw Worm","floor":1.0,"turns":4.0},{"damage":2.0,"enemies":"Small Slimes","floor":2.0,"turns":3.0},{"damage":0.0,"enemies":"2 Louse","floor":5.0,"turns":3.0},{"damage":10.0,"enemies":"3 Sentries","floor":7.0,"turns":6.0},{"damage":3.0,"enemies":"Blue Slaver","floor":8.0,"turns":3.0},{"damage":29.0,"enemies":"The Guardian","floor":16.0,"turns":11.0},{"damage":13.0,"enemies":"Spheric Guardian","floor":18.0,"turns":6.0},{"damage":25.0,"enemies":"Chosen","floor":20.0,"turns":6.0},{"damage":9.0,"enemies":"Centurion and Healer","floor":21.0,"turns":5.0},{"damage":57.0,"enemies":"Book of Stabbing","floor":24.0,"turns":11.0},{"damage":8.0,"enemies":"Snake Plant","floor":28.0,"turns":6.0},{"damage":2.0,"enemies":"3 Cultists","floor":30.0,"turns":5.0},{"damage":18.0,"enemies":"Gremlin Leader","floor":31.0,"turns":6.0},{"damage":25.0,"enemies":"Champ","floor":33.0,"turns":11.0},{"damage":27.0,"enemies":"Orb Walker","floor":35.0,"turns":7.0},{"damage":8.0,"enemies":"3 Darklings","floor":39.0,"turns":6.0},{"damage":36.0,"enemies":"Giant Head","floor":41.0,"turns":10.0},{"damage":3.0,"enemies":"Maw","floor":46.0,"turns":7.0},{"damage":22,"enemies":"Writhing Mass","floor":47,"turns":9},{"damage":39,"enemies":"Reptomancer","floor":48,"turns":2}],"seed_played":"-6316710275163828364","potions_obtained":[{"floor":5.0,"key":"SmokeBomb"},{"floor":7.0,"key":"Regen Potion"},{"floor":8.0,"key":"EntropicBrew"},{"floor":20.0,"key":"Fire Potion"},{"floor":21.0,"key":"FairyPotion"},{"floor":24.0,"key":"SmokeBomb"},{"floor":31.0,"key":"Poison Potion"},{"floor":33.0,"key":"Poison Potion"}],"is_trial":false,"path_per_floor":["M","M","?","?","M","R","E","M","T","R","$","?","$","?","R","B",null,"M","?","M","M","?","R","E","?","T","?","M","$","M","E","R","B",null,"M","?","$","?","M","R","E","R","T","$","?","M","M","E"],"character_chosen":"THE_SILENT","items_purchased":["Apotheosis","Footwork","Leg Sweep","SteroidPotion","Ancient Tea Set","Anchor","Blade Dance"],"campfire_rested":2,"item_purchase_floors":[11,29,29,29,29,37,44],"current_hp_per_floor":[69,67,60,60,60,60,50,47,47,47,47,33,33,33,54,40,63,50,50,25,16,16,37,24,24,24,24,28,28,38,32,47,34,61,46,64,64,64,56,70,46,64,64,64,64,61,39,0,0],"gold":47,"neow_bonus":"RANDOM_COLORLESS","is_daily":false,"chose_seed":false,"campfire_upgraded":5,"win_rate":0.0,"timestamp":1611154237,"path_taken":["M","M","?","?","M","R","E","M","T","R","$","?","?","?","R","BOSS","M","?","?","M","?","R","E","?","T","?","M","$","M","E","R","BOSS","M","?","$","?","M","R","E","R","T","?","?","?","M","E"],"items_purchased_type":["Card","Card","Card","Potion","Relic","Relic","Card"],"build_version":"2020-12-22","purchased_purges":1,"victory":false,"max_hp_per_floor":[70,70,70,70,70,70,70,70,70,70,70,70,70,70,70,70,70,70,70,70,70,70,70,70,70,70,70,70,70,70,70,70,70,70,70,70,70,70,70,70,70,70,70,70,70,70,70,70,70],"relic_stats":{"counters":[20,127],"Shuriken":[8],"HoveringKite":[8],"Eternal Feather":47,"Nloth\u0027s Gift":3,"War Paint":["Leg Sweep","Phantasmal Killer"],"MawBank":72,"obtain_stats":[{"Singing Bowl":7,"SacredBark":17,"Vajra":26,"HoveringKite":34,"Eternal Feather":24,"War Paint":41,"Ancient Tea Set":29,"MawBank":31,"Anchor":37,"Bottled Flame":43,"Matryoshka":9,"Shuriken":43,"Nloth\u0027s Gift":19,"Ring of the Snake":0,"Meat on the Bone":26},{"Singing Bowl":4,"SacredBark":6,"Vajra":10,"HoveringKite":14,"Eternal Feather":10,"War Paint":17,"Ancient Tea Set":11,"MawBank":13,"Anchor":15,"Bottled Flame":17,"Matryoshka":5,"Shuriken":17,"Nloth\u0027s Gift":7,"Ring of the Snake":0,"Meat on the Bone":10},{"Singing Bowl":16,"SacredBark":30,"Vajra":58,"HoveringKite":86,"Eternal Feather":58,"War Paint":109,"Ancient Tea Set":64,"MawBank":75,"Anchor":93,"Bottled Flame":109,"Matryoshka":19,"Shuriken":109,"Nloth\u0027s Gift":36,"Ring of the Snake":0,"Meat on the Bone":58}],"Ring of the Snake":[40],"Meat on the Bone":72},"card_choices":[{"not_picked":["Blind","Madness"],"picked":"Good Instincts","floor":0.0},{"not_picked":["Flying Knee","Tactician"],"picked":"Blade Dance","floor":1.0},{"not_picked":["Blade Dance","Flechettes"],"picked":"Acrobatics","floor":2.0},{"not_picked":["Blind","Sadistic Nature"],"picked":"Panache","floor":4.0},{"not_picked":["Prepared","Slice"],"picked":"Infinite Blades","floor":5.0},{"not_picked":["Well Laid Plans","Dodge and Roll"],"picked":"Terror","floor":7.0},{"not_picked":["Bane","Glass Knife"],"picked":"Backflip","floor":8.0},{"not_picked":["Glass Knife","Unload"],"picked":"Phantasmal Killer","floor":16.0},{"not_picked":["Predator","Infinite Blades"],"picked":"Dash","floor":18.0},{"not_picked":["Slice","Backflip"],"picked":"Acrobatics","floor":20.0},{"not_picked":["Sucker Punch+1","Flechettes","Prepared"],"picked":"SKIP","floor":21.0},{"not_picked":["Dagger Throw","Outmaneuver+1"],"picked":"Adrenaline","floor":24.0},{"not_picked":["Dagger Throw","Blade Dance"],"picked":"Backflip","floor":28.0},{"not_picked":["Distraction","Backstab"],"picked":"PiercingWail","floor":30.0},{"not_picked":["Endless Agony","Slice"],"picked":"Leg Sweep","floor":31.0},{"not_picked":["Die Die Die","Venomology"],"picked":"A Thousand Cuts","floor":33.0},{"not_picked":["Poisoned Stab","Quick Slash","Underhanded Strike"],"picked":"SKIP","floor":35.0},{"not_picked":["Crippling Poison","Flying Knee+1","Sucker Punch"],"picked":"SKIP","floor":39.0},{"not_picked":["Deflect+1","Calculated Gamble+1"],"picked":"Adrenaline","floor":41.0},{"not_picked":["Flying Knee+1","Endless Agony"],"picked":"Choke+1","floor":46.0},{"not_picked":["Predator+1","Well Laid Plans"],"picked":"Dodge and Roll+1","floor":47}],"player_experience":103089,"relics_obtained":[{"floor":7.0,"key":"Singing Bowl"},{"floor":9.0,"key":"Matryoshka"},{"floor":24.0,"key":"Eternal Feather"},{"floor":26.0,"key":"Vajra"},{"floor":26.0,"key":"Meat on the Bone"},{"floor":31.0,"key":"MawBank"},{"floor":41.0,"key":"War Paint"},{"floor":43.0,"key":"Shuriken"},{"floor":43.0,"key":"Bottled Flame"}],"event_choices":[{"cards_removed":["Strike_G"],"damage_healed":0.0,"max_hp_gain":0.0,"max_hp_loss":0.0,"gold_gain":0.0,"event_name":"Golden Wing","player_choice":"Card Removal","floor":3.0,"gold_loss":0.0,"damage_taken":7.0},{"damage_healed":0.0,"max_hp_gain":0.0,"max_hp_loss":0.0,"gold_gain":1.0,"event_name":"betterStone:BetterStone","player_choice":"1","floor":4.0,"gold_loss":0.0,"damage_taken":0.0},{"damage_healed":47.0,"max_hp_gain":0.0,"max_hp_loss":70.0,"gold_gain":0.0,"event_name":"betterThird:BetterShining","player_choice":"Upgrade","floor":12.0,"gold_loss":0.0,"damage_taken":14.0,"cards_upgraded":["Strike_G","Defend_G"]},{"damage_healed":0.0,"max_hp_gain":0.0,"max_hp_loss":0.0,"gold_gain":175.0,"event_name":"betterThird:BetterSerpent","player_choice":"AGREE","floor":14.0,"gold_loss":0.0,"damage_taken":5.0},{"damage_healed":0.0,"max_hp_gain":0.0,"max_hp_loss":0.0,"gold_gain":0.0,"event_name":"N\u0027loth","player_choice":"Traded Relic","floor":19.0,"relics_lost":["Singing Bowl"],"gold_loss":0.0,"damage_taken":0.0,"relics_obtained":["Nloth\u0027s Gift"]},{"damage_healed":0.0,"max_hp_gain":0.0,"max_hp_loss":0.0,"gold_gain":0.0,"event_name":"Ghosts","player_choice":"Ignored","floor":22.0,"gold_loss":0.0,"damage_taken":0.0},{"damage_healed":0.0,"max_hp_gain":0.0,"max_hp_loss":0.0,"gold_gain":0.0,"event_name":"The Library","player_choice":"Read","floor":25.0,"gold_loss":0.0,"damage_taken":0.0,"cards_obtained":["After Image"]},{"cards_removed":["Doubt"],"damage_healed":0.0,"max_hp_gain":0.0,"max_hp_loss":0.0,"gold_gain":0.0,"event_name":"betterThird:BetterWriting","player_choice":"Elegance","floor":27.0,"gold_loss":0.0,"damage_taken":0.0},{"damage_healed":18.0,"max_hp_gain":0.0,"max_hp_loss":0.0,"gold_gain":0.0,"event_name":"Winding Halls","player_choice":"Writhe","floor":36.0,"gold_loss":0.0,"damage_taken":0.0,"cards_obtained":["Writhe"]},{"cards_removed":["Backflip"],"damage_healed":0.0,"max_hp_gain":0.0,"max_hp_loss":0.0,"gold_gain":0.0,"event_name":"Falling","player_choice":"Removed Skill","floor":38.0,"gold_loss":0.0,"damage_taken":0.0},{"damage_healed":0.0,"max_hp_gain":0.0,"max_hp_loss":0.0,"gold_gain":0.0,"event_name":"WeMeetAgain","player_choice":"Ignored","floor":45.0,"gold_loss":0.0,"damage_taken":0.0}],"is_beta":false,"boss_relics":[{"not_picked":["Snecko Eye","Pandora\u0027s Box"],"picked":"SacredBark"},{"not_picked":["Calling Bell","WristBlade"],"picked":"HoveringKite"}],"items_purged_floors":[37],"is_endless":false,"potions_floor_spawned":[5,7,8,20,21,24,31,33],"killed_by":"Reptomancer","ascension_level":5}}