{"host":"7fyy23rucerupe6i","time":1611119237,"event":{"mods":["AchievementEnabler","Act Like it!","BaseMod","BetterRewards","Colored Map","Colored Powertips","Conspire","Custom Start","Downfall","Mad Scientist","Marisa£®ÏF”Í°°ƒß¿Ì…≥£©","Minty Spire (QoL Compilation)","Pale of the Ancients","Quick Restart","Shop Mod","ShortenTheSpire","Spicy Shops","StSLib","SuperFastMode","The Bug Knight","The Construct","The Cursed","The Factory","The Jungle","The Servant 0.9.4","UnlockEverythingMod"],"gold_per_floor":[117,153,90,119,131,143,187,199,211,256,268,297,309,331,343,429,441,470,499,511,541,567,608,620,658,694,726,748,786,798,821,833,924,936,966,994,1016,34,34,34],"floor_reached":39,"language":"ZHS","playtime":1777,"items_purged":["Strike_B","Defend_B","Strike_B","Defend_B"],"score":1106,"play_id":"5ea404c5-7f18-444d-ba5d-a9f1951487cc","local_time":"20210120130717","is_ascension_mode":true,"campfire_choices":[{"data":"Zap","floor":6,"key":"SMITH"},{"data":"Sweeping Beam","floor":8,"key":"SMITH"},{"data":"Dualcast","floor":11,"key":"SMITH"},{"floor":15,"key":"REST"},{"data":"Loop","floor":30,"key":"SMITH"},{"floor":32,"key":"REST"}],"circlet_count":0,"master_deck":["AscendersBane","Strike_B+1","Defend_B+1","Zap+1","Dualcast+1","Sweeping Beam+1","BootSequence+1","Steam+1","Gash+1","Coolheaded+1","Hologram+1","Glacier+1","Fission+1","Loop+1","Coolheaded+1","Loop+1","Blizzard+1","Coolheaded+1","Amplify+1","Coolheaded+1","Echo Form","White Noise+1"],"relics":["Cracked Core","Lantern","Guardian:PocketSentry","Toxic Egg 2","MawBank","conspire:TopHat","Blood Vial","sneckomod:BlankCard","Whetstone","conspire:SpecialSausage","Oddly Smooth Stone","conspire:BottledYoYo","Regal Pillow","conspire:GiftBox","Inserter","HandDrill","conspire:TreasureMap","Pen Nib","HollowMod:PaleOreRelic","War Paint"],"acts_visited":["Exordium","TheCity","TheBeyond"],"potions_floor_usage":[],"damage_taken":[{"damage":0,"enemies":"Small Slimes","floor":1,"turns":2},{"damage":13,"enemies":"conspire:MimicChest","floor":2,"turns":4},{"damage":1,"enemies":"2 Louse","floor":4,"turns":3},{"damage":8,"enemies":"Gremlin Nob","floor":7,"turns":3},{"damage":0,"enemies":"Lagavulin","floor":10,"turns":4},{"damage":0,"enemies":"Cultist","floor":12,"turns":2},{"damage":0,"enemies":"Large Slime","floor":14,"turns":4},{"damage":2,"enemies":"Hexaghost","floor":16,"turns":9},{"damage":0,"enemies":"2 Thieves","floor":18,"turns":3},{"damage":0,"enemies":"Spheric Guardian","floor":19,"turns":4},{"damage":11,"enemies":"Cultist and Chosen","floor":21,"turns":7},{"damage":7,"enemies":"Sentry and Sphere","floor":22,"turns":4},{"damage":0,"enemies":"Slavers","floor":23,"turns":3},{"damage":10,"enemies":"Gremlin Leader","floor":25,"turns":6},{"damage":0,"enemies":"Centurion and Healer","floor":27,"turns":5},{"damage":0,"enemies":"Chosen and Byrds","floor":28,"turns":3},{"damage":0,"enemies":"Book of Stabbing","floor":29,"turns":4},{"damage":0,"enemies":"Shelled Parasite and Fungi","floor":31,"turns":4},{"damage":1,"enemies":"Collector","floor":33,"turns":10},{"damage":13,"enemies":"Orb Walker","floor":35,"turns":3},{"damage":31,"enemies":"3 Shapes","floor":36,"turns":4},{"damage":12,"enemies":"Jaw Worm Horde","floor":37,"turns":5},{"damage":0,"enemies":"Writhing Mass","floor":39,"turns":2}],"seed_played":"7649478513726545114","potions_obtained":[{"floor":2,"key":"CultistPotion"},{"floor":12,"key":"BlessingOfTheForge"},{"floor":16,"key":"Ancient Potion"},{"floor":20,"key":"EssenceOfDarkness"},{"floor":21,"key":"Block Potion"}],"is_trial":false,"path_per_floor":["M","?","?","M","?","R","E","R","T","E","R","M","?","M","R","B",null,"M","M","?","M","M","E","?","E","T","M","M","E","R","M","R","B",null,"M","M","M","$","M"],"character_chosen":"DEFECT","items_purchased":["Lantern","Guardian:PocketSentry","Sweeping Beam","Toxic Egg 2","HandDrill","conspire:TreasureMap","Pen Nib","HollowMod:PaleOreRelic","War Paint"],"campfire_rested":2,"item_purchase_floors":[0,0,0,0,38,38,38,38,38],"current_hp_per_floor":[32,19,19,18,18,18,10,10,10,12,12,14,7,9,30,30,61,63,65,65,56,51,53,53,45,45,47,49,51,51,53,71,70,71,58,29,19,19,21,21],"gold":34,"neow_bonus":"","is_daily":false,"chose_seed":false,"campfire_upgraded":4,"win_rate":0.0,"timestamp":1611119237,"path_taken":["M","?","?","M","?","R","E","R","T","E","R","?","?","M","R","BOSS","M","M","?","?","M","E","?","E","T","?","M","E","R","M","R","BOSS","M","?","M","$","?"],"items_purchased_type":["Relic","Relic","Card","Relic","Relic","Relic","Relic","Relic","Relic"],"build_version":"2020-12-22","purchased_purges":4,"victory":false,"max_hp_per_floor":[71,71,71,71,71,71,71,71,71,71,71,71,71,71,71,71,71,71,71,71,71,71,71,71,71,71,71,71,71,71,71,71,71,71,71,71,71,71,71,71],"card_choices":[{"not_picked":["Sweeping Beam","Fusion+1"],"picked":"BootSequence+1","floor":1},{"not_picked":["Doom and Gloom","Capacitor"],"picked":"Steam+1","floor":2},{"not_picked":["Hello World","Barrage"],"picked":"Gash","floor":4},{"not_picked":["Beam Cell","Rebound"],"picked":"Coolheaded+1","floor":7},{"not_picked":["Darkness+1","Consume+1","Capacitor"],"picked":"SKIP","floor":10},{"not_picked":["Reprogram+1","Go for the Eyes"],"picked":"Hologram+1","floor":12},{"not_picked":["Steam Power+1","Barrage"],"picked":"Glacier+1","floor":14},{"not_picked":["All For One","Echo Form"],"picked":"Fission+1","floor":16},{"not_picked":["Stack+1","Compile Driver"],"picked":"Loop","floor":18},{"not_picked":["Undo+1","Cold Snap","Barrage"],"picked":"SKIP","floor":19},{"not_picked":["Cold Snap","Undo+1"],"picked":"Coolheaded+1","floor":21},{"not_picked":["Stack+1","Skim+1","Static Discharge"],"picked":"SKIP","floor":22},{"not_picked":["Lockon","Melter"],"picked":"Loop","floor":23},{"not_picked":["Core Surge","Cold Snap+1"],"picked":"Blizzard+1","floor":25},{"not_picked":["Beam Cell","Ball Lightning"],"picked":"Coolheaded+1","floor":27},{"not_picked":["Cold Snap","Go for the Eyes","Aggregate+1"],"picked":"SKIP","floor":28},{"not_picked":["Reboot+1","Hyperbeam"],"picked":"Amplify+1","floor":29},{"not_picked":["Meteor Strike","Go for the Eyes","Creative AI"],"picked":"SKIP","floor":29},{"not_picked":["Aggregate+1","Undo+1"],"picked":"Coolheaded+1","floor":31},{"not_picked":["All For One","Electrodynamics"],"picked":"Echo Form","floor":33},{"not_picked":["Leap+1","Stack+1","Hologram+1"],"picked":"SKIP","floor":35},{"not_picked":["Auto Shields+1","Beam Cell"],"picked":"White Noise+1","floor":36},{"not_picked":["Sunder","Rebound","Lockon+1"],"picked":"SKIP","floor":37}],"player_experience":490043,"relics_obtained":[{"floor":2,"key":"MawBank"},{"floor":7,"key":"Blood Vial"},{"floor":9,"key":"sneckomod:BlankCard"},{"floor":10,"key":"Whetstone"},{"floor":23,"key":"Oddly Smooth Stone"},{"floor":25,"key":"conspire:BottledYoYo"},{"floor":26,"key":"Regal Pillow"},{"floor":29,"key":"conspire:GiftBox"}],"event_choices":[{"cards_removed":["Defend_B"],"damage_healed":0,"gold_gain":0,"player_choice":"Card Removal","damage_taken":0,"max_hp_gain":0,"max_hp_loss":0,"event_name":"The Cleric","floor":3,"gold_loss":75},{"damage_healed":0,"gold_gain":0,"player_choice":"Gave Potion","damage_taken":0,"relics_obtained":["conspire:TopHat"],"max_hp_gain":0,"max_hp_loss":0,"event_name":"WeMeetAgain","floor":5,"gold_loss":0},{"cards_removed":["Strike_B"],"damage_healed":0,"gold_gain":0,"player_choice":"Card Removal","damage_taken":7,"max_hp_gain":0,"max_hp_loss":0,"event_name":"Golden Wing","floor":13,"gold_loss":0},{"damage_healed":0,"gold_gain":0,"player_choice":"Got Potions","damage_taken":0,"max_hp_gain":0,"max_hp_loss":0,"event_name":"Lab","floor":20,"gold_loss":0},{"damage_healed":0,"gold_gain":0,"player_choice":"Upgraded","damage_taken":0,"max_hp_gain":0,"max_hp_loss":0,"event_name":"Upgrade Shrine","floor":24,"gold_loss":0,"cards_upgraded":["Loop"]}],"is_beta":false,"boss_relics":[{"not_picked":["sneckomod:SneckoTalon","Cursed Key"],"picked":"conspire:SpecialSausage"},{"not_picked":["Calling Bell","Coffee Dripper"],"picked":"Inserter"}],"items_purged_floors":[0,0,0,38],"is_endless":false,"potions_floor_spawned":[2,12,16,21,25,27,28,31,36,37],"killed_by":"Writhing Mass","ascension_level":20}}