{"host":"k7udt7atmcuzf6l0","time":1611133153,"event":{"mods":["AchievementEnabler","BaseMod","Colored Map","Colored Powertips","Highlight Path","Minty Spire (QoL Compilation)","Quick Restart","Rare Cards Sparkle","StSLib","UnlockEverythingMod"],"gold_per_floor":[110,125,144,144,144,144,172,172,195,214,214,226,226,226,226,327,327,340,340,340,358,370,399,399,411,411,411,411,411,411,23,23,23,23],"floor_reached":33,"language":"ZHT","playtime":645,"items_purged":["Regret"],"score":263,"play_id":"96ade872-9b77-48a5-bae8-60e978aa816c","local_time":"20210120165913","is_ascension_mode":false,"campfire_choices":[{"data":"Armaments","floor":6.0,"key":"SMITH"},{"data":"Infernal Blade","floor":8.0,"key":"SMITH"},{"data":"Sword Boomerang","floor":11.0,"key":"SMITH"},{"data":"Shrug It Off","floor":13.0,"key":"SMITH"},{"floor":15.0,"key":"RECALL"},{"data":"Brutality","floor":24,"key":"SMITH"},{"data":"Pommel Strike","floor":27,"key":"SMITH"},{"data":"Battle Trance","floor":30,"key":"SMITH"},{"floor":32,"key":"REST"}],"circlet_count":0,"master_deck":["Strike_R+1","Strike_R+1","Strike_R+1","Strike_R+1","Strike_R+1","Defend_R+1","Defend_R+1","Defend_R+1","Defend_R+1","Bash+1","Sword Boomerang+1","Armaments+1","Flex+1","Infernal Blade+1","Shrug It Off+1","Brutality+1","Sword Boomerang+1","Dramatic Entrance","Thunderclap","Battle Trance+1","Pommel Strike+1","Wild Strike+1","Cleave","Flex+1","Flex"],"relics":["Burning Blood","NeowsBlessing","Akabeko","Juzu Bracelet","Ancient Tea Set","Sozu","Blood Vial","HornCleat","Bottled Flame"],"acts_visited":["Exordium","TheCity"],"potions_floor_usage":[],"damage_taken":[{"damage":0.0,"enemies":"Cultist","floor":1.0,"turns":1.0},{"damage":0.0,"enemies":"2 Louse","floor":2.0,"turns":1.0},{"damage":0.0,"enemies":"Small Slimes","floor":3.0,"turns":1.0},{"damage":23.0,"enemies":"Lagavulin","floor":7.0,"turns":4.0},{"damage":0.0,"enemies":"2 Fungi Beasts","floor":10.0,"turns":2.0},{"damage":4.0,"enemies":"Gremlin Gang","floor":12.0,"turns":3.0},{"damage":18.0,"enemies":"Slime Boss","floor":16.0,"turns":9.0},{"damage":10.0,"enemies":"Shell Parasite","floor":18.0,"turns":3.0},{"damage":3,"enemies":"3 Byrds","floor":21,"turns":3},{"damage":28,"enemies":"Snake Plant","floor":22,"turns":3},{"damage":4,"enemies":"Gremlin Leader","floor":23,"turns":4},{"damage":11,"enemies":"Chosen and Byrds","floor":25,"turns":4},{"damage":73,"enemies":"Automaton","floor":33,"turns":6}],"seed_played":"3573809632238308307","potions_obtained":[{"floor":2.0,"key":"DistilledChaos"},{"floor":3.0,"key":"SkillPotion"},{"floor":7.0,"key":"DuplicationPotion"}],"is_trial":false,"path_per_floor":["M","M","M","?","?","R","E","R","T","M","R","M","R","?","R","B",null,"M","?","?","M","M","E","R","M","T","R","?","?","R","$","R","B"],"character_chosen":"IRONCLAD","items_purchased":["Bottled Flame","Flex"],"campfire_rested":1,"item_purchase_floors":[31,31],"current_hp_per_floor":[80,80,80,80,64,64,47,47,47,53,53,55,55,55,55,43,80,76,76,61,64,42,44,44,41,41,41,41,41,41,41,66,0,0],"gold":23,"neow_bonus":"THREE_ENEMY_KILL","is_daily":false,"chose_seed":false,"campfire_upgraded":7,"win_rate":0.0,"timestamp":1611133153,"path_taken":["M","M","M","?","?","R","E","R","T","M","R","M","R","?","R","BOSS","M","?","?","M","M","E","R","M","T","R","?","?","R","$","R","BOSS"],"items_purchased_type":["Relic","Card"],"build_version":"2020-12-22","purchased_purges":1,"victory":false,"max_hp_per_floor":[80,80,80,80,80,80,80,80,80,80,80,80,80,80,80,80,80,80,80,85,85,85,85,85,85,85,85,85,85,85,85,85,85,85],"card_choices":[{"not_picked":["Twin Strike","Heavy Blade"],"picked":"Sword Boomerang","floor":1.0},{"not_picked":["Body Slam","Warcry"],"picked":"Armaments","floor":2.0},{"not_picked":["Clash","Havoc"],"picked":"Flex","floor":3.0},{"not_picked":["Power Through","Bludgeon"],"picked":"Infernal Blade","floor":7.0},{"not_picked":["Evolve","Sword Boomerang","Reckless Charge"],"picked":"SKIP","floor":10.0},{"not_picked":["Ghostly Armor","Evolve"],"picked":"Shrug It Off","floor":12.0},{"not_picked":["Exhume","Fiend Fire"],"picked":"Brutality","floor":16.0},{"not_picked":["Ghostly Armor+1","Blood for Blood"],"picked":"Sword Boomerang+1","floor":18.0},{"not_picked":["Sword Boomerang","Infernal Blade"],"picked":"Pommel Strike","floor":21},{"not_picked":["Havoc","Carnage","Rupture"],"picked":"SKIP","floor":22},{"not_picked":["Perfected Strike","Searing Blow"],"picked":"Wild Strike+1","floor":23},{"not_picked":["Rage","Uppercut"],"picked":"Cleave","floor":25}],"player_experience":92026,"relics_obtained":[{"floor":7.0,"key":"Akabeko"},{"floor":9.0,"key":"Juzu Bracelet"},{"floor":23,"key":"Blood Vial"},{"floor":26,"key":"HornCleat"}],"event_choices":[{"damage_healed":0.0,"max_hp_gain":0.0,"max_hp_loss":0.0,"gold_gain":0.0,"event_name":"Living Wall","player_choice":"Grow","floor":4.0,"gold_loss":0.0,"damage_taken":0.0,"cards_upgraded":["Flex"]},{"damage_healed":0.0,"max_hp_gain":0.0,"max_hp_loss":0.0,"gold_gain":0.0,"event_name":"Shining Light","player_choice":"Entered Light","floor":5.0,"gold_loss":0.0,"damage_taken":16.0,"cards_upgraded":["Bash","Strike_R"]},{"damage_healed":0.0,"max_hp_gain":0.0,"max_hp_loss":0.0,"gold_gain":0.0,"event_name":"Big Fish","player_choice":"Box","floor":14.0,"gold_loss":0.0,"damage_taken":0.0,"relics_obtained":["Ancient Tea Set"],"cards_obtained":["Regret"]},{"damage_healed":0,"gold_gain":0,"player_choice":"3 cards matched","damage_taken":0,"max_hp_gain":0,"max_hp_loss":0,"event_name":"Match and Keep!","floor":19,"gold_loss":0,"cards_obtained":["Dramatic Entrance","Thunderclap","Battle Trance"]},{"damage_healed":0,"gold_gain":0,"player_choice":"Shed Blood","damage_taken":20,"max_hp_gain":5,"max_hp_loss":0,"event_name":"Forgotten Altar","floor":20,"gold_loss":0},{"damage_healed":0,"gold_gain":0,"player_choice":"Copied","damage_taken":0,"max_hp_gain":0,"max_hp_loss":0,"event_name":"Duplicator","floor":28,"gold_loss":0,"cards_obtained":["Flex"]},{"damage_healed":0,"gold_gain":0,"player_choice":"Simplicity","damage_taken":0,"max_hp_gain":0,"max_hp_loss":0,"event_name":"Back to Basics","floor":29,"gold_loss":0,"cards_upgraded":["Strike_R","Strike_R","Strike_R","Strike_R","Defend_R","Defend_R","Defend_R","Defend_R"]}],"is_beta":false,"boss_relics":[{"not_picked":["SacredBark","Black Blood"],"picked":"Sozu"}],"items_purged_floors":[31],"is_endless":false,"potions_floor_spawned":[2,3,7,23,25],"killed_by":"Automaton","ascension_level":0}}