{"host":"1c52r9kaxdyo25eq","time":1611160884,"event":{"mods":["AchievementEnabler","BaseMod","Minty Spire (QoL Compilation)","Rare Cards Sparkle","SuperFastMode","everything is the same but u backflip on backflip"],"gold_per_floor":[114,124,124,135,155,155,80,80,80,90,90,90,104,122,122,223,223,243,256,355,325,65,93,105,105,105,115,115,46,46,62,62,167,167,178,35,35,54,67,98,98,132,132,32,48,81,81,98,98,98,98],"floor_reached":50,"language":"KOR","playtime":1873,"items_purged":["Strike_B","Static Discharge"],"score":679,"play_id":"7e1b7cfb-1d18-41dd-bf46-d6b60ef67c79","local_time":"20210121014124","is_ascension_mode":true,"campfire_choices":[{"data":"FTL","floor":6.0,"key":"SMITH"},{"data":"Core Surge","floor":8.0,"key":"SMITH"},{"data":"Ball Lightning","floor":11.0,"key":"SMITH"},{"floor":15.0,"key":"REST"},{"data":"Coolheaded","floor":28,"key":"SMITH"},{"data":"Turbo","floor":30,"key":"SMITH"},{"data":"Creative AI","floor":32,"key":"SMITH"},{"floor":41,"key":"REST"},{"floor":47,"key":"RECALL"},{"data":"Buffer","floor":49,"key":"SMITH"}],"circlet_count":0,"master_deck":["Dualcast+1","Ball Lightning+1","FTL+1","Core Surge+1","Glacier","Creative AI+1","FTL","Chill","Creative AI","Reboot","Core Surge","Turbo+1","Coolheaded+1","Capacitor","Buffer+1","Recycle+1","Self Repair+1"],"relics":["Cracked Core","HornCleat","Pandora\u0027s Box","Cables","Pear","Meat on the Bone","Inserter","Medical Kit","Kunai","Frozen Egg 2","Emotion Chip"],"acts_visited":["Exordium","TheCity","TheBeyond"],"potions_floor_usage":[16,23,23,24,33,40,40,40,40,40,45,50,50],"damage_taken":[{"damage":0.0,"enemies":"Cultist","floor":1.0,"turns":3.0},{"damage":2.0,"enemies":"Jaw Worm","floor":2.0,"turns":3.0},{"damage":7.0,"enemies":"Small Slimes","floor":4.0,"turns":3.0},{"damage":10.0,"enemies":"Gremlin Gang","floor":5.0,"turns":4.0},{"damage":14.0,"enemies":"Exordium Thugs","floor":10.0,"turns":3.0},{"damage":8.0,"enemies":"Blue Slaver","floor":13.0,"turns":2.0},{"damage":0.0,"enemies":"Red Slaver","floor":14.0,"turns":2.0},{"damage":23,"enemies":"Slime Boss","floor":16,"turns":8},{"damage":0,"enemies":"Spheric Guardian","floor":18,"turns":3},{"damage":6,"enemies":"Shell Parasite","floor":19,"turns":5},{"damage":41,"enemies":"Slavers","floor":23,"turns":7},{"damage":12,"enemies":"Shelled Parasite and Fungi","floor":24,"turns":4},{"damage":0,"enemies":"Snecko","floor":27,"turns":3},{"damage":14,"enemies":"Centurion and Healer","floor":31,"turns":6},{"damage":18,"enemies":"Collector","floor":33,"turns":8},{"damage":16,"enemies":"Orb Walker","floor":35,"turns":4},{"damage":5,"enemies":"3 Shapes","floor":38,"turns":5},{"damage":30,"enemies":"Jaw Worm Horde","floor":39,"turns":5},{"damage":33,"enemies":"Reptomancer","floor":40,"turns":7},{"damage":23,"enemies":"Nemesis","floor":42,"turns":9},{"damage":11,"enemies":"Sphere and 2 Shapes","floor":45,"turns":6},{"damage":0,"enemies":"Giant Head","floor":46,"turns":7},{"damage":2,"enemies":"3 Darklings","floor":48,"turns":7},{"damage":64,"enemies":"Time Eater","floor":50,"turns":9}],"seed_played":"3803797670363015235","potions_obtained":[{"floor":2.0,"key":"FocusPotion"},{"floor":13.0,"key":"SpeedPotion"},{"floor":18,"key":"GamblersBrew"},{"floor":21,"key":"SkillPotion"},{"floor":21,"key":"SkillPotion"},{"floor":23,"key":"Explosive Potion"},{"floor":27,"key":"FearPotion"},{"floor":33,"key":"EntropicBrew"},{"floor":35,"key":"GamblersBrew"},{"floor":40,"key":"DuplicationPotion"},{"floor":42,"key":"DistilledChaos"},{"floor":48,"key":"BlessingOfTheForge"}],"is_trial":false,"path_per_floor":["M","M","?","M","M","R","$","R","T","M","R","?","M","M","R","B",null,"M","M","?","?","$","E","M","?","T","M","R","$","R","M","R","B",null,"M","$","?","M","M","E","R","E","T","$","M","E","R","M","R","B"],"character_chosen":"DEFECT","items_purchased":["Cables","Capacitor","Medical Kit"],"campfire_rested":2,"item_purchase_floors":[22,29,36],"current_hp_per_floor":[75,73,58,51,41,41,41,41,41,27,27,27,19,19,41,18,75,75,69,69,69,69,38,26,95,95,95,95,95,95,81,81,63,95,79,79,79,74,56,35,63,52,52,52,53,53,53,61,61,0,0],"gold":98,"neow_bonus":"UPGRADE_CARD","is_daily":false,"chose_seed":false,"campfire_upgraded":7,"win_rate":0.0,"timestamp":1611160884,"path_taken":["M","M","?","M","M","R","$","R","T","M","R","?","?","M","R","BOSS","M","M","?","?","$","E","?","?","T","?","R","?","R","M","R","BOSS","M","$","?","M","M","E","R","E","T","?","M","E","R","M","R","BOSS"],"items_purchased_type":["Relic","Card","Relic"],"build_version":"2020-12-22","purchased_purges":2,"victory":false,"max_hp_per_floor":[75,75,75,75,75,75,75,75,75,75,75,75,75,75,75,75,75,75,75,75,75,75,85,85,95,95,95,95,95,95,95,95,95,95,95,95,95,95,95,95,95,95,95,95,95,95,95,95,95,95,95],"card_choices":[{"not_picked":["Stack","Scrape","Streamline"],"picked":"SKIP","floor":1.0},{"not_picked":["Stack","Cold Snap"],"picked":"Ball Lightning","floor":2.0},{"not_picked":["Hologram","Leap"],"picked":"FTL","floor":4.0},{"not_picked":["Steam Power","Chaos"],"picked":"Core Surge","floor":5.0},{"not_picked":["Redo","FTL","Force Field"],"picked":"SKIP","floor":10.0},{"not_picked":["Barrage","Defragment","Storm"],"picked":"SKIP","floor":13.0},{"not_picked":["Double Energy","Beam Cell"],"picked":"Glacier","floor":14.0},{"not_picked":["Fission","Echo Form"],"picked":"Creative AI","floor":16},{"not_picked":["FTL","Beam Cell+1","Sweeping Beam+1"],"picked":"SKIP","floor":18},{"not_picked":["Beam Cell","Chill+1"],"picked":"Turbo","floor":19},{"not_picked":["Sunder","Consume+1"],"picked":"Coolheaded","floor":23},{"not_picked":["Redo+1","Scrape","Leap"],"picked":"SKIP","floor":24},{"not_picked":["Redo+1","Scrape","Leap"],"picked":"SKIP","floor":24},{"not_picked":["Reinforced Body","Streamline+1","Barrage"],"picked":"SKIP","floor":27},{"not_picked":["Scrape+1","Gash","Reinforced Body"],"picked":"SKIP","floor":31},{"not_picked":["Reboot","Creative AI"],"picked":"Buffer","floor":33},{"not_picked":["Steam","Gash","Hologram"],"picked":"SKIP","floor":35},{"not_picked":["Steam+1","Leap","Ball Lightning+1"],"picked":"SKIP","floor":38},{"not_picked":["Barrage+1","Ball Lightning","Defragment"],"picked":"SKIP","floor":39},{"not_picked":["Beam Cell","Chill+1","Coolheaded"],"picked":"SKIP","floor":40},{"not_picked":["Barrage+1","Turbo","Rip and Tear"],"picked":"SKIP","floor":42},{"not_picked":["Multi-Cast","Compile Driver"],"picked":"Recycle+1","floor":45},{"not_picked":["Double Energy","Scrape"],"picked":"Self Repair+1","floor":46},{"not_picked":["Rebound+1","Steam Power+1","Conserve Battery+1"],"picked":"SKIP","floor":48}],"player_experience":601944,"relics_obtained":[{"floor":9.0,"key":"HornCleat"},{"floor":23,"key":"Pear"},{"floor":26,"key":"Meat on the Bone"},{"floor":40,"key":"Kunai"},{"floor":42,"key":"Frozen Egg 2"},{"floor":46,"key":"Emotion Chip"}],"event_choices":[{"damage_healed":0.0,"max_hp_gain":0.0,"max_hp_loss":0.0,"gold_gain":0.0,"event_name":"Shining Light","player_choice":"Entered Light","floor":3.0,"gold_loss":0.0,"damage_taken":15.0,"cards_upgraded":["Strike_B","Defend_B"]},{"cards_removed":["Defend_B"],"damage_healed":0.0,"max_hp_gain":0.0,"max_hp_loss":0.0,"gold_gain":0.0,"event_name":"Wheel of Change","player_choice":"Card Removal","floor":12.0,"gold_loss":0.0,"damage_taken":0.0},{"damage_healed":0,"gold_gain":99,"player_choice":"Stole From Cult","damage_taken":0,"max_hp_gain":0,"max_hp_loss":0,"event_name":"Nest","floor":20,"gold_loss":0},{"damage_healed":0,"gold_gain":0,"player_choice":"Bought 2 Potions","damage_taken":0,"max_hp_gain":0,"max_hp_loss":0,"event_name":"The Woman in Blue","floor":21,"gold_loss":0},{"cards_removed":["Multi-Cast"],"damage_healed":59,"gold_gain":0,"player_choice":"Offered Rare","damage_taken":0,"max_hp_gain":10,"max_hp_loss":0,"event_name":"Bonfire Elementals","floor":25,"gold_loss":0},{"damage_healed":0,"gold_gain":0,"cards_transformed":["Zap"],"player_choice":"Transformed","damage_taken":0,"max_hp_gain":0,"max_hp_loss":0,"event_name":"Transmorgrifier","floor":37,"gold_loss":0,"cards_obtained":["Static Discharge"]}],"is_beta":false,"boss_relics":[{"not_picked":["Snecko Eye","Tiny House"],"picked":"Pandora\u0027s Box"},{"not_picked":["Busted Crown","Astrolabe"],"picked":"Inserter"}],"items_purged_floors":[7,44],"is_endless":false,"potions_floor_spawned":[2,13,18,23,27,33,35,40,42,48],"killed_by":"Time Eater","ascension_level":3}}