{"host":"88q0baq93r2cvn7j","time":1611158971,"event":{"mods":["AchievementEnabler","Act Like it!","BaseMod","GungeonMod","Minty Spire (QoL Compilation)","StSLib"],"gold_per_floor":[111,127,77,77,2,33,51,78,78,112,112,42,42,59,59,164,164,182,200,213,128,128,158,158,224,224,224,224],"floor_reached":27,"language":"ZHS","playtime":1356,"items_purged":["DemoMod:Strike_Huntress"],"score":376,"play_id":"36f39925-4856-455f-b24d-5f8c5134c39b","local_time":"20210121000931","is_ascension_mode":true,"campfire_choices":[{"data":"DemoMod:ShadowBullets","floor":11,"key":"SMITH"},{"data":"DemoMod:ChanceBullets","floor":13,"key":"SMITH"},{"data":"DemoMod:PotionOfGunFriendShip","floor":15,"key":"SMITH"},{"data":"DemoMod:FinishedGun","floor":24,"key":"SMITH"}],"circlet_count":0,"master_deck":["DemoMod:Defend_Huntress","DemoMod:Defend_Huntress","DemoMod:Defend_Huntress","DemoMod:Defend_Huntress","DemoMod:Roll","DemoMod:ManualReload","DemoMod:RustySidearm","DemoMod:CrossBow","DemoMod:SAA","DemoMod:ShadowBullets+1","DemoMod:Rummage","DemoMod:AWP","DemoMod:HuntsMan","DemoMod:PotionOfGunFriendShip+1","DemoMod:ChanceBullets+1","DemoMod:HungryBullets","DemoMod:FightSabre","DemoMod:TeaPot","DemoMod:AbyssalTentacle","DemoMod:MegaHand","DemoMod:FinishedGun+1","DemoMod:CursedBullets","Normality"],"relics":["DemoMod:Dog","NeowsBlessing","DemoMod:ChaffGrenade","DemoMod:BigBoy","DemoMod:SerJunkan","DemoMod:Junk","Cursed Key","Meat on the Bone","Sundial","DemoMod:SilverBullets"],"acts_visited":["Exordium","TheCity"],"potions_floor_usage":[10,16,19,23,23,27],"damage_taken":[{"damage":0.0,"enemies":"Small Slimes","floor":1.0,"turns":2.0},{"damage":0.0,"enemies":"Jaw Worm","floor":2.0,"turns":1.0},{"damage":0.0,"enemies":"3 Sentries","floor":6.0,"turns":1.0},{"damage":0.0,"enemies":"Cultist","floor":7.0,"turns":3.0},{"damage":39.0,"enemies":"Gremlin Nob","floor":8.0,"turns":5.0},{"damage":0,"enemies":"Lagavulin","floor":10,"turns":3},{"damage":0,"enemies":"3 Louse","floor":14,"turns":2},{"damage":21,"enemies":"Hexaghost","floor":16,"turns":8},{"damage":0,"enemies":"Spheric Guardian","floor":18,"turns":2},{"damage":1,"enemies":"Chosen","floor":19,"turns":4},{"damage":21,"enemies":"Sentry and Sphere","floor":20,"turns":5},{"damage":17,"enemies":"Slavers","floor":23,"turns":5},{"damage":9,"enemies":"Centurion and Healer","floor":25,"turns":4},{"damage":26,"enemies":"Book of Stabbing","floor":27,"turns":2}],"seed_played":"7632740638427545301","potions_obtained":[{"floor":6.0,"key":"Strength Potion"},{"floor":8.0,"key":"Regen Potion"},{"floor":10,"key":"Fire Potion"},{"floor":14,"key":"SteroidPotion"},{"floor":18,"key":"Weak Potion"},{"floor":19,"key":"SpeedPotion"},{"floor":25,"key":"Block Potion"}],"is_trial":false,"path_per_floor":["M","M","?","?","$","E","M","E","T","E","R","$","R","M","R","B",null,"M","M","M","?","?","E","R","M","T","E"],"character_chosen":"HUNTRESS","items_purchased":["DemoMod:ChanceBullets"],"campfire_rested":0,"item_purchase_floors":[12],"current_hp_per_floor":[70,70,70,70,70,70,70,31,31,31,31,31,31,31,31,25,59,59,58,37,37,24,19,19,22,22,0,0],"gold":224,"neow_bonus":"THREE_ENEMY_KILL","is_daily":false,"chose_seed":false,"campfire_upgraded":4,"win_rate":0.0,"timestamp":1611158971,"path_taken":["M","M","?","?","?","E","M","E","T","E","R","$","R","M","R","BOSS","M","M","M","?","?","E","R","M","T","E"],"items_purchased_type":["Card"],"build_version":"2020-12-22","purchased_purges":1,"victory":false,"max_hp_per_floor":[70,70,70,70,70,70,70,70,70,70,70,70,70,70,70,70,70,70,70,70,70,75,75,75,75,75,75,75],"card_choices":[{"not_picked":["DemoMod:AWP","DemoMod:Purify"],"picked":"DemoMod:SAA","floor":1.0},{"not_picked":["DemoMod:Desperate","DemoMod:PracticeMakesPerfect"],"picked":"DemoMod:ShadowBullets","floor":2.0},{"not_picked":["DemoMod:AbyssalTentacle","DemoMod:FeignSurrender"],"picked":"DemoMod:AWP","floor":6.0},{"not_picked":["DemoMod:SpreadAmmo","DemoMod:DoubleSwitch"],"picked":"DemoMod:HuntsMan","floor":7.0},{"not_picked":["DemoMod:HungryBullets","DemoMod:Unmoved"],"picked":"DemoMod:PotionOfGunFriendShip","floor":8.0},{"not_picked":["DemoMod:DoubleSwitch","DemoMod:DirectionalPad","DemoMod:HuntsMan"],"picked":"SKIP","floor":10},{"not_picked":["DemoMod:SpreadAmmo","DemoMod:BoxingGlove"],"picked":"DemoMod:HungryBullets","floor":14},{"not_picked":["DemoMod:DarkMarker","DemoMod:ThirdPartyController"],"picked":"DemoMod:FightSabre","floor":16},{"not_picked":["DemoMod:ProbeStrike+1","DemoMod:FeignSurrender"],"picked":"DemoMod:TeaPot","floor":18},{"not_picked":["DemoMod:SAA","DemoMod:SpreadAmmo+1"],"picked":"DemoMod:AbyssalTentacle","floor":19},{"not_picked":["DemoMod:PracticeMakesPerfect","DemoMod:ProbeStrike"],"picked":"DemoMod:MegaHand","floor":20},{"not_picked":["DemoMod:StrategicReserve","DemoMod:TripleGun"],"picked":"DemoMod:FinishedGun","floor":23},{"not_picked":["DemoMod:GunstockTap+1","DemoMod:DirectionalPad+1"],"picked":"DemoMod:CursedBullets","floor":25}],"player_experience":349362,"relics_obtained":[{"floor":6.0,"key":"DemoMod:ChaffGrenade"},{"floor":8.0,"key":"DemoMod:BigBoy"},{"floor":9.0,"key":"DemoMod:SerJunkan"},{"floor":10,"key":"DemoMod:Junk"},{"floor":23,"key":"Sundial"},{"floor":26,"key":"DemoMod:SilverBullets"}],"event_choices":[{"cards_removed":["DemoMod:Strike_Huntress"],"damage_healed":0.0,"max_hp_gain":0.0,"max_hp_loss":0.0,"gold_gain":0.0,"event_name":"The Cleric","player_choice":"Card Removal","floor":3.0,"gold_loss":50.0,"damage_taken":0.0},{"damage_healed":0.0,"max_hp_gain":0.0,"max_hp_loss":0.0,"gold_gain":0.0,"cards_transformed":["DemoMod:Strike_Huntress"],"event_name":"Living Wall","player_choice":"Change","floor":4.0,"gold_loss":0.0,"damage_taken":0.0,"cards_obtained":["DemoMod:Rummage"]},{"damage_healed":0,"gold_gain":0,"player_choice":"Obtained Relic","damage_taken":0,"relics_obtained":["Meat on the Bone"],"max_hp_gain":0,"max_hp_loss":0,"event_name":"Addict","floor":21,"gold_loss":85},{"damage_healed":0,"gold_gain":0,"player_choice":"Shed Blood","damage_taken":18,"max_hp_gain":5,"max_hp_loss":0,"event_name":"Forgotten Altar","floor":22,"gold_loss":0}],"is_beta":false,"boss_relics":[{"not_picked":["Astrolabe","Runic Dome"],"picked":"Cursed Key"}],"items_purged_floors":[5],"is_endless":false,"potions_floor_spawned":[6,8,10,14,18,19,25],"killed_by":"Book of Stabbing","ascension_level":5}}