{"host":"pletss163z7s8pvv","time":1611108536,"event":{"mods":["AchievementEnabler","BaseMod","Better Altar","CapriCore","Colored Map","Colored Powertips","Conspire","Energized Spire","GifTheSpireLib","Hermit","Ironclad Rager","Jedi Mod","Minty Spire (QoL Compilation)","Spicy Shops","StS++","StSLib","The Alterego","The Bladedancer","The Cursed","The Disciple","The Immortal","The Marked","The Servant 0.9.4"],"gold_per_floor":[114,129,144,114,129,129,144,219,219,234,234,234,249,264,264,364,364,379,478,478,493,74,74,74,74,74],"floor_reached":24,"language":"ENG","playtime":1045,"items_purged":[],"score":190,"play_id":"bca223d3-2f17-4b0e-931c-060c12fb87cf","local_time":"20210119200856","daily_mods":["Shiny","Red Cards","DeadlyEvents"],"is_ascension_mode":false,"campfire_choices":[{"floor":6.0,"key":"REST"},{"floor":11.0,"key":"REST"},{"floor":15.0,"key":"REST"},{"floor":23.0,"key":"REST"}],"circlet_count":0,"master_deck":["MokouMod:Rekindle","MokouMod:ResonatingAura","MokouMod:BurningHiddenBullet","MokouMod:EnchantingBambooForest","MokouMod:Rebirth","MokouMod:PhoenixForm","MokouMod:SearingBlow","MokouMod:SacredFire","MokouMod:SpontaneousHumanCombustion","MokouMod:ExplosiveFlame","MokouMod:Extinguish","MokouMod:Ventilation","MokouMod:ProfanedFlare","MokouMod:RadiantBlade","MokouMod:Geothermal","MokouMod:HouraiForge","MokouMod:HeatTransfer","MokouMod:Wildfire","MokouMod:IndiscriminateIgnition","MokouMod:IgneousBlow","MokouMod:Ember","MokouMod:ScorchingColumn","MokouMod:SearingShot","MokouMod:UncontrollableSolarReaction","MokouMod:HeartofFire","MokouMod:Ventilation","MokouMod:EternalBurstReactor+1","MokouMod:TemporalFireSeal+1","MokouMod:Fireball","MokouMod:ResonanceReactor"],"relics":["MokouMod:PhoenixFeather","Bag of Marbles","Nunchaku","Philosopher\u0027s Stone","alterego_mod:SomeoneToFightFor","StSpp:Dice","jedi:arcanewood","Toy Ornithopter"],"acts_visited":["Exordium","TheCity"],"potions_floor_usage":[],"damage_taken":[{"damage":26.0,"enemies":"Small Slimes","floor":1.0,"turns":5.0},{"damage":14.0,"enemies":"conspire:RoseBush","floor":2.0,"turns":3.0},{"damage":10.0,"enemies":"2 Louse","floor":3.0,"turns":2.0},{"damage":12.0,"enemies":"Looter","floor":4.0,"turns":4.0},{"damage":0.0,"enemies":"2 Fungi Beasts","floor":5.0,"turns":2.0},{"damage":0.0,"enemies":"Large Slime","floor":7.0,"turns":5.0},{"damage":44.0,"enemies":"Lots of Slimes","floor":10.0,"turns":4.0},{"damage":0.0,"enemies":"3 Louse","floor":13.0,"turns":1.0},{"damage":6.0,"enemies":"Exordium Thugs","floor":14.0,"turns":3.0},{"damage":66.0,"enemies":"Hexaghost","floor":16.0,"turns":8.0},{"damage":36.0,"enemies":"Shell Parasite","floor":18.0,"turns":4.0},{"damage":0.0,"enemies":"conspire:FuzzyDice","floor":21.0,"turns":3.0},{"damage":0,"enemies":"conspire:HollyBat","floor":24,"turns":1}],"seed_played":"-1760728548950895142","potions_obtained":[{"floor":1.0,"key":"Dexterity Potion"},{"floor":3.0,"key":"ColorlessPotion"},{"floor":5.0,"key":"LiquidMemories"},{"floor":14.0,"key":"SpeedPotion"},{"floor":16.0,"key":"Explosive Potion"},{"floor":18.0,"key":"DuplicationPotion"}],"is_trial":false,"path_per_floor":["M","M","M","M","M","R","M","?","T","M","R","?","M","M","R","B",null,"M","?","?","M","$","R","M"],"character_chosen":"MKU","items_purchased":["StSpp:Dice","jedi:arcanewood","MokouMod:Fireball","MokouMod:ResonanceReactor"],"campfire_rested":4,"item_purchase_floors":[22,22,22,22],"current_hp_per_floor":[49,35,25,13,13,35,35,24,24,18,40,37,37,31,53,11,75,39,39,39,53,53,75,75,75,75],"gold":74,"neow_bonus":"","is_daily":true,"chose_seed":false,"campfire_upgraded":0,"win_rate":0.0,"timestamp":1611108536,"path_taken":["M","M","M","M","M","R","M","?","T","M","R","?","M","M","R","BOSS","M","?","?","M","$","R","M"],"items_purchased_type":["Relic","Relic","Card","Card"],"build_version":"2020-12-22","purchased_purges":0,"victory":false,"max_hp_per_floor":[75,75,75,75,75,75,75,75,75,75,75,75,75,75,75,75,75,75,75,75,75,75,75,75,75,75],"card_choices":[{"not_picked":["MokouMod:RisingSunBarrier","MokouMod:Stoke"],"picked":"MokouMod:HeatTransfer","floor":1.0},{"not_picked":["MokouMod:ResoluteFlare","MokouMod:AdaptivePyromancy"],"picked":"MokouMod:Wildfire","floor":2.0},{"not_picked":["MokouMod:SubterraneanCore","MokouMod:Refresh"],"picked":"MokouMod:IndiscriminateIgnition","floor":3.0},{"not_picked":["MokouMod:TemporalFireSeal","MokouMod:Ember"],"picked":"MokouMod:IgneousBlow","floor":4.0},{"not_picked":["MokouMod:CrimsonFlare","MokouMod:UncontrollableSolarReaction"],"picked":"MokouMod:Ember","floor":5.0},{"not_picked":["MokouMod:SearingShot","MokouMod:FlareStarter"],"picked":"MokouMod:ScorchingColumn","floor":7.0},{"not_picked":["MokouMod:Sear","MokouMod:BurningDraft"],"picked":"MokouMod:SearingShot","floor":10.0},{"not_picked":["MokouMod:Rekindle","MokouMod:BurningDraft"],"picked":"MokouMod:UncontrollableSolarReaction","floor":13.0},{"not_picked":["MokouMod:Stoke","MokouMod:Overheat"],"picked":"MokouMod:HeartofFire","floor":14.0},{"not_picked":["MokouMod:ResonatingAura","MokouMod:Rekindle"],"picked":"MokouMod:Ventilation","floor":16.0},{"not_picked":["MokouMod:HeatTransfer","MokouMod:Stoke"],"picked":"MokouMod:EternalBurstReactor+1","floor":18.0},{"not_picked":["MokouMod:Singe","MokouMod:Stoke+1"],"picked":"MokouMod:TemporalFireSeal+1","floor":21.0}],"player_experience":434137,"relics_obtained":[{"floor":9.0,"key":"Bag of Marbles"}],"event_choices":[{"damage_healed":0.0,"max_hp_gain":0.0,"max_hp_loss":0.0,"gold_gain":75.0,"event_name":"World of Goop","player_choice":"Gather Gold","floor":8.0,"gold_loss":0.0,"damage_taken":11.0},{"damage_healed":0.0,"max_hp_gain":0.0,"max_hp_loss":0.0,"gold_gain":0.0,"event_name":"Scrap Ooze","player_choice":"Success","floor":12.0,"gold_loss":0.0,"damage_taken":3.0,"relics_obtained":["Nunchaku"]},{"damage_healed":0.0,"max_hp_gain":0.0,"max_hp_loss":0.0,"gold_gain":99.0,"event_name":"Nest","player_choice":"Stole From Cult","floor":19.0,"gold_loss":0.0,"damage_taken":0.0},{"damage_healed":0.0,"max_hp_gain":0.0,"max_hp_loss":0.0,"gold_gain":0.0,"event_name":"Secret Garden","player_choice":"Choice 2","floor":20.0,"gold_loss":0.0,"damage_taken":0.0,"relics_obtained":["alterego_mod:SomeoneToFightFor"]}],"is_beta":false,"boss_relics":[{"not_picked":["energizedSpire:OgreHead","energizedSpire:RedRose"],"picked":"Philosopher\u0027s Stone"}],"items_purged_floors":[],"is_endless":false,"potions_floor_spawned":[1,3,5,14,16,18],"killed_by":"conspire:HollyBat","ascension_level":0}}