{"host":"o7j6aatxjwpw1421","time":1611139898,"event":{"mods":["2.2 Compatiblity","AchievementEnabler","BaseMod","Colored Map","DeckTracker","Highlight Path","Keyboard Shortcuts","Minty Spire (QoL Compilation)","Permanent Neow","Quick Restart","StSLib","SuperFastMode","everything is the same but u backflip on backflip"],"gold_per_floor":[368,64,34,54,74,74,109,127,127,137,137,37,37,63,63,138,138,154,154,154,154,183,198,230,71,71,103,103,122,122,122,122,193,193,207,219,219,69,84,101,101,126,126,146,166,166,198,211,211,211],"floor_reached":51,"language":"KOR","playtime":2428,"items_purged":["Defend_P","Strike_P","Strike_P","Strike_P+1"],"score":1371,"play_id":"60522336-baad-4bc1-a8f9-111f2a7e0b7d","local_time":"20210120195138","is_ascension_mode":true,"campfire_choices":[{"data":"Eruption","floor":6.0,"key":"SMITH"},{"floor":11.0,"key":"REST"},{"data":"CarveReality","floor":13.0,"key":"SMITH"},{"data":"LessonLearned","floor":15.0,"key":"SMITH"},{"floor":28.0,"key":"REST"},{"floor":32.0,"key":"RECALL"},{"floor":46.0,"key":"REST"},{"floor":49,"key":"REST"}],"circlet_count":0,"master_deck":["AscendersBane","Defend_P+1","Defend_P+1","Eruption+1","Vigilance+1","MentalFortress+1","CarveReality+1","BowlingBash+1","FearNoEvil+1","LessonLearned+1","Vault+1","Adaptation","Adaptation+1","WaveOfTheHand+1","SignatureMove+1","MasterReality","Madness+1","Madness+1","MentalFortress"],"relics":["PureWater","Omamori","MealTicket","Meat on the Bone","Prayer Wheel","Fusion Hammer","Eternal Feather","Matryoshka","Red Mask","Anchor","Pen Nib","Pear","Tiny Chest","Unceasing Top","SacredBark","Centennial Puzzle","FossilizedHelix","Potion Belt","Mercury Hourglass","Letter Opener"],"acts_visited":["Exordium","TheCity","TheBeyond"],"potions_floor_usage":[47,50,50],"damage_taken":[{"damage":1.0,"enemies":"Small Slimes","floor":1.0,"turns":3.0},{"damage":1.0,"enemies":"Cultist","floor":4.0,"turns":4.0},{"damage":2.0,"enemies":"Jaw Worm","floor":5.0,"turns":3.0},{"damage":24.0,"enemies":"Gremlin Nob","floor":7.0,"turns":3.0},{"damage":0.0,"enemies":"2 Fungi Beasts","floor":8.0,"turns":2.0},{"damage":7.0,"enemies":"3 Louse","floor":10.0,"turns":2.0},{"damage":13.0,"enemies":"3 Sentries","floor":14.0,"turns":5.0},{"damage":26.0,"enemies":"Slime Boss","floor":16.0,"turns":8.0},{"damage":0.0,"enemies":"Spheric Guardian","floor":18.0,"turns":2.0},{"damage":0.0,"enemies":"Masked Bandits","floor":22.0,"turns":3.0},{"damage":0.0,"enemies":"Chosen","floor":23.0,"turns":5.0},{"damage":22.0,"enemies":"Gremlin Leader","floor":24.0,"turns":6.0},{"damage":2.0,"enemies":"Slavers","floor":27.0,"turns":4.0},{"damage":0.0,"enemies":"Centurion and Healer","floor":29.0,"turns":5.0},{"damage":53.0,"enemies":"Champ","floor":33.0,"turns":10.0},{"damage":19.0,"enemies":"Orb Walker","floor":35.0,"turns":4.0},{"damage":0.0,"enemies":"3 Shapes","floor":36.0,"turns":5.0},{"damage":6.0,"enemies":"Transient","floor":39.0,"turns":6.0},{"damage":0.0,"enemies":"Jaw Worm Horde","floor":40.0,"turns":4.0},{"damage":0.0,"enemies":"Giant Head","floor":42.0,"turns":8.0},{"damage":0.0,"enemies":"Maw","floor":44.0,"turns":4.0},{"damage":0.0,"enemies":"4 Shapes","floor":45.0,"turns":4.0},{"damage":0,"enemies":"Nemesis","floor":47,"turns":6},{"damage":12,"enemies":"Transient","floor":48,"turns":6},{"damage":84,"enemies":"Time Eater","floor":50,"turns":11}],"seed_played":"289463171167402580","potions_obtained":[{"floor":3.0,"key":"SteroidPotion"},{"floor":3.0,"key":"Weak Potion"},{"floor":7.0,"key":"DuplicationPotion"},{"floor":8.0,"key":"PowerPotion"},{"floor":10.0,"key":"Regen Potion"},{"floor":16.0,"key":"BottledMiracle"},{"floor":18.0,"key":"Swift Potion"},{"floor":24.0,"key":"EntropicBrew"},{"floor":27.0,"key":"StancePotion"},{"floor":33.0,"key":"FairyPotion"},{"floor":42.0,"key":"SteroidPotion"},{"floor":44.0,"key":"AttackPotion"},{"floor":48,"key":"SneckoOil"}],"is_trial":false,"path_per_floor":["M","$","?","M","M","R","E","M","T","M","R","$","R","E","R","B",null,"M","T","?","?","?","M","E","$","T","E","R","M","?","?","R","B",null,"M","M","T","$","M","M","?","E","T","M","M","R","E","M","R","B",null],"character_chosen":"WATCHER","items_purchased":["MentalFortress","Omamori","Adaptation"],"campfire_rested":4,"item_purchase_floors":[2,2,25],"current_hp_per_floor":[42,42,42,41,39,39,15,15,15,20,40,55,55,54,54,40,61,61,61,61,61,61,61,39,54,64,62,78,78,78,78,78,37,68,49,49,49,64,58,58,44,44,44,44,44,76,76,64,78,46],"gold":211,"neow_bonus":"TWO_FIFTY_GOLD","is_daily":false,"chose_seed":false,"campfire_upgraded":3,"win_rate":0.0,"timestamp":1611139898,"path_taken":["M","$","?","M","?","R","E","M","T","M","R","$","R","E","R","BOSS","M","?","?","?","?","M","E","$","T","E","R","?","?","?","R","BOSS","M","M","?","$","M","M","?","E","T","M","M","R","E","M","R","BOSS"],"items_purchased_type":["Card","Relic","Card"],"build_version":"2020-12-22","purchased_purges":4,"victory":true,"max_hp_per_floor":[68,68,68,68,68,68,68,68,68,68,68,68,68,68,68,68,68,68,68,68,68,68,68,68,68,78,78,78,78,78,78,78,78,78,78,78,78,78,78,78,78,78,78,78,78,78,78,78,78,78],"card_choices":[{"not_picked":["CutThroughFate","Protect","ThirdEye"],"picked":"SKIP","floor":1.0},{"not_picked":["FollowUp","Protect"],"picked":"CarveReality","floor":4.0},{"not_picked":["Crescendo","FlyingSleeves"],"picked":"BowlingBash","floor":5.0},{"not_picked":["SashWhip","Vengeance"],"picked":"FearNoEvil","floor":7.0},{"not_picked":["Sanctity","EmptyBody","Weave"],"picked":"SKIP","floor":8.0},{"not_picked":["EmptyBody","BowlingBash","Collect"],"picked":"SKIP","floor":10.0},{"not_picked":["BattleHymn","EmptyFist"],"picked":"LessonLearned","floor":14.0},{"not_picked":["Brilliance","MasterReality"],"picked":"Vault","floor":16.0},{"not_picked":["PathToVictory","Evaluate+1","Perseverance+1"],"picked":"SKIP","floor":18.0},{"not_picked":["LikeWater","Prostrate+1","EmptyBody"],"picked":"SKIP","floor":18.0},{"not_picked":["PathToVictory","Evaluate+1","Perseverance+1"],"picked":"SKIP","floor":18.0},{"not_picked":["LikeWater","Prostrate+1","EmptyBody"],"picked":"SKIP","floor":18.0},{"not_picked":["FlurryOfBlows","EmptyFist","CarveReality"],"picked":"SKIP","floor":23.0},{"not_picked":["Protect","JustLucky","Vengeance"],"picked":"SKIP","floor":23.0},{"not_picked":["Evaluate","Alpha","ClearTheMind"],"picked":"SKIP","floor":24.0},{"not_picked":["ClearTheMind","FlurryOfBlows","Ragnarok"],"picked":"SKIP","floor":27.0},{"not_picked":["Evaluate","BowlingBash"],"picked":"Adaptation","floor":29.0},{"not_picked":["WindmillStrike+1","Evaluate","Prostrate"],"picked":"SKIP","floor":29.0},{"not_picked":["LessonLearned","Omniscience"],"picked":"MasterReality","floor":33.0},{"not_picked":["WaveOfTheHand","SandsOfTime","ThirdEye+1"],"picked":"SKIP","floor":35.0},{"not_picked":["EmptyFist","Consecrate+1","EmptyBody"],"picked":"SKIP","floor":35.0},{"not_picked":["Protect","Prostrate+1","EmptyFist"],"picked":"SKIP","floor":36.0},{"not_picked":["ClearTheMind","CrushJoints","LikeWater+1"],"picked":"SKIP","floor":36.0},{"not_picked":["EmptyBody+1","LikeWater","Worship+1"],"picked":"SKIP","floor":39.0},{"not_picked":["FollowUp+1","EmptyBody+1","EmptyFist"],"picked":"SKIP","floor":39.0},{"not_picked":["Evaluate","Alpha","FlyingSleeves"],"picked":"SKIP","floor":40.0},{"not_picked":["ClearTheMind","SignatureMove","WheelKick+1"],"picked":"SKIP","floor":40.0},{"not_picked":["PathToVictory","FlyingSleeves","Halt"],"picked":"SKIP","floor":42.0},{"not_picked":["Sanctity","SandsOfTime","FearNoEvil"],"picked":"SKIP","floor":44.0},{"not_picked":["FollowUp+1","Evaluate","FlyingSleeves"],"picked":"SKIP","floor":44.0},{"not_picked":["ThirdEye","Adaptation"],"picked":"MentalFortress","floor":45.0},{"not_picked":["Wireheading","Vengeance+1","Crescendo+1"],"picked":"SKIP","floor":45.0},{"not_picked":["Wireheading","Vengeance+1","Crescendo+1"],"picked":"SKIP","floor":45.0},{"not_picked":["SashWhip","Fasting2","Alpha"],"picked":"SKIP","floor":47},{"not_picked":["Pray","Adaptation","SashWhip"],"picked":"SKIP","floor":48},{"not_picked":["ClearTheMind","Pray","MentalFortress+1"],"picked":"SKIP","floor":48}],"player_experience":582757,"relics_obtained":[{"floor":7.0,"key":"MealTicket"},{"floor":9.0,"key":"Meat on the Bone"},{"floor":14.0,"key":"Prayer Wheel"},{"floor":19.0,"key":"Eternal Feather"},{"floor":22.0,"key":"Red Mask"},{"floor":24.0,"key":"Anchor"},{"floor":26.0,"key":"Pen Nib"},{"floor":26.0,"key":"Pear"},{"floor":27.0,"key":"Tiny Chest"},{"floor":37.0,"key":"Centennial Puzzle"},{"floor":37.0,"key":"FossilizedHelix"},{"floor":42.0,"key":"Potion Belt"},{"floor":43.0,"key":"Mercury Hourglass"},{"floor":47,"key":"Letter Opener"}],"event_choices":[{"damage_healed":0.0,"max_hp_gain":0.0,"max_hp_loss":0.0,"gold_gain":0.0,"event_name":"The Woman in Blue","player_choice":"Bought 2 Potions","floor":3.0,"gold_loss":0.0,"damage_taken":0.0},{"damage_healed":0.0,"max_hp_gain":0.0,"max_hp_loss":0.0,"gold_gain":0.0,"event_name":"Vampires","player_choice":"Ignored","floor":20.0,"gold_loss":0.0,"damage_taken":0.0},{"damage_healed":0.0,"max_hp_gain":0.0,"max_hp_loss":0.0,"gold_gain":0.0,"event_name":"The Mausoleum","player_choice":"Opened","floor":21.0,"gold_loss":0.0,"damage_taken":0.0,"relics_obtained":["Matryoshka"],"cards_obtained":["Writhe"]},{"damage_healed":0.0,"max_hp_gain":0.0,"max_hp_loss":0.0,"gold_gain":0.0,"event_name":"Masked Bandits","player_choice":"Fought Bandits","floor":22.0,"gold_loss":0.0,"damage_taken":0.0},{"damage_healed":0.0,"max_hp_gain":0.0,"max_hp_loss":0.0,"gold_gain":0.0,"cards_transformed":["Strike_P","Defend_P"],"event_name":"Drug Dealer","player_choice":"Became Test Subject","floor":30.0,"gold_loss":0.0,"damage_taken":0.0,"cards_obtained":["WaveOfTheHand","SignatureMove"]},{"damage_healed":0.0,"max_hp_gain":0.0,"max_hp_loss":0.0,"gold_gain":0.0,"event_name":"Addict","player_choice":"Stole Relic","floor":31.0,"gold_loss":0.0,"damage_taken":0.0,"relics_obtained":["Unceasing Top"],"cards_obtained":["Shame"]},{"damage_healed":0.0,"max_hp_gain":0.0,"max_hp_loss":0.0,"gold_gain":0.0,"event_name":"Winding Halls","player_choice":"Embrace Madness","floor":41.0,"gold_loss":0.0,"damage_taken":14.0,"cards_obtained":["Madness","Madness"]}],"is_beta":false,"boss_relics":[{"not_picked":["Runic Dome","Astrolabe"],"picked":"Fusion Hammer"},{"not_picked":["Sozu","Busted Crown"],"picked":"SacredBark"}],"items_purged_floors":[2,12,25,38],"is_endless":false,"potions_floor_spawned":[7,8,10,16,18,24,27,33,35,36,42,44,48],"ascension_level":15}}