{"host":"0fmi5fguj5lvt8pf","time":1611131571,"event":{"mods":["BaseMod","Colored Map","Curses Come First","Downfall","Minty Spire (QoL Compilation)","Permanent Neow","StSLib"],"gold_per_floor":[99,118,137,137,237,237,286,286,303,313,313,333,333,353,372,372,372,372],"floor_reached":16,"language":"ENG","playtime":505,"items_purged":[],"score":94,"play_id":"7a390343-9d39-4e4f-bc93-1966b3f23164","local_time":"20210120003251","is_ascension_mode":false,"campfire_choices":[{"data":"bronze:HyperBeam","floor":1.0,"key":"SMITH"},{"floor":6.0,"key":"RECALL"}],"circlet_count":0,"master_deck":["bronze:Strike","bronze:Strike","bronze:Defend","bronze:Defend","bronze:Replicate","bronze:Goto","bronze:HyperBeam+1","bronze:Invalidate","bronze:Constructor","bronze:Flail","bronze:WhirlingStrike","bronze:BronzeOrb","bronze:DelayedGuard","Parasite","bronze:Terminator"],"relics":["bronze:BronzeCore"],"acts_visited":["Exordium"],"potions_floor_usage":[16],"damage_taken":[{"damage":0.0,"enemies":"2 Louse","floor":2.0,"turns":2.0},{"damage":8.0,"enemies":"Jaw Worm","floor":3.0,"turns":4.0},{"damage":0.0,"enemies":"Cultist","floor":8.0,"turns":1.0},{"damage":0.0,"enemies":"Gremlin Gang","floor":9.0,"turns":1.0},{"damage":7.0,"enemies":"2 Fungi Beasts","floor":10.0,"turns":3.0},{"damage":2.0,"enemies":"Blue Slaver","floor":12.0,"turns":4.0},{"damage":10.0,"enemies":"Exordium Thugs","floor":14.0,"turns":2.0},{"damage":6.0,"enemies":"3 Louse","floor":15.0,"turns":2.0},{"damage":39,"enemies":"WA_ARCHETYPE_RETAIN","floor":16,"turns":7}],"seed_played":"-6273794720101250916","potions_obtained":[{"floor":3.0,"key":"Block Potion"},{"floor":10.0,"key":"ColorlessPotion"}],"is_trial":false,"path_per_floor":["R","M","M","?","?","R","T","M","M","M","?","M","?","M","M","B"],"character_chosen":"THE_AUTOMATON","items_purchased":[],"campfire_rested":0,"item_purchase_floors":[],"current_hp_per_floor":[70,70,62,62,62,62,62,62,62,55,55,53,53,43,37,0,0,0],"gold":372,"neow_bonus":"ONE_RANDOM_RARE_CARD","is_daily":false,"chose_seed":false,"campfire_upgraded":1,"win_rate":0.0,"timestamp":1611131571,"path_taken":["R","M","M","?","?","R","T","M","M","M","?","?","?","?","M","BOSS"],"items_purchased_type":[],"build_version":"2020-12-22","purchased_purges":0,"victory":false,"max_hp_per_floor":[70,70,70,70,70,70,70,70,70,70,70,70,70,70,70,70,70,70],"card_choices":[{"not_picked":["bronze:BugBarrage","bronze:OilSpill"],"picked":"bronze:Invalidate","floor":2.0},{"not_picked":["bronze:Separator","bronze:Deprecate"],"picked":"bronze:Constructor","floor":3.0},{"not_picked":["bronze:Break","bronze:BugBarrage"],"picked":"bronze:Flail","floor":8.0},{"not_picked":["bronze:Constructor","bronze:BugBarrage"],"picked":"bronze:WhirlingStrike","floor":9.0},{"not_picked":["bronze:CutThrough","bronze:Frontload"],"picked":"bronze:BronzeOrb","floor":10.0},{"not_picked":["bronze:BugBarrage","bronze:Separator"],"picked":"bronze:DelayedGuard","floor":12.0},{"not_picked":["bronze:FineTuning","bronze:Branch"],"picked":"bronze:Terminator","floor":14.0},{"not_picked":["bronze:Break","bronze:WildBeam","bronze:OilSpill"],"picked":"SKIP","floor":15.0}],"player_experience":1379609,"relics_obtained":[],"event_choices":[{"cards_removed":["bronze:Strike"],"damage_healed":0.0,"max_hp_gain":0.0,"max_hp_loss":0.0,"gold_gain":0.0,"event_name":"The Cleric","player_choice":"Card Removal","floor":11.0,"gold_loss":0.0,"damage_taken":0.0}],"is_beta":false,"boss_relics":[],"items_purged_floors":[],"is_endless":false,"potions_floor_spawned":[3,10],"killed_by":"WA_ARCHETYPE_RETAIN","ascension_level":0}}