{"host":"8i58hvcssdezoe94","time":1611172644,"event":{"mods":["Act Like it!","BaseMod","Colored Map","Conspire","Gensokyo","KinomotoSakuraMod(木之本樱)","Marisa（F雨　魔理沙）","Minty Spire (QoL Compilation)","Quick Restart","Remilia（蕾米莉亚）","Replay The Spire","StSLib","The Animator","The Bug Knight","The Construct","The Cursed","The Hierophant","The Jungle","The Servant 0.9.4"],"gold_per_floor":[116,116,116,134,146,146,171,171,221,236,236,24,24,24,24,24,24],"floor_reached":16,"language":"ZHS","playtime":471,"items_purged":[],"score":98,"play_id":"5c51f783-0899-4ec3-86fe-54a39946ffa3","local_time":"20210121035724","is_ascension_mode":false,"campfire_choices":[{"floor":6,"key":"RECALL"},{"data":"Zap","floor":8,"key":"SMITH"},{"data":"Gensokyo:LittleGreenMen","floor":15,"key":"SMITH"}],"circlet_count":0,"master_deck":["Strike_B","Strike_B","Strike_B","Strike_B","Defend_B","Defend_B","Defend_B","Defend_B","Zap+1","Dualcast","Leap","Gensokyo:CrescentMoonSlash","Sweeping Beam","Turbo","Melter","Conserve Battery","Gensokyo:LittleGreenMen+1","Gensokyo:RustyChest"],"relics":["Cracked Core","Bronze Scales","Juzu Bracelet","Blue Doll","Centennial Puzzle"],"acts_visited":["Gensokyo:Gensokyo"],"potions_floor_usage":[],"damage_taken":[{"damage":0,"enemies":"Gensokyo:3_Fairies","floor":1,"turns":3},{"damage":0,"enemies":"Gensokyo:2_Kodama","floor":4,"turns":2},{"damage":4,"enemies":"Gensokyo:Gryphon","floor":5,"turns":4},{"damage":21,"enemies":"Gensokyo:Aya","floor":7,"turns":5},{"damage":2,"enemies":"Gensokyo:Python_and_Kodama","floor":10,"turns":3},{"damage":45,"enemies":"Gensokyo:Yukari","floor":16,"turns":9}],"seed_played":"-8155095155737337011","potions_obtained":[{"floor":1,"key":"EssenceOfSteel"},{"floor":5,"key":"Elixir"},{"floor":7,"key":"conspire:TimeTravelPotion"}],"is_trial":false,"path_per_floor":["M","?","?","M","M","R","E","R","T","M","?","COS","?","?","R","B"],"character_chosen":"DEFECT","items_purchased":[],"campfire_rested":0,"item_purchase_floors":[],"current_hp_per_floor":[75,75,64,64,60,60,39,39,39,37,37,37,37,37,37,0,0],"gold":24,"neow_bonus":"RANDOM_COMMON_RELIC","is_daily":false,"chose_seed":false,"campfire_upgraded":2,"win_rate":0.0,"timestamp":1611172644,"path_taken":["M","?","?","M","M","R","E","R","T","M","?","COS","?","?","R","BOSS"],"items_purchased_type":[],"build_version":"2020-12-22","purchased_purges":0,"victory":false,"max_hp_per_floor":[75,75,75,75,75,75,75,75,75,75,75,75,75,75,75,75,75],"card_choices":[{"not_picked":["conspire:Rain","Coolheaded"],"picked":"Leap","floor":1},{"not_picked":["Rebound","Turbo"],"picked":"Sweeping Beam","floor":4},{"not_picked":["Hologram","Skim"],"picked":"Turbo","floor":5},{"not_picked":["Steam","Rip and Tear"],"picked":"Melter","floor":7},{"not_picked":["ReplayTheSpireMod:Repulse","Coolheaded"],"picked":"Conserve Battery","floor":10}],"player_experience":62881,"relics_obtained":[{"floor":7,"key":"Juzu Bracelet"},{"floor":9,"key":"Blue Doll"}],"event_choices":[],"is_beta":false,"boss_relics":[],"items_purged_floors":[],"is_endless":false,"potions_floor_spawned":[1,5,7],"killed_by":"Gensokyo:Yukari","ascension_level":0}}