{"host":"3imo7wsdyu7efakj","time":1611130870,"event":{"mods":["BaseMod","Downfall","Minty Spire (QoL Compilation)","Quick Restart","StSLib"],"gold_per_floor":[99,99,51,51,66,516,516,5,35,54,68,23,23,23,50,151,151,51,78,102,123,36,36,36,57,57,50,72,36,311,337,359,359,359,359],"floor_reached":33,"language":"ZHS","playtime":4691,"items_purged":["downfall:Icky","downfall:Icky","Writhe"],"score":322,"play_id":"b49015aa-8cd9-42e7-bfce-7f9197436d23","local_time":"20210120162110","is_ascension_mode":false,"campfire_choices":[{"data":"hexamod:Float","floor":1,"key":"SMITH"},{"floor":18,"key":"RECALL"}],"circlet_count":0,"master_deck":["hexamod:Strike","hexamod:Strike","hexamod:Strike+1","hexamod:Defend","hexamod:Defend","hexamod:Defend+1","hexamod:Defend+1","hexamod:Sear+1","hexamod:Float+1","hexamod:Hexaguard","hexamod:Incineration","hexamod:InspiringFlames+1","hexamod:FirstSeal","hexamod:SpectersWail+1","hexamod:TurnItUp+1","hexamod:Again+1","hexamod:Rewind+1","hexamod:SpectralAdrenaline","hexamod:SecondSeal","hexamod:FourthSeal","Iron Wave+1","hexamod:CatchUp","hexamod:SixthSeal","hexamod:EtherealExpedition+1","hexamod:StepThrough+1","hexamod:NecessarySacrifice","hexamod:RadiantFlame","Regret","hexamod:ParanormalForm","hexamod:NecessarySacrifice+1"],"relics":["hexamod:SpiritBrand","downfall:HeartsMalice","The Courier","Toolbox","Molten Egg 2","Regal Pillow","Oddly Smooth Stone","SlaversCollar","downfall:HeartBlessingGreen","Darkstone Periapt","Membership Card","Nunchaku","hexamod:InflammatoryLetter","Potion Belt"],"acts_visited":["Exordium","TheCity"],"potions_floor_usage":[12,16,16,19,20,20,21,22,27,27,28,29,31,32,33],"damage_taken":[{"damage":0,"enemies":"Cultist","floor":2,"turns":1},{"damage":0,"enemies":"downfall:FleeingMerchant","floor":3,"turns":1},{"damage":0,"enemies":"2 Louse","floor":4,"turns":1},{"damage":3,"enemies":"Small Slimes","floor":5,"turns":3},{"damage":0,"enemies":"downfall:FleeingMerchant","floor":8,"turns":4},{"damage":25,"enemies":"3 Sentries","floor":9,"turns":9},{"damage":1,"enemies":"Red Slaver","floor":10,"turns":3},{"damage":21,"enemies":"Exordium Thugs","floor":11,"turns":5},{"damage":15,"enemies":"downfall:FleeingMerchant","floor":12,"turns":4},{"damage":21,"enemies":"Large Slime","floor":15,"turns":10},{"damage":0,"enemies":"WA_ARCHETYPE_RETAIN","floor":16,"turns":6},{"damage":10,"enemies":"Spheric Guardian","floor":19,"turns":4},{"damage":21,"enemies":"Centurion and Healer","floor":20,"turns":12},{"damage":11,"enemies":"Chosen and Byrds","floor":21,"turns":7},{"damage":0,"enemies":"downfall:FleeingMerchant","floor":22,"turns":4},{"damage":10,"enemies":"Sentry and Sphere","floor":25,"turns":5},{"damage":0,"enemies":"downfall:FleeingMerchant","floor":27,"turns":4},{"damage":20,"enemies":"Snake Plant","floor":28,"turns":6},{"damage":15,"enemies":"downfall:FleeingMerchant","floor":29,"turns":3},{"damage":14,"enemies":"Snecko","floor":31,"turns":5},{"damage":15,"enemies":"Cultist and Chosen","floor":32,"turns":6},{"damage":50,"enemies":"IC_MUSHROOM_ARCHETYPE","floor":33,"turns":7}],"seed_played":"449884158573395389","potions_obtained":[{"floor":5,"key":"FairyPotion"},{"floor":9,"key":"LiquidBronze"},{"floor":11,"key":"Fire Potion"},{"floor":15,"key":"champ:CounterPotion"},{"floor":15,"key":"LiquidMemories"},{"floor":16,"key":"Fire Potion"},{"floor":16,"key":"Regen Potion"},{"floor":19,"key":"LiquidMemories"},{"floor":20,"key":"DistilledChaos"},{"floor":21,"key":"SneckoOil"},{"floor":22,"key":"GamblersBrew"},{"floor":25,"key":"Dexterity Potion"},{"floor":26,"key":"downfall:CursedFountainPotion"},{"floor":27,"key":"EssenceOfSteel"},{"floor":28,"key":"Strength Potion"},{"floor":29,"key":"Fire Potion"},{"floor":31,"key":"Fire Potion"},{"floor":32,"key":"CultistPotion"}],"is_trial":false,"path_per_floor":["R","M","$","M","M","?","T","$","E","M","M","$","?","?","M","B",null,"R","M","M","M","$","?","T","M","?","$","M","$","?","M","M","B"],"character_chosen":"THE_SPIRIT","items_purchased":["hexamod:InspiringFlames","Toolbox","Molten Egg 2","Regal Pillow","hexamod:FourthSeal","Membership Card","Nunchaku","hexamod:InflammatoryLetter","Potion Belt"],"campfire_rested":0,"item_purchase_floors":[3,8,8,8,12,29,29,29,29],"current_hp_per_floor":[70,70,70,70,70,70,70,70,52,51,37,29,29,29,15,15,70,70,60,54,50,57,63,63,53,53,60,40,32,38,24,16,0,0,0],"gold":359,"neow_bonus":"THREE_ENEMY_KILL","is_daily":false,"chose_seed":false,"campfire_upgraded":1,"win_rate":0.0,"timestamp":1611130870,"path_taken":["R","M","?","M","M","?","T","$","E","M","M","$","?","?","M","BOSS","R","M","?","M","?","?","T","M","?","$","?","?","?","M","M","BOSS"],"items_purchased_type":["Card","Relic","Relic","Relic","Card","Relic","Relic","Relic","Relic"],"build_version":"2020-12-22","purchased_purges":3,"victory":false,"max_hp_per_floor":[70,70,70,70,70,70,70,70,70,70,70,70,70,70,70,70,70,70,70,70,70,70,76,76,76,76,76,76,76,82,82,82,82,82,82],"card_choices":[{"not_picked":["hexamod:HeatCrush","hexamod:NightmareStrike"],"picked":"hexamod:Hexaguard","floor":2},{"not_picked":["hexamod:AdvancingGuard","hexamod:GhostLash"],"picked":"hexamod:Incineration","floor":3},{"not_picked":["hexamod:BurningTouch","hexamod:ThermalTransfer"],"picked":"hexamod:FirstSeal","floor":4},{"not_picked":["hexamod:FirstSeal","hexamod:BacktrackSmack"],"picked":"hexamod:SpectersWail","floor":5},{"not_picked":["hexamod:SwordOfDarkness","hexamod:ShieldOfDarkness"],"picked":"hexamod:TurnItUp","floor":8},{"not_picked":["hexamod:NightmareStrike+1","hexamod:HeatShield"],"picked":"hexamod:Again","floor":9},{"not_picked":["hexamod:HeatCrush+1","hexamod:AdvancingGuard"],"picked":"hexamod:Rewind","floor":10},{"not_picked":["hexamod:Hexaguard","hexamod:SwordOfDarkness+1"],"picked":"hexamod:SpectralAdrenaline","floor":11},{"not_picked":["hexamod:RecurringNightmare","hexamod:Rewind"],"picked":"hexamod:SecondSeal","floor":12},{"not_picked":["hexamod:HeatCrush+1","hexamod:GhostShield"],"picked":"hexamod:CatchUp","floor":15},{"not_picked":["hexamod:FifthSeal","hexamod:FlameSwitch"],"picked":"hexamod:SixthSeal","floor":16},{"not_picked":["hexamod:HauntingEcho+1","hexamod:StepThrough+1"],"picked":"hexamod:EtherealExpedition+1","floor":19},{"not_picked":["hexamod:Incineration+1","hexamod:AdvancingGuard+1"],"picked":"hexamod:StepThrough+1","floor":20},{"not_picked":["hexamod:HauntingEcho+1","hexamod:InspiringFlames","hexamod:GhostShield"],"picked":"SKIP","floor":21},{"not_picked":["hexamod:Firestarter+1","hexamod:GhostLash+1","hexamod:Hexaguard"],"picked":"SKIP","floor":22},{"not_picked":["hexamod:ShieldOfDarkness+1","hexamod:BurningTouch+1","hexamod:SecondSeal"],"picked":"SKIP","floor":25},{"not_picked":["hexamod:BacktrackSmack+1","hexamod:GhostShield"],"picked":"hexamod:NecessarySacrifice","floor":27},{"not_picked":["hexamod:NightmareGuise","hexamod:BacktrackSmack+1","hexamod:HeatMetal+1"],"picked":"SKIP","floor":28},{"not_picked":["hexamod:HeatShield","hexamod:GhostOfSpirePast"],"picked":"hexamod:RadiantFlame","floor":29},{"not_picked":["hexamod:GhostOfSpirePast+1","hexamod:FourthSeal"],"picked":"hexamod:ParanormalForm","floor":31},{"not_picked":["hexamod:NightmareStrike+1","hexamod:HauntingEcho+1"],"picked":"hexamod:NecessarySacrifice+1","floor":32}],"player_experience":255927,"relics_obtained":[{"floor":7,"key":"The Courier"},{"floor":9,"key":"Oddly Smooth Stone"}],"event_choices":[{"cards_removed":["downfall:Icky"],"damage_healed":0,"gold_gain":0,"player_choice":"Took Card","damage_taken":0,"max_hp_gain":0,"max_hp_loss":0,"event_name":"NoteForYourself","floor":14,"gold_loss":0,"cards_obtained":["Iron Wave"]}],"is_beta":false,"boss_relics":[{"not_picked":["Snecko Eye","Coffee Dripper"],"picked":"SlaversCollar"}],"items_purged_floors":[8,22,29],"is_endless":false,"potions_floor_spawned":[5,9,11,15,16,19,28,31],"killed_by":"IC_MUSHROOM_ARCHETYPE","ascension_level":0}}