{"host":"7tqog9fnhs0gxmti","time":1611102623,"event":{"mods":["AchievementEnabler","Act Like it!","Astrologer","BaseMod","Beaked The Cultist","Colored Map","Colored Powertips","Hermit","Highlight Path","Minty Spire (QoL Compilation)","Robot Space Explorer","StSLib","The Construct","The Gatherer","The Hierophant","everything is the same but u backflip on backflip"],"gold_per_floor":[109,125,145,145,145,179,179,188,188,108,108,108],"floor_reached":11,"language":"ENG","playtime":473,"items_purged":[],"score":73,"play_id":"ae78f18e-6271-46be-9bba-350c01c91524","local_time":"20210120083023","is_ascension_mode":false,"campfire_choices":[{"data":"hierophant:Doubloon","floor":7,"key":"SMITH"}],"circlet_count":0,"master_deck":["hierophant:Strike_Hierophant","hierophant:Strike_Hierophant","hierophant:Strike_Hierophant","hierophant:Punish","hierophant:Defend_Hierophant","hierophant:Defend_Hierophant","hierophant:Defend_Hierophant","hierophant:Defend_Hierophant","hierophant:ChurchCoffers","hierophant:FieryStrike","hierophant:RepressedViolence","hierophant:Doubloon+1","hierophant:CursedGold","hierophant:Smite","hierophant:BulkyChest"],"relics":["hierophant:PropheticMaskRelic","NeowsBlessing","Turnip","CaptainsWheel"],"acts_visited":["Exordium"],"potions_floor_usage":[8],"damage_taken":[{"damage":0,"enemies":"Cultist","floor":1,"turns":1},{"damage":0,"enemies":"2 Louse","floor":2,"turns":1},{"damage":0,"enemies":"Small Slimes","floor":3,"turns":1},{"damage":36,"enemies":"Gremlin Nob","floor":6,"turns":5},{"damage":18,"enemies":"Exordium Thugs","floor":8,"turns":4},{"damage":22,"enemies":"Lagavulin","floor":11,"turns":5}],"seed_played":"-3279694774998617811","potions_obtained":[{"floor":8,"key":"Fruit Juice"}],"is_trial":false,"path_per_floor":["M","M","M","?","?","E","R","M","T","$","E"],"character_chosen":"HIEROPHANT","items_purchased":["hierophant:BulkyChest"],"campfire_rested":0,"item_purchase_floors":[10],"current_hp_per_floor":[75,75,75,68,68,32,32,19,19,19,0,0],"gold":108,"neow_bonus":"THREE_ENEMY_KILL","is_daily":false,"chose_seed":false,"campfire_upgraded":1,"win_rate":0.0,"timestamp":1611102623,"path_taken":["M","M","?","?","?","E","R","M","T","$","E"],"items_purchased_type":["Card"],"build_version":"2020-12-22","purchased_purges":0,"victory":false,"max_hp_per_floor":[75,75,75,75,75,75,75,80,80,80,80,80],"card_choices":[{"not_picked":["hierophant:PassingBell","hierophant:SealAway"],"picked":"hierophant:FieryStrike","floor":1},{"not_picked":["hierophant:Doomsaying","hierophant:AuricBeam"],"picked":"hierophant:RepressedViolence","floor":2},{"not_picked":["hierophant:PassingBell","hierophant:Mercenaries"],"picked":"hierophant:CursedGold","floor":3},{"not_picked":["hierophant:FieryStrike","hierophant:Upheaval"],"picked":"hierophant:Smite","floor":6},{"not_picked":["hierophant:OrnateJavelin","hierophant:Racketeering","hierophant:MirrorShield"],"picked":"SKIP","floor":8}],"player_experience":815383,"relics_obtained":[{"floor":6,"key":"Turnip"},{"floor":9,"key":"CaptainsWheel"}],"event_choices":[{"cards_removed":["hierophant:Strike_Hierophant"],"damage_healed":0,"gold_gain":0,"player_choice":"Card Removal","damage_taken":7,"max_hp_gain":0,"max_hp_loss":0,"event_name":"Golden Wing","floor":4,"gold_loss":0},{"damage_healed":0,"gold_gain":0,"player_choice":"Leave","damage_taken":0,"max_hp_gain":0,"max_hp_loss":0,"event_name":"The Cleric","floor":5,"gold_loss":0}],"is_beta":false,"boss_relics":[],"items_purged_floors":[],"is_endless":false,"potions_floor_spawned":[8],"killed_by":"Lagavulin","ascension_level":0}}