{"host":"opyh6vr790e42ffe","time":1611180321,"event":{"mods":["BaseMod","Colored Map","Highlight Path","Minty Spire (QoL Compilation)","Relic Stats","StSLib"],"gold_per_floor":[111,122,136,20,40,72,125,125,178,195,195,120,146,166,166,245,245,264,48,67,117,130,130,140,166,189,17,51,65,75,102,102,176,176,186,202,202,202,202],"floor_reached":38,"language":"ENG","playtime":2063,"items_purged":["Strike_P","Strike_P"],"score":1071,"play_id":"9a07d6fe-8bd2-4080-86a5-ae945b5cdd4b","local_time":"20210120140521","is_ascension_mode":true,"campfire_choices":[{"floor":8.0,"key":"REST"},{"floor":11.0,"key":"REST"},{"data":"Evaluate","floor":15.0,"key":"SMITH"},{"data":"Fasting2","floor":23.0,"key":"SMITH"},{"data":"Scrawl","floor":32,"key":"SMITH"}],"circlet_count":0,"master_deck":["AscendersBane","Strike_P","Defend_P","Defend_P","Defend_P","Defend_P","Eruption","Vigilance","Master of Strategy","FlyingSleeves","Conclude","Evaluate+1","FearNoEvil","Wallop","Protect","CutThroughFate","DeceiveReality","Brilliance","Scrawl+1","FlurryOfBlows","Tantrum","Pray","Fasting2+1","Tantrum","FlurryOfBlows","Vengeance+1","Pray","EmptyBody","Prostrate","Wireheading+1","Devotion","Adaptation+1","Study+1","WaveOfTheHand","ClearTheMind"],"relics":["PureWater","HornCleat","Oddly Smooth Stone","Orichalcum","Philosopher\u0027s Stone","Prayer Wheel","MealTicket","PreservedInsect","StrikeDummy","InkBottle","Black Star"],"acts_visited":["Exordium","TheCity","TheBeyond"],"potions_floor_usage":[25,33,38],"damage_taken":[{"damage":7.0,"enemies":"2 Louse","floor":1.0,"turns":3.0},{"damage":6.0,"enemies":"Jaw Worm","floor":2.0,"turns":5.0},{"damage":0.0,"enemies":"Small Slimes","floor":3.0,"turns":2.0},{"damage":12.0,"enemies":"Exordium Thugs","floor":5.0,"turns":3.0},{"damage":16.0,"enemies":"3 Sentries","floor":6.0,"turns":7.0},{"damage":0.0,"enemies":"3 Louse","floor":10.0,"turns":2.0},{"damage":0.0,"enemies":"Gremlin Nob","floor":13.0,"turns":3.0},{"damage":3.0,"enemies":"Lots of Slimes","floor":14.0,"turns":3.0},{"damage":18.0,"enemies":"The Guardian","floor":16.0,"turns":15.0},{"damage":6.0,"enemies":"2 Thieves","floor":18.0,"turns":2.0},{"damage":0.0,"enemies":"Chosen","floor":20.0,"turns":3.0},{"damage":0.0,"enemies":"Snecko","floor":22.0,"turns":2.0},{"damage":7,"enemies":"Snake Plant","floor":24,"turns":4},{"damage":0,"enemies":"Gremlin Leader","floor":25,"turns":4},{"damage":0,"enemies":"Book of Stabbing","floor":28,"turns":3},{"damage":13,"enemies":"Centurion and Healer","floor":29,"turns":3},{"damage":0,"enemies":"Chosen and Byrds","floor":30,"turns":2},{"damage":4,"enemies":"Gremlin Leader","floor":31,"turns":4},{"damage":27,"enemies":"Champ","floor":33,"turns":8},{"damage":19,"enemies":"3 Shapes","floor":35,"turns":3},{"damage":10,"enemies":"Orb Walker","floor":36,"turns":5},{"damage":54,"enemies":"Jaw Worm Horde","floor":38,"turns":2}],"seed_played":"8432485973313436921","potions_obtained":[{"floor":6.0,"key":"SmokeBomb"},{"floor":13.0,"key":"Energy Potion"},{"floor":16.0,"key":"Regen Potion"},{"floor":29,"key":"Dexterity Potion"},{"floor":30,"key":"DuplicationPotion"}],"is_trial":false,"path_per_floor":["M","M","M","$","M","E","?","R","T","M","R","?","E","M","R","B",null,"M","$","M","?","M","R","M","E","T","$","E","M","M","E","R","B",null,"M","M","?","M"],"character_chosen":"WATCHER","items_purchased":["FearNoEvil","Tantrum","Pray","PreservedInsect"],"campfire_rested":2,"item_purchase_floors":[4,19,19,27],"current_hp_per_floor":[36,30,30,30,18,2,2,22,22,22,42,42,42,39,39,21,56,50,50,50,50,50,50,43,43,43,58,58,45,45,41,41,14,55,36,26,26,0,0],"gold":202,"neow_bonus":"RANDOM_COLORLESS_2","is_daily":false,"chose_seed":false,"campfire_upgraded":3,"win_rate":0.0,"timestamp":1611180321,"path_taken":["M","M","M","$","M","E","?","R","T","M","R","?","E","M","R","BOSS","M","$","M","?","M","R","M","E","T","$","E","M","M","E","R","BOSS","M","M","?","M"],"items_purchased_type":["Card","Card","Card","Relic"],"build_version":"2020-12-22","purchased_purges":2,"victory":false,"max_hp_per_floor":[68,68,68,68,68,68,68,68,68,68,68,68,68,68,68,68,68,68,68,68,68,68,68,68,68,68,68,68,68,68,68,68,68,68,68,68,68,68,68],"relic_stats":{"counters":[22,88],"Prayer Wheel":4,"MealTicket":15,"PreservedInsect":89,"Black Star":0,"Orichalcum":[60],"obtain_stats":[{"HornCleat":6,"Oddly Smooth Stone":9,"Philosopher\u0027s Stone":17,"Prayer Wheel":25,"MealTicket":26,"PreservedInsect":27,"Black Star":34,"PureWater":0,"Orichalcum":13,"StrikeDummy":28,"InkBottle":31},{"HornCleat":5,"Oddly Smooth Stone":5,"Philosopher\u0027s Stone":9,"Prayer Wheel":14,"MealTicket":14,"PreservedInsect":14,"Black Star":19,"PureWater":0,"Orichalcum":7,"StrikeDummy":15,"InkBottle":18},{"HornCleat":20,"Oddly Smooth Stone":20,"Philosopher\u0027s Stone":43,"Prayer Wheel":58,"MealTicket":58,"PreservedInsect":58,"Black Star":78,"PureWater":0,"Orichalcum":25,"StrikeDummy":61,"InkBottle":70}],"InkBottle":[10]},"card_choices":[{"not_picked":["Mayhem","Panache"],"picked":"Master of Strategy","floor":0.0},{"not_picked":["Prostrate","PathToVictory"],"picked":"FlyingSleeves","floor":1.0},{"not_picked":["Prostrate","FlyingSleeves"],"picked":"Conclude","floor":2.0},{"not_picked":["Prostrate","Vengeance"],"picked":"Evaluate","floor":3.0},{"not_picked":["WreathOfFlame","FollowUp"],"picked":"Wallop","floor":5.0},{"not_picked":["SashWhip","Consecrate"],"picked":"Protect","floor":6.0},{"not_picked":["Protect","JustLucky"],"picked":"CutThroughFate","floor":10.0},{"not_picked":["CrushJoints","FlurryOfBlows"],"picked":"DeceiveReality","floor":13.0},{"not_picked":["Crescendo","BowlingBash"],"picked":"Brilliance","floor":14.0},{"not_picked":["Alpha","Ragnarok"],"picked":"Scrawl","floor":16.0},{"not_picked":["EmptyBody","BowlingBash"],"picked":"FlurryOfBlows","floor":18.0},{"not_picked":["Evaluate","CutThroughFate+1"],"picked":"Fasting2","floor":20.0},{"not_picked":["Protect","FollowUp","Evaluate"],"picked":"SKIP","floor":22.0},{"not_picked":["Consecrate","Fasting2"],"picked":"Tantrum","floor":24},{"not_picked":["SandsOfTime","Evaluate"],"picked":"FlurryOfBlows","floor":25},{"not_picked":["ConjureBlade","Swivel","Protect"],"picked":"SKIP","floor":28},{"not_picked":["CutThroughFate","CarveReality"],"picked":"Vengeance+1","floor":29},{"not_picked":["WreathOfFlame","BowlingBash"],"picked":"Pray","floor":29},{"not_picked":["Pray","ThirdEye"],"picked":"EmptyBody","floor":30},{"not_picked":["Protect","WreathOfFlame"],"picked":"Prostrate","floor":30},{"not_picked":["ClearTheMind","Consecrate"],"picked":"Wireheading+1","floor":31},{"not_picked":["Wish","Scrawl"],"picked":"Devotion","floor":33},{"not_picked":["Sanctity","PathToVictory"],"picked":"Adaptation+1","floor":35},{"not_picked":["EmptyFist","SandsOfTime"],"picked":"Study+1","floor":35},{"not_picked":["Halt","CutThroughFate+1"],"picked":"WaveOfTheHand","floor":36},{"not_picked":["FlyingSleeves+1","FollowUp"],"picked":"ClearTheMind","floor":36}],"player_experience":2403665,"relics_obtained":[{"floor":6.0,"key":"HornCleat"},{"floor":9.0,"key":"Oddly Smooth Stone"},{"floor":13.0,"key":"Orichalcum"},{"floor":25,"key":"Prayer Wheel"},{"floor":26,"key":"MealTicket"},{"floor":28,"key":"StrikeDummy"},{"floor":31,"key":"InkBottle"}],"event_choices":[{"damage_healed":0.0,"max_hp_gain":0.0,"max_hp_loss":0.0,"gold_gain":53.0,"event_name":"Golden Wing","player_choice":"Gained Gold","floor":7.0,"gold_loss":0.0,"damage_taken":0.0},{"cards_removed":["Strike_P"],"damage_healed":0.0,"max_hp_gain":0.0,"max_hp_loss":0.0,"gold_gain":0.0,"event_name":"The Cleric","player_choice":"Card Removal","floor":12.0,"gold_loss":75.0,"damage_taken":0.0},{"damage_healed":0.0,"max_hp_gain":0.0,"max_hp_loss":0.0,"gold_gain":50.0,"event_name":"Nest","player_choice":"Stole From Cult","floor":21.0,"gold_loss":0.0,"damage_taken":0.0},{"damage_healed":0,"gold_gain":0,"player_choice":"Ignored","damage_taken":0,"max_hp_gain":0,"max_hp_loss":0,"event_name":"Mysterious Sphere","floor":37,"gold_loss":0}],"is_beta":false,"boss_relics":[{"not_picked":["Astrolabe","Calling Bell"],"picked":"Philosopher\u0027s Stone"},{"not_picked":["Snecko Eye","VioletLotus"],"picked":"Black Star"}],"items_purged_floors":[4,19],"is_endless":false,"potions_floor_spawned":[6,13,16,18,29,30,31],"killed_by":"Jaw Worm Horde","ascension_level":20}}