{"host":"vyjryxuuuxkt43k4","time":1611154746,"event":{"mods":["AchievementEnabler","BaseMod","Colored Map","DeckTracker","Keyboard Shortcuts","Minty Spire (QoL Compilation)","Permanent Neow","Quick Restart","StSLib","SuperFastMode","everything is the same but u backflip on backflip"],"gold_per_floor":[110,123,273,348,76,76,103,55,55,70,17,17,29,50,50,124,124,108,118,118,118,132,132,147,147,174,30,80,94,113,113,113,184,184,194,0,0,0,20,20,20,20,20,31,31,46,46,46,46],"floor_reached":48,"language":"KOR","playtime":1801,"items_purged":["Doubt"],"score":774,"play_id":"6059e230-3399-4bf6-9c88-53dadf0eb5a7","local_time":"20210120235906","is_ascension_mode":true,"campfire_choices":[{"data":"Uppercut","floor":6,"key":"SMITH"},{"floor":12,"key":"REST"},{"data":"Armaments","floor":15,"key":"SMITH"},{"floor":23,"key":"REST"},{"data":"Corruption","floor":32,"key":"SMITH"},{"data":"Ghostly","floor":40,"key":"SMITH"},{"data":"Ghostly","floor":42,"key":"SMITH"},{"floor":45,"key":"RECALL"}],"circlet_count":0,"master_deck":["AscendersBane","Strike_R+1","Strike_R+1","Strike_R+1","Strike_R+1","Strike_R+1","Defend_R+1","Defend_R+1","Defend_R+1","Defend_R+1","Bash","Juggernaut","Cleave","Uppercut+1","Shrug It Off","Pommel Strike","Armaments+1","Dark Embrace","True Grit","Ghostly Armor","Feel No Pain","Corruption+1","Wild Strike+1","Evolve","Inflame","Feel No Pain","Spot Weakness","Ghostly+1","Ghostly+1","Ghostly","Second Wind","Flame Barrier","Deep Breath","Blind","Mayhem"],"relics":["Burning Blood","Bag of Preparation","Whetstone","Gambling Chip","Odd Mushroom","Mark of Pain","MealTicket","Anchor","Philosopher\u0027s Stone","Red Mask"],"acts_visited":["Exordium","TheCity","TheBeyond"],"potions_floor_usage":[7,16,19,33,33,48,48],"damage_taken":[{"damage":14,"enemies":"Jaw Worm","floor":1,"turns":3},{"damage":21,"enemies":"2 Louse","floor":2,"turns":3},{"damage":17,"enemies":"Gremlin Nob","floor":7,"turns":4},{"damage":0,"enemies":"Small Slimes","floor":10,"turns":3},{"damage":8,"enemies":"2 Fungi Beasts","floor":13,"turns":3},{"damage":26,"enemies":"The Mushroom Lair","floor":14,"turns":6},{"damage":23,"enemies":"Hexaghost","floor":16,"turns":13},{"damage":12,"enemies":"2 Thieves","floor":18,"turns":4},{"damage":17,"enemies":"Shell Parasite","floor":19,"turns":5},{"damage":24,"enemies":"Snake Plant","floor":22,"turns":4},{"damage":21,"enemies":"Cultist and Chosen","floor":24,"turns":6},{"damage":13,"enemies":"Snecko","floor":29,"turns":6},{"damage":6,"enemies":"Centurion and Healer","floor":30,"turns":7},{"damage":20,"enemies":"Automaton","floor":33,"turns":12},{"damage":7,"enemies":"3 Darklings","floor":35,"turns":7},{"damage":0,"enemies":"Orb Walker","floor":39,"turns":4},{"damage":8,"enemies":"4 Shapes","floor":44,"turns":6},{"damage":19,"enemies":"3 Darklings","floor":46,"turns":5},{"damage":28,"enemies":"2 Orb Walkers","floor":48,"turns":6}],"seed_played":"6085574396254211000","potions_obtained":[{"floor":1,"key":"SteroidPotion"},{"floor":10,"key":"BloodPotion"},{"floor":13,"key":"Dexterity Potion"},{"floor":14,"key":"SteroidPotion"},{"floor":16,"key":"SkillPotion"},{"floor":18,"key":"Weak Potion"},{"floor":22,"key":"ElixirPotion"},{"floor":24,"key":"GamblersBrew"},{"floor":33,"key":"SneckoOil"},{"floor":35,"key":"SkillPotion"},{"floor":39,"key":"GamblersBrew"}],"is_trial":false,"path_per_floor":["M","M","?","?","$","R","E","$","T","M","$","R","M","?","R","B",null,"M","M","$","?","M","R","M","?","T","$","?","M","M","?","R","B",null,"M","?","?","$","M","R","$","R","T","M","R","M","?","?"],"character_chosen":"IRONCLAD","items_purchased":["Bag of Preparation","Shrug It Off","Armaments","True Grit","Anchor"],"campfire_rested":2,"item_purchase_floors":[5,5,8,11,27],"current_hp_per_floor":[60,45,45,34,34,34,23,23,23,29,29,51,49,29,29,27,63,57,46,46,46,28,50,35,14,14,29,29,22,22,22,22,8,32,31,31,31,40,40,40,40,40,40,38,38,25,15,0,0],"gold":46,"neow_bonus":"ONE_RANDOM_RARE_CARD","is_daily":false,"chose_seed":false,"campfire_upgraded":5,"win_rate":0.0,"timestamp":1611154746,"path_taken":["M","M","?","?","$","R","E","$","T","M","?","R","M","?","R","BOSS","M","M","$","?","M","R","M","?","T","$","?","M","M","?","R","BOSS","M","?","?","?","M","R","$","R","T","M","R","?","?","?"],"items_purchased_type":["Relic","Card","Card","Card","Relic"],"build_version":"2020-12-22","purchased_purges":1,"victory":false,"max_hp_per_floor":[75,75,75,75,75,75,75,75,75,75,75,75,75,75,75,75,75,75,75,75,75,75,75,75,80,80,80,80,80,80,40,40,40,40,40,40,40,40,40,40,40,40,40,40,40,40,40,40,40],"card_choices":[{"not_picked":["Rage","Anger"],"picked":"Cleave","floor":1},{"not_picked":["Havoc","Pummel"],"picked":"Uppercut","floor":2},{"not_picked":["Twin Strike","Intimidate"],"picked":"Pommel Strike","floor":7},{"not_picked":["Dropkick","Anger"],"picked":"Dark Embrace","floor":10},{"not_picked":["Warcry","Uppercut"],"picked":"Ghostly Armor","floor":13},{"not_picked":["Wild Strike","Disarm"],"picked":"Feel No Pain","floor":14},{"not_picked":["Impervious","Double Tap"],"picked":"Corruption","floor":16},{"not_picked":["Cleave+1","Perfected Strike"],"picked":"Wild Strike+1","floor":18},{"not_picked":["Reckless Charge","Iron Wave"],"picked":"Evolve","floor":19},{"not_picked":["Heavy Blade","True Grit","Headbutt"],"picked":"SKIP","floor":22},{"not_picked":["Anger","Ghostly Armor"],"picked":"Inflame","floor":24},{"not_picked":["Sword Boomerang","Warcry"],"picked":"Feel No Pain","floor":29},{"not_picked":["Armaments","Clash"],"picked":"Spot Weakness","floor":30},{"not_picked":["Reaper","Juggernaut"],"picked":"Limit Break","floor":33},{"not_picked":["Headbutt","Feel No Pain"],"picked":"Second Wind","floor":35},{"not_picked":["Flex","Perfected Strike"],"picked":"Flame Barrier","floor":39},{"not_picked":["Dropkick+1","Shrug It Off+1","Rampage"],"picked":"SKIP","floor":44},{"not_picked":["Anger+1","Clash+1","Pommel Strike"],"picked":"SKIP","floor":46},{"not_picked":["Sadistic Nature","Mind Blast"],"picked":"Deep Breath","floor":47},{"not_picked":["Violence","Enlightenment"],"picked":"Blind","floor":47},{"not_picked":["Purity","Chrysalis"],"picked":"Mayhem","floor":47}],"player_experience":167164,"relics_obtained":[{"floor":7,"key":"Whetstone"},{"floor":9,"key":"Gambling Chip"},{"floor":14,"key":"Odd Mushroom"},{"floor":26,"key":"MealTicket"}],"event_choices":[{"damage_healed":0,"gold_gain":150,"player_choice":"AGREE","damage_taken":0,"max_hp_gain":0,"max_hp_loss":0,"event_name":"Liars Game","floor":3,"gold_loss":0,"cards_obtained":["Doubt"]},{"damage_healed":0,"gold_gain":75,"player_choice":"Gather Gold","damage_taken":11,"max_hp_gain":0,"max_hp_loss":0,"event_name":"World of Goop","floor":4,"gold_loss":0},{"damage_healed":0,"gold_gain":0,"player_choice":"Fought Mushrooms","damage_taken":0,"max_hp_gain":0,"max_hp_loss":0,"event_name":"Mushrooms","floor":14,"gold_loss":0},{"damage_healed":0,"gold_gain":0,"player_choice":"Simplicity","damage_taken":0,"max_hp_gain":0,"max_hp_loss":0,"event_name":"Back to Basics","floor":21,"gold_loss":0,"cards_upgraded":["Strike_R","Strike_R","Strike_R","Defend_R","Defend_R","Defend_R","Defend_R"]},{"damage_healed":0,"gold_gain":0,"player_choice":"Shed Blood","damage_taken":26,"max_hp_gain":5,"max_hp_loss":0,"event_name":"Forgotten Altar","floor":25,"gold_loss":0},{"damage_healed":0,"gold_gain":50,"player_choice":"Stole From Cult","damage_taken":0,"max_hp_gain":0,"max_hp_loss":0,"event_name":"Nest","floor":28,"gold_loss":0},{"damage_healed":0,"gold_gain":0,"player_choice":"Became a Ghost","damage_taken":0,"max_hp_gain":0,"max_hp_loss":40,"event_name":"Ghosts","floor":31,"gold_loss":0,"cards_obtained":["Ghostly","Ghostly","Ghostly"]},{"damage_healed":0,"gold_gain":0,"player_choice":"Paid","damage_taken":0,"relics_obtained":["Red Mask"],"max_hp_gain":0,"max_hp_loss":0,"event_name":"Tomb of Lord Red Mask","floor":36,"gold_loss":194},{"cards_removed":["Limit Break"],"damage_healed":0,"gold_gain":0,"player_choice":"Removed Skill","damage_taken":0,"max_hp_gain":0,"max_hp_loss":0,"event_name":"Falling","floor":37,"gold_loss":0},{"damage_healed":0,"gold_gain":0,"player_choice":"Memory 3","damage_taken":10,"max_hp_gain":0,"max_hp_loss":0,"event_name":"SensoryStone","floor":47,"gold_loss":0},{"damage_healed":0,"gold_gain":0,"player_choice":"Fight","damage_taken":0,"max_hp_gain":0,"max_hp_loss":0,"event_name":"Mysterious Sphere","floor":48,"gold_loss":0}],"is_beta":false,"boss_relics":[{"not_picked":["Runic Dome","Ectoplasm"],"picked":"Mark of Pain"},{"not_picked":["Calling Bell","Busted Crown"],"picked":"Philosopher\u0027s Stone"}],"items_purged_floors":[5],"is_endless":false,"potions_floor_spawned":[1,10,13,14,16,18,22,24,29,33,35,39,44],"killed_by":"2 Orb Walkers","ascension_level":15}}