{"host":"56d873i5r3uhle0q","time":1611122363,"event":{"mods":["100% Spire Juice","Act Like it!","Aspiration","BaseMod","Block Reminder","Conspire","Gensokyo","Hermit","Hubris","Infinite Spire","Jedi Mod","Lobotomy","Marisa????????","Marked Mod","Minty Spire (QoL Compilation)","Replay The Spire","StSLib","The Animator","The Bug Knight","The Cursed","The Marked","The Servant 0.9.4","everything is the same but u backflip on backflip","vexMod","??????REMEMod"],"gold_per_floor":[113,132,23,33,33,33,33,45,91,91,91,308,308,320,320,292,342,308,308,327,307,307,179,194,194,242,257,284,273,273,284,284,284,284],"floor_reached":33,"language":"ENG","playtime":2028,"items_purged":[],"score":331,"play_id":"bf12aab5-14d8-4da8-a184-327a7415f47a","local_time":"20210119225923","is_ascension_mode":false,"campfire_choices":[{"data":"Moonworks:MetallicMonocoque","floor":6.0,"key":"SMITH"},{"data":"REME_Scribble","floor":11.0,"key":"SMITH"},{"floor":13.0,"key":"REST"},{"data":"jedi:MakeshiftSword","floor":15.0,"key":"SMITH"},{"floor":25,"key":"REST"},{"floor":30,"key":"REST"},{"floor":32,"key":"REST"}],"circlet_count":0,"master_deck":["Strike_R","Strike_R+1","Strike_R+1","Strike_R","Strike_R","Defend_R+1","Defend_R","Bash","Moonworks:MetallicMonocoque+1","Freischutz","HappyTeddy","jedi:MakeshiftSword+1","REME_Scribble+1","Wild Strike+1","hubris:ReadiedAction+1","Wellcheers","Blood for Blood+1","jedi:bloodyhammer","hubris:ReadiedAction+1","jedi:BattleThirst","ShyLook","Battle Trance+1","NakedNest","REME_Scribble"],"relics":["Burning Blood","REME_ComplimentaryCards","CogitoBucket","ReplayTheSpireMod:Lightbulb","hubris:Icosahedron","FossilizedHelix","Tiny House","TungstenRod","Juzu Bracelet","hubris:SlimyHat","conspire:TopHat"],"acts_visited":["Gensokyo:Gensokyo","Gensokyo:Gensokyoer"],"potions_floor_usage":[],"damage_taken":[{"damage":13.0,"enemies":"Gensokyo:2_Kodama","floor":1.0,"turns":5.0},{"damage":8.0,"enemies":"Gensokyo:Python","floor":2.0,"turns":3.0},{"damage":12.0,"enemies":"Gensokyo:Gryphon","floor":4.0,"turns":5.0},{"damage":8.0,"enemies":"Gensokyo:Python_and_Kodama","floor":8.0,"turns":6.0},{"damage":18.0,"enemies":"Gensokyo:Kitsune","floor":12.0,"turns":4.0},{"damage":26.0,"enemies":"Gensokyo:LivingMonolith","floor":14.0,"turns":4.0},{"damage":52.0,"enemies":"Gensokyo:Yukari","floor":16.0,"turns":12.0},{"damage":20.0,"enemies":"Gensokyo:2_Gloops","floor":18.0,"turns":5.0},{"damage":15,"enemies":"Gensokyo:Chomper","floor":20,"turns":4},{"damage":35,"enemies":"Gensokyo:Wraith","floor":21,"turns":4},{"damage":43,"enemies":"Gensokyo:Reisen","floor":23,"turns":5},{"damage":13,"enemies":"Gensokyo:Slime_Group","floor":24,"turns":8},{"damage":29,"enemies":"Gensokyo:Mirror_and_Dog","floor":27,"turns":6},{"damage":45,"enemies":"Gensokyo:Koishi","floor":28,"turns":8},{"damage":33,"enemies":"Gensokyo:3_Gloops","floor":29,"turns":5},{"damage":47,"enemies":"Gensokyo:Slime_Group","floor":31,"turns":6},{"damage":145,"enemies":"Gensokyo:Eternal_Rivals","floor":33,"turns":14}],"seed_played":"2032525642825101623","potions_obtained":[{"floor":2.0,"key":"Weak Potion"},{"floor":4.0,"key":"FairyPotion"},{"floor":12.0,"key":"ElixirPotion"}],"is_trial":false,"path_per_floor":["M","M","COS","M","$","R","?","M","T","?","R","M","R","M","R","B",null,"M","?","M","M","?","E","M","R","T","M","E","M","R","M","R","B"],"character_chosen":"IRONCLAD","items_purchased":[],"campfire_rested":4,"item_purchase_floors":[],"current_hp_per_floor":[73,71,71,65,65,65,73,73,73,73,73,61,82,65,65,31,93,85,85,90,67,77,46,48,80,80,63,29,10,46,10,47,0,0],"gold":284,"neow_bonus":"","is_daily":false,"chose_seed":false,"campfire_upgraded":3,"win_rate":0.0,"timestamp":1611122363,"path_taken":["M","M","COS","M","$","R","?","?","T","?","R","?","R","M","R","BOSS","M","?","M","?","?","E","M","R","T","M","E","M","R","M","R","BOSS"],"items_purchased_type":[],"build_version":"2020-12-22","purchased_purges":0,"victory":false,"max_hp_per_floor":[80,80,80,80,80,80,80,82,82,82,82,82,82,85,85,88,93,96,96,99,102,102,105,108,108,108,111,116,121,121,126,126,131,131],"card_choices":[{"not_picked":["Murderer","DreamingCurrent"],"picked":"Freischutz","floor":1.0},{"not_picked":["jedi:suffering","ReplayTheSpireMod:Muscle Training","Iron Wave"],"picked":"SKIP","floor":1.0},{"not_picked":["DreamingCurrent","OldLady"],"picked":"HappyTeddy","floor":2.0},{"not_picked":["Flex","True Grit"],"picked":"jedi:MakeshiftSword","floor":2.0},{"not_picked":["Perfected Strike","Cleave"],"picked":"REME_Scribble","floor":4.0},{"not_picked":["ReplayTheSpireMod:Corrosion Curse","Battle Trance"],"picked":"Wild Strike","floor":8.0},{"not_picked":["jedi:collectorstrike","Run Through"],"picked":"hubris:ReadiedAction","floor":12.0},{"not_picked":["BigBird","DreamingCurrent"],"picked":"Wellcheers","floor":14.0},{"not_picked":["Combust","Twin Strike"],"picked":"Blood for Blood","floor":14.0},{"not_picked":["jedi:harder","Immolate"],"picked":"jedi:bloodyhammer","floor":16.0},{"not_picked":["True Grit","Warcry"],"picked":"hubris:ReadiedAction","floor":17.0},{"not_picked":["Warcry","jedi:fear","Intimidate"],"picked":"SKIP","floor":18.0},{"not_picked":["REME_TheLastStrike","Cleave","Replay:Undeath\u0027s Touch+1"],"picked":"SKIP","floor":20},{"not_picked":["Pommel Strike","Warcry+1","jedi:suffering"],"picked":"SKIP","floor":21},{"not_picked":["Pommel Strike","Warcry+1","jedi:suffering"],"picked":"SKIP","floor":21},{"not_picked":["OSAHOGD","Murderer"],"picked":"ShyLook","floor":23},{"not_picked":["Whirlwind","Replay:Undeath\u0027s Touch","REME_Fury"],"picked":"SKIP","floor":23},{"not_picked":["Clothesline","hubris:CleavingFinish"],"picked":"Battle Trance+1","floor":24},{"not_picked":["WallGazer","PunishingBird"],"picked":"NakedNest","floor":27},{"not_picked":["Sentinel","jedi:fear"],"picked":"REME_Scribble","floor":27},{"not_picked":["ReplayTheSpireMod:Strike From Hell+1","Havoc+1","Rampage+1"],"picked":"SKIP","floor":28},{"not_picked":["Run Through","Flex","Dark Embrace"],"picked":"SKIP","floor":29},{"not_picked":["True Grit+1","Clash","Anger"],"picked":"SKIP","floor":31}],"player_experience":566257,"relics_obtained":[{"floor":9.0,"key":"ReplayTheSpireMod:Lightbulb"},{"floor":23,"key":"Juzu Bracelet"},{"floor":26,"key":"hubris:SlimyHat"},{"floor":28,"key":"conspire:TopHat"}],"event_choices":[],"is_beta":false,"boss_relics":[{"not_picked":["vexMod:FluxCapacitor","Runic Pyramid"],"picked":"Tiny House"}],"items_purged_floors":[],"is_endless":false,"potions_floor_spawned":[2,4,12,14,20,23,24,28,31],"killed_by":"Gensokyo:Eternal_Rivals","ascension_level":0}}