{"host":"vzkpoqyw8ea6g4k2","time":1611146508,"event":{"mods":["2.2 Compatiblity","AchievementEnabler","BaseMod","Colored Map","Colored Powertips","Marisa£¨Ùöéë¡¡Øª×âÞÞ£©","Minty Spire (QoL Compilation)","Permanent Neow","Quick Restart","StSLib","SuperFastMode"],"gold_per_floor":[118,129,148,162,182,182,182,192,192,192,39,39,56,91,91,186,186,196,215,226,69,69,69,69,69,69,69,69,69],"floor_reached":28,"language":"KOR","playtime":793,"items_purged":[],"score":270,"play_id":"9d002108-cf61-4643-a004-1792ebbea5dc","local_time":"20210120214148","is_ascension_mode":false,"campfire_choices":[{"data":"UpSweep","floor":6,"key":"SMITH"},{"data":"StarBarrage","floor":10,"key":"SMITH"},{"data":"Defend_MRS","floor":12,"key":"SMITH"},{"data":"SuperPerseids","floor":15,"key":"SMITH"},{"floor":25,"key":"REST"},{"data":"FinalSpark","floor":27,"key":"SMITH"}],"circlet_count":0,"master_deck":["Defend_MRS","Defend_MRS","Defend_MRS+1","Defend_MRS","MasterSpark","UpSweep+1","Acceleration+1","StarBarrage+1","GrandCross","DarkMatter","AlicesGift","PowerUp+1","ShootTheMoon","UltimateShortwave","WitchLeyline","SuperPerseids+1","FinalSpark+1","MagicChant","MagicAbsorber","AsteroidBelt+1","Bite","Bite","Bite","Bite","Bite","Writhe"],"relics":["MiniHakkero","Darkstone Periapt","Shuriken","Black Star","War Paint","MutagenicStrength","Nunchaku","Eternal Feather"],"acts_visited":["Exordium","TheCity"],"potions_floor_usage":[13,16,16,20],"damage_taken":[{"damage":6,"enemies":"2 Louse","floor":1,"turns":2},{"damage":1,"enemies":"Cultist","floor":2,"turns":4},{"damage":8,"enemies":"Jaw Worm","floor":3,"turns":3},{"damage":10,"enemies":"Looter","floor":4,"turns":3},{"damage":1,"enemies":"Large Slime","floor":5,"turns":4},{"damage":5,"enemies":"2 Fungi Beasts","floor":8,"turns":3},{"damage":13,"enemies":"Gremlin Gang","floor":13,"turns":3},{"damage":0,"enemies":"Gremlin Nob","floor":14,"turns":2},{"damage":25,"enemies":"The Guardian","floor":16,"turns":9},{"damage":27,"enemies":"3 Byrds","floor":18,"turns":4},{"damage":37,"enemies":"Shell Parasite","floor":19,"turns":5},{"damage":10,"enemies":"Cultist and Chosen","floor":20,"turns":6},{"damage":0,"enemies":"Slavers","floor":28,"turns":1}],"seed_played":"-5658444890636145373","potions_obtained":[{"floor":1,"key":"EssenceOfSteel"},{"floor":3,"key":"LiquidBronze"},{"floor":8,"key":"Fire Potion"},{"floor":13,"key":"ColorlessPotion"},{"floor":19,"key":"DistilledChaos"}],"is_trial":false,"path_per_floor":["M","M","M","M","M","R","?","M","T","R","$","R","M","E","R","B",null,"M","M","M","$","?","?","?","R","T","R","E"],"character_chosen":"MARISA","items_purchased":["UltimateShortwave","War Paint"],"campfire_rested":1,"item_purchase_floors":[11,21],"current_hp_per_floor":[69,68,60,50,49,49,49,44,44,44,44,44,31,31,31,6,75,48,11,1,1,1,1,7,24,24,39,41,41],"gold":69,"neow_bonus":"THREE_CARDS","is_daily":false,"chose_seed":false,"campfire_upgraded":5,"win_rate":0.0,"timestamp":1611146508,"path_taken":["M","M","M","M","M","R","?","?","T","R","$","R","M","E","R","BOSS","M","M","M","$","?","?","?","R","T","R","E"],"items_purchased_type":["Card","Relic"],"build_version":"2020-12-22","purchased_purges":0,"victory":false,"max_hp_per_floor":[75,75,75,75,75,75,75,75,75,75,75,75,75,75,75,75,75,75,75,75,75,52,52,58,58,58,58,58,58],"card_choices":[{"not_picked":["WitchOfGreed","EnergyRecoil"],"picked":"Acceleration","floor":0},{"not_picked":["6A","BlazeAway"],"picked":"StarBarrage","floor":1},{"not_picked":["EarthLightRay","WitchLeyline"],"picked":"GrandCross","floor":2},{"not_picked":["Acceleration","GrandCross"],"picked":"DarkMatter","floor":3},{"not_picked":["EnergyRecoil","WitchLeyline"],"picked":"AlicesGift","floor":4},{"not_picked":["GrandCross","UnstableBomb"],"picked":"PowerUp","floor":5},{"not_picked":["ShootingEcho","DoubleSpark"],"picked":"ShootTheMoon","floor":8},{"not_picked":["WitchOfGreed","ShootingEcho"],"picked":"WitchLeyline","floor":13},{"not_picked":["GravityBeat","SatelliteIllusion"],"picked":"SuperPerseids","floor":14},{"not_picked":["BlazingStar","MaximisePower"],"picked":"FinalSpark","floor":16},{"not_picked":["MysteriousBeam","AsteroidBelt"],"picked":"MagicChant","floor":18},{"not_picked":["EnergyRecoil","MysteriousBeam+1"],"picked":"MagicAbsorber","floor":19},{"not_picked":["MaximisePower","GrandCross+1"],"picked":"AsteroidBelt","floor":20}],"player_experience":22554,"relics_obtained":[{"floor":9,"key":"Darkstone Periapt"},{"floor":14,"key":"Shuriken"},{"floor":26,"key":"Eternal Feather"}],"event_choices":[{"damage_healed":0,"gold_gain":0,"player_choice":"Upgraded","damage_taken":0,"max_hp_gain":0,"max_hp_loss":0,"event_name":"Upgrade Shrine","floor":7,"gold_loss":0,"cards_upgraded":["PowerUp"]},{"damage_healed":0,"gold_gain":0,"player_choice":"Became a vampire","damage_taken":0,"max_hp_gain":0,"max_hp_loss":23,"event_name":"Vampires","floor":22,"gold_loss":0,"cards_obtained":["Bite","Bite","Bite","Bite","Bite"]},{"damage_healed":0,"gold_gain":0,"player_choice":"Inject Mutagens","damage_taken":0,"relics_obtained":["MutagenicStrength"],"max_hp_gain":0,"max_hp_loss":0,"event_name":"Drug Dealer","floor":23,"gold_loss":0},{"damage_healed":0,"gold_gain":0,"player_choice":"Opened","damage_taken":0,"relics_obtained":["Nunchaku"],"max_hp_gain":0,"max_hp_loss":0,"event_name":"The Mausoleum","floor":24,"gold_loss":0,"cards_obtained":["Writhe"]}],"is_beta":false,"boss_relics":[{"not_picked":["Runic Dome","Coffee Dripper"],"picked":"Black Star"}],"items_purged_floors":[],"is_endless":false,"potions_floor_spawned":[1,3,8,13,19],"killed_by":"Slavers","ascension_level":0}}