{"host":"n4fty02wqqi95laq","time":1611115098,"event":{"mods":["BaseMod","Highlight Path","Minty Spire (QoL Compilation)","Quick Restart","Rare Cards Sparkle","StSLib"],"gold_per_floor":[113,83,100,112,37,67,79,79,127,127,147,174,99,99,99,171,171,191,191,201,228,19,19,19],"floor_reached":23,"language":"ZHS","playtime":712,"items_purged":["Strike_B"],"score":398,"play_id":"1308858c-60e3-4542-b257-b32d1b5e9b08","local_time":"20210120115818","is_ascension_mode":true,"campfire_choices":[{"data":"Recycle","floor":8.0,"key":"SMITH"},{"data":"Gash","floor":10.0,"key":"SMITH"},{"data":"Genetic Algorithm","floor":15.0,"key":"SMITH"}],"circlet_count":0,"master_deck":["AscendersBane","Strike_B","Defend_B","Defend_B","Defend_B","Defend_B","Zap","Dualcast","All For One","Gash","Recycle+1","Defragment","Gash+1","Creative AI","Genetic Algorithm+1","Fission","Turbo","Coolheaded","Apotheosis"],"relics":["Cracked Core","Meat on the Bone","Pen Nib","Runic Pyramid","Smiling Mask"],"acts_visited":["Exordium","TheCity"],"potions_floor_usage":[23],"damage_taken":[{"damage":0.0,"enemies":"2 Louse","floor":1.0,"turns":2.0},{"damage":2.0,"enemies":"Cultist","floor":3.0,"turns":4.0},{"damage":9.0,"enemies":"Jaw Worm","floor":4.0,"turns":3.0},{"damage":22.0,"enemies":"Lagavulin","floor":6.0,"turns":5.0},{"damage":16.0,"enemies":"Blue Slaver","floor":7.0,"turns":3.0},{"damage":0.0,"enemies":"2 Fungi Beasts","floor":11.0,"turns":2.0},{"damage":15.0,"enemies":"3 Sentries","floor":12.0,"turns":8.0},{"damage":10.0,"enemies":"Slime Boss","floor":16.0,"turns":5.0},{"damage":20.0,"enemies":"3 Byrds","floor":18.0,"turns":6.0},{"damage":0.0,"enemies":"Chosen","floor":20.0,"turns":3.0},{"damage":53,"enemies":"Slavers","floor":23,"turns":4}],"seed_played":"-8760163239011348754","potions_obtained":[{"floor":2.0,"key":"SneckoOil"},{"floor":2.0,"key":"EssenceOfDarkness"},{"floor":4.0,"key":"SkillPotion"},{"floor":7.0,"key":"Fire Potion"},{"floor":16.0,"key":"LiquidMemories"},{"floor":18.0,"key":"Strength Potion"}],"is_trial":false,"path_per_floor":["M","?","M","M","?","E","M","R","T","R","M","E","$","?","R","B",null,"M","?","M","T","$","E"],"character_chosen":"DEFECT","items_purchased":["Apotheosis"],"campfire_rested":0,"item_purchase_floors":[22],"current_hp_per_floor":[64,64,62,53,53,31,27,27,27,27,39,36,36,36,36,38,63,43,43,43,43,43,0,0],"gold":19,"neow_bonus":"ONE_RANDOM_RARE_CARD","is_daily":false,"chose_seed":false,"campfire_upgraded":3,"win_rate":0.0,"timestamp":1611115098,"path_taken":["M","?","?","?","?","E","M","R","T","R","M","E","?","?","R","BOSS","M","?","M","?","$","E"],"items_purchased_type":["Card"],"build_version":"2020-12-22","purchased_purges":1,"victory":false,"max_hp_per_floor":[71,71,71,71,71,71,71,71,71,71,71,71,71,71,71,71,71,71,71,71,71,71,71,71],"card_choices":[{"not_picked":["Sweeping Beam","Turbo"],"picked":"Gash","floor":1.0},{"not_picked":["Stack","Hologram"],"picked":"Recycle","floor":3.0},{"not_picked":["BootSequence","Cold Snap"],"picked":"Defragment","floor":4.0},{"not_picked":["Reinforced Body","Sweeping Beam","Conserve Battery"],"picked":"SKIP","floor":6.0},{"not_picked":["Redo","Steam"],"picked":"Gash","floor":7.0},{"not_picked":["Sweeping Beam","Barrage"],"picked":"Creative AI","floor":11.0},{"not_picked":["Cold Snap","Steam Power","Rebound"],"picked":"SKIP","floor":12.0},{"not_picked":["Creative AI","Core Surge"],"picked":"Fission","floor":16.0},{"not_picked":["Hologram","Reprogram+1"],"picked":"Turbo","floor":18.0},{"not_picked":["Redo","Turbo","Go for the Eyes"],"picked":"SKIP","floor":20.0}],"player_experience":679067,"relics_obtained":[{"floor":6.0,"key":"Meat on the Bone"},{"floor":12.0,"key":"Pen Nib"},{"floor":21.0,"key":"Smiling Mask"}],"event_choices":[{"damage_healed":0.0,"max_hp_gain":0.0,"max_hp_loss":0.0,"gold_gain":0.0,"event_name":"The Woman in Blue","player_choice":"Bought 2 Potions","floor":2.0,"gold_loss":0.0,"damage_taken":0.0},{"cards_removed":["Strike_B"],"damage_healed":0.0,"max_hp_gain":0.0,"max_hp_loss":0.0,"gold_gain":0.0,"event_name":"The Cleric","player_choice":"Card Removal","floor":5.0,"gold_loss":75.0,"damage_taken":0.0},{"damage_healed":0.0,"max_hp_gain":0.0,"max_hp_loss":0.0,"gold_gain":0.0,"cards_transformed":["Strike_B"],"event_name":"Living Wall","player_choice":"Change","floor":14.0,"gold_loss":0.0,"damage_taken":0.0,"cards_obtained":["Genetic Algorithm"]},{"damage_healed":0.0,"max_hp_gain":0.0,"max_hp_loss":0.0,"gold_gain":0.0,"event_name":"The Library","player_choice":"Read","floor":19.0,"gold_loss":0.0,"damage_taken":0.0,"cards_obtained":["Coolheaded"]}],"is_beta":false,"boss_relics":[{"not_picked":["Busted Crown","Nuclear Battery"],"picked":"Runic Pyramid"}],"items_purged_floors":[13],"is_endless":false,"potions_floor_spawned":[3,4,7,16,18],"killed_by":"Slavers","ascension_level":20}}