{"host":"nbmmy2ys5j9alw05","time":1611129776,"event":{"mods":["AchievementEnabler","BaseMod","Bestiary","Better Vampires","Colored Map","Colored Powertips","Googly Eyes","Minty Spire (QoL Compilation)","Quick Restart","StSLib","The Hierophant","The IronCluck","everything is the same but u backflip on backflip"],"gold_per_floor":[117,217,236,18,18,18,43,43,69,82,102,102,132,143,143,244,244,261,261,274,308,321,350,350,350,397,417,417,432,432,187,187,292,292,308,320,542,542,562,562,597,615,640,669,685,685,695,186,186,186,186],"floor_reached":50,"language":"ENG","playtime":1691,"items_purged":["Strike_R","Strike_R"],"score":869,"play_id":"44568d5d-a729-4b70-a47e-0547395ecf09","local_time":"20210120000256","is_ascension_mode":true,"campfire_choices":[{"data":"Whirlwind","floor":6,"key":"SMITH"},{"data":"Bludgeon","floor":8,"key":"SMITH"},{"data":"Seeing Red","floor":12,"key":"SMITH"},{"data":"Battle Trance","floor":15,"key":"SMITH"},{"floor":24,"key":"REST"},{"data":"Exhume","floor":28,"key":"SMITH"},{"data":"Seeing Red","floor":30,"key":"SMITH"},{"data":"Limit Break","floor":32,"key":"SMITH"},{"data":"Demon Form","floor":40,"key":"SMITH"},{"floor":46,"key":"REST"},{"data":"Disarm","floor":49,"key":"SMITH"}],"circlet_count":0,"master_deck":["Strike_R","Strike_R","Defend_R","Defend_R","Defend_R","Defend_R","Bash","Flame Barrier","Carnage","Whirlwind+1","Bludgeon+1","Seeing Red+1","Battle Trance+1","Demon Form+1","Warcry+1","Exhume+1","Disarm+1","Seeing Red+1","Limit Break+1","Reaper","Trip","Bloodletting+1"],"relics":["Burning Blood","NeowsBlessing","Chemical X","Smiling Mask","Centennial Puzzle","MealTicket","Velvet Choker","Red Mask","Oddly Smooth Stone","Happy Flower","SlaversCollar","Lantern","Pen Nib","Omamori","StoneCalendar","Bronze Scales"],"acts_visited":["Exordium","TheCity","TheBeyond"],"potions_floor_usage":[13,16,20,22,23,23,33,33,39,44,45,50,50],"damage_taken":[{"damage":0,"enemies":"Jaw Worm","floor":1,"turns":1},{"damage":0,"enemies":"Cultist","floor":3,"turns":1},{"damage":0,"enemies":"Lagavulin","floor":7,"turns":1},{"damage":0,"enemies":"Small Slimes","floor":10,"turns":1},{"damage":9,"enemies":"Red Slaver","floor":11,"turns":2},{"damage":12,"enemies":"Gremlin Nob","floor":13,"turns":3},{"damage":3,"enemies":"Lots of Slimes","floor":14,"turns":2},{"damage":8,"enemies":"Slime Boss","floor":16,"turns":5},{"damage":0,"enemies":"Spheric Guardian","floor":18,"turns":1},{"damage":11,"enemies":"Shell Parasite","floor":20,"turns":3},{"damage":0,"enemies":"Masked Bandits","floor":21,"turns":2},{"damage":27,"enemies":"Snecko","floor":22,"turns":4},{"damage":13,"enemies":"Book of Stabbing","floor":23,"turns":8},{"damage":18,"enemies":"Chosen and Byrds","floor":27,"turns":5},{"damage":10,"enemies":"Centurion and Healer","floor":29,"turns":3},{"damage":34,"enemies":"Champ","floor":33,"turns":7},{"damage":12,"enemies":"3 Shapes","floor":35,"turns":3},{"damage":22,"enemies":"Orb Walker","floor":36,"turns":4},{"damage":23,"enemies":"Writhing Mass","floor":39,"turns":4},{"damage":37,"enemies":"Giant Head","floor":41,"turns":6},{"damage":67,"enemies":"Spire Growth","floor":42,"turns":7},{"damage":28,"enemies":"Reptomancer","floor":44,"turns":4},{"damage":14,"enemies":"Sphere and 2 Shapes","floor":45,"turns":2},{"damage":20,"enemies":"3 Darklings","floor":47,"turns":4},{"damage":79,"enemies":"Awakened One","floor":50,"turns":5}],"seed_played":"-1563272983479779944","potions_obtained":[{"floor":3,"key":"SkillPotion"},{"floor":5,"key":"HeartOfIron"},{"floor":5,"key":"DistilledChaos"},{"floor":5,"key":"LiquidMemories"},{"floor":13,"key":"Swift Potion"},{"floor":16,"key":"SkillPotion"},{"floor":20,"key":"ColorlessPotion"},{"floor":27,"key":"Strength Potion"},{"floor":36,"key":"Regen Potion"},{"floor":39,"key":"Strength Potion"},{"floor":41,"key":"FearPotion"},{"floor":45,"key":"SteroidPotion"},{"floor":47,"key":"Dexterity Potion"}],"is_trial":false,"path_per_floor":["M","?","M","$","?","R","E","R","T","M","M","R","E","M","R","B",null,"M","?","M","?","M","E","R","?","T","M","R","M","R","$","R","B",null,"M","M","?","?","M","R","E","M","T","E","M","R","M","$","R","B"],"character_chosen":"IRONCLAD","items_purchased":["Whirlwind","Chemical X","Limit Break","Dexterity Potion","StoneCalendar","Bronze Scales"],"campfire_rested":2,"item_purchase_floors":[4,4,31,31,48,48],"current_hp_per_floor":[78,78,80,80,80,80,80,80,80,80,77,77,71,74,74,72,78,80,74,69,75,54,47,71,71,71,59,59,55,55,70,70,42,71,65,61,61,61,56,56,80,19,19,27,19,43,57,72,72,0,0],"gold":186,"neow_bonus":"THREE_ENEMY_KILL","is_daily":false,"chose_seed":false,"campfire_upgraded":9,"win_rate":0.0,"timestamp":1611129776,"path_taken":["M","?","M","?","?","R","E","R","T","M","M","R","E","M","R","BOSS","M","?","?","?","M","E","R","?","T","M","R","?","R","?","R","BOSS","M","?","?","?","M","R","E","M","T","E","?","R","M","$","R","BOSS"],"items_purchased_type":["Card","Relic","Card","Potion","Relic","Relic"],"build_version":"2020-12-22","purchased_purges":2,"victory":false,"max_hp_per_floor":[80,80,80,80,80,80,80,80,80,80,80,80,80,80,80,80,80,80,80,80,80,80,80,80,80,80,80,80,80,80,80,80,80,80,80,80,80,80,80,80,80,80,80,80,80,80,80,80,80,80,80],"card_choices":[{"not_picked":["Twin Strike","Havoc"],"picked":"Flame Barrier","floor":1},{"not_picked":["Feel No Pain","Searing Blow"],"picked":"Carnage","floor":3},{"not_picked":["Carnage","Intimidate"],"picked":"Bludgeon","floor":7},{"not_picked":["Sword Boomerang","Clash"],"picked":"Seeing Red","floor":10},{"not_picked":["Heavy Blade","Wild Strike"],"picked":"Battle Trance","floor":11},{"not_picked":["Battle Trance","Headbutt","Warcry"],"picked":"SKIP","floor":13},{"not_picked":["Warcry","Wild Strike","Sentinel"],"picked":"SKIP","floor":14},{"not_picked":["Feed","Limit Break"],"picked":"Demon Form","floor":16},{"not_picked":["Sever Soul","True Grit","Ghostly Armor"],"picked":"SKIP","floor":18},{"not_picked":["Perfected Strike","Bloodletting"],"picked":"Warcry+1","floor":20},{"not_picked":["Clash+1","Shockwave+1"],"picked":"Exhume","floor":21},{"not_picked":["Entrench","Searing Blow","Rupture"],"picked":"SKIP","floor":22},{"not_picked":["Havoc+1","True Grit"],"picked":"Disarm","floor":23},{"not_picked":["Cleave+1","Evolve","Shrug It Off"],"picked":"SKIP","floor":27},{"not_picked":["Pommel Strike","Shockwave"],"picked":"Seeing Red","floor":29},{"not_picked":["Limit Break","Bludgeon"],"picked":"Reaper","floor":33},{"not_picked":["Dark Embrace","True Grit+1","Spot Weakness+1"],"picked":"SKIP","floor":35},{"not_picked":["Shrug It Off+1","Havoc","Armaments"],"picked":"SKIP","floor":36},{"not_picked":["PanicButton","Swift Strike"],"picked":"Trip","floor":38},{"not_picked":["Anger+1","Searing Blow","Pummel"],"picked":"SKIP","floor":39},{"not_picked":["Reckless Charge+1","Sentinel","Havoc"],"picked":"SKIP","floor":41},{"not_picked":["Perfected Strike+1","Burning Pact","Feel No Pain+1"],"picked":"SKIP","floor":42},{"not_picked":["Heavy Blade","Dropkick+1","Battle Trance"],"picked":"SKIP","floor":44},{"not_picked":["Flex+1","Body Slam"],"picked":"Bloodletting+1","floor":45},{"not_picked":["Headbutt","Carnage+1","Offering"],"picked":"SKIP","floor":47}],"player_experience":492427,"relics_obtained":[{"floor":7,"key":"Smiling Mask"},{"floor":9,"key":"Centennial Puzzle"},{"floor":13,"key":"MealTicket"},{"floor":21,"key":"Red Mask"},{"floor":23,"key":"Oddly Smooth Stone"},{"floor":26,"key":"Happy Flower"},{"floor":41,"key":"Lantern"},{"floor":43,"key":"Pen Nib"},{"floor":44,"key":"Omamori"}],"event_choices":[{"damage_healed":0,"gold_gain":100,"player_choice":"Pray","damage_taken":0,"max_hp_gain":0,"max_hp_loss":0,"event_name":"Golden Shrine","floor":2,"gold_loss":0},{"damage_healed":0,"gold_gain":0,"player_choice":"Got Potions","damage_taken":0,"max_hp_gain":0,"max_hp_loss":0,"event_name":"Lab","floor":5,"gold_loss":0},{"damage_healed":0,"gold_gain":0,"player_choice":"","damage_taken":6,"max_hp_gain":0,"max_hp_loss":0,"event_name":"Knowing Skull","floor":19,"potions_obtained":[],"gold_loss":0,"cards_obtained":[]},{"damage_healed":0,"gold_gain":0,"player_choice":"Fought Bandits","damage_taken":0,"max_hp_gain":0,"max_hp_loss":0,"event_name":"Masked Bandits","floor":21,"gold_loss":0},{"cards_removed":["Strike_R"],"damage_healed":0,"gold_gain":0,"player_choice":"Offered Basic","damage_taken":0,"max_hp_gain":0,"max_hp_loss":0,"event_name":"Bonfire Elementals","floor":25,"gold_loss":0},{"damage_healed":0,"gold_gain":222,"player_choice":"Wore Mask","damage_taken":0,"max_hp_gain":0,"max_hp_loss":0,"event_name":"Tomb of Lord Red Mask","floor":37,"gold_loss":0},{"damage_healed":0,"gold_gain":0,"player_choice":"Memory 1","damage_taken":0,"max_hp_gain":0,"max_hp_loss":0,"event_name":"SensoryStone","floor":38,"gold_loss":0}],"is_beta":false,"boss_relics":[{"not_picked":["Tiny House","Black Blood"],"picked":"Velvet Choker"},{"not_picked":["Calling Bell","Empty Cage"],"picked":"SlaversCollar"}],"items_purged_floors":[31,48],"is_endless":false,"potions_floor_spawned":[3,7,11,13,16,18,20,27,36,39,41,45,47],"killed_by":"Awakened One","ascension_level":9}}