{"host":"4lxzgdqpvzyot39g","time":1611172691,"event":{"mods":["100% Spire Juice","Abigail Mod","Act Like it!","Aspiration","BaseMod","Beaked The Cultist","Better Altar","Better Match","Better Note","Better Sensory Stone","Better Skull","Better Third Choice","CCEM","Colored Map","Colored Powertips","Conspire","Dark Map","Displayed Cursed Tome","Dota2Spire","Energized Spire","Fox Events","Friendly Minions","Gensokyo","GifTheSpireLib","Halation","Hallownest","Hermit","Highlight Path","HololiveMod","Hubris","Infinite Spire","Jedi Mod","JesterMod","Mari Mod (Legacy)","Mari\u0027s V1 Patch","MarisaÅiñ∂âJÅ@ñÇóùçπÅj","Minty Spire (QoL Compilation)","Prisma Mod","Quarter Circle Forward PUNCH!","Relic Filter","Replay The Spire","Robot Space Explorer","SCP261 Mod","Small Relic Pack","Spicy Shops","Spikes Relics","Spire Arcade","StS++","StSLib","Stuff the Spire","The Alterego","The Blue Laboratory","The Bug Knight","The Cursed","The Fake Hero","The Marked","The Servant 0.9.4","The Wild Card","Trackpad","Waifu the Spire","WarShipGirlsR/??è≠èóR mod","vexMod","Åy?ï®?îvÅzREMEMod"],"gold_per_floor":[511,511,522,39,39,69,69,69,69],"floor_reached":8,"language":"ENG","playtime":373,"items_purged":["luka_mod:Surrender","luka_mod:Edging"],"score":97,"play_id":"d179074c-eee3-47fa-b9e4-8ed542725185","local_time":"20210120145811","is_ascension_mode":true,"campfire_choices":[{"data":"luka_mod:StrikeLukaThree","floor":7,"key":"SMITH"}],"circlet_count":0,"master_deck":["AscendersBane","luka_mod:StrikeLukaOne","luka_mod:StrikeLukaTwo","luka_mod:StrikeLukaThree+1","luka_mod:StrikeLukaFour","luka_mod:StrikeLukaFive","luka_mod:StrikeLukaSix","luka_mod:Salt","luka_mod:Guard","luka_mod:FlailWildly","luka_mod:Meditation","Midas Touch"],"relics":["luka_mod:KeepsakeRing","REME_ComplimentaryCards","jedi:cryingmask","qcfpunch:Black_Training_Shirt","RollingBoulder"],"acts_visited":["Exordium"],"potions_floor_usage":[6,8],"damage_taken":[{"damage":16,"enemies":"Small Slimes","floor":1,"turns":5},{"damage":9,"enemies":"Jaw Worm","floor":3,"turns":3},{"damage":35,"enemies":"Gremlin Nob","floor":6,"turns":4},{"damage":30,"enemies":"Lagavulin","floor":8,"turns":3}],"seed_played":"-7036178367712717532","potions_obtained":[{"floor":1,"key":"jedi:StrikingPotion"},{"floor":6,"key":"blueLaboratory:PyrophylliteBrew"}],"is_trial":false,"path_per_floor":["M","?","M","$","?","E","R","E"],"character_chosen":"LUKA_CLASS","items_purchased":["jedi:cryingmask","qcfpunch:Black_Training_Shirt"],"campfire_rested":0,"item_purchase_floors":[4,4],"current_hp_per_floor":[32,32,38,38,38,22,22,0,0],"gold":69,"neow_bonus":"REMOVE_CARD","is_daily":false,"chose_seed":false,"campfire_upgraded":1,"win_rate":0.0,"timestamp":1611172691,"path_taken":["M","?","M","$","?","E","R","E"],"items_purchased_type":["Relic","Relic"],"build_version":"2020-12-22","purchased_purges":2,"victory":false,"max_hp_per_floor":[38,38,38,38,38,38,38,38,38],"card_choices":[{"not_picked":["luka_mod:WindSlash","luka_mod:GuardTraining","luka_mod:DemonDecapitation"],"picked":"SKIP","floor":1},{"not_picked":["luka_mod:EndlessGuard","luka_mod:DemonSkullBeheading","luka_mod:NotVerySharp"],"picked":"SKIP","floor":3},{"not_picked":["luka_mod:StressRelief","luka_mod:FireSlash","luka_mod:Feel"],"picked":"SKIP","floor":6}],"player_experience":1104682,"relics_obtained":[{"floor":6,"key":"RollingBoulder"}],"event_choices":[{"damage_healed":0,"gold_gain":0,"player_choice":"Ignored","damage_taken":511,"max_hp_gain":0,"max_hp_loss":0,"event_name":"betterThird:BetterSerpent","floor":2,"gold_loss":0},{"damage_healed":0,"gold_gain":0,"player_choice":"Disagree","damage_taken":0,"max_hp_gain":0,"max_hp_loss":0,"event_name":"conspire:LoneGhost","floor":5,"gold_loss":0}],"is_beta":false,"boss_relics":[],"items_purged_floors":[4,4],"is_endless":false,"potions_floor_spawned":[1,6],"killed_by":"Lagavulin","ascension_level":16}}