{"host":"y2kfqdipa4rrljwb","time":1611113494,"event":{"mods":["ATMod(阿瑾Mod)","AchievementEnabler","Act Like it!","Aspiration","BaseMod","Downfall","Friendly Minions","Infinite Spire","Minty Spire (QoL Compilation)","Random Character Button","Random Character Mod","Relic Stats","RumiaBox-露米娅的神秘盒子","StSLib","TestMod","vexMod","【功能Mod】混沌之环修复补丁","【遗物卡牌】REMEMod"],"gold_per_floor":[99,116,134,44,44,64,64,80,91,491,502,402,432,450,460,460,460,460],"floor_reached":16,"language":"ZHS","playtime":1541,"items_purged":["bronze:Strike"],"score":106,"play_id":"056597d5-fa47-48da-af26-be9f4f475ac7","local_time":"20210120113134","is_ascension_mode":false,"campfire_choices":[{"floor":1.0,"key":"RECALL"},{"data":"bronze:Goto","floor":12.0,"key":"SMITH"}],"circlet_count":0,"master_deck":["bronze:Strike","bronze:Strike","bronze:Strike","bronze:Defend","bronze:Defend","bronze:Defend","bronze:Defend","bronze:Replicate","bronze:Goto+1","bronze:WhirlingStrike","bronze:Branch","bronze:Mutator","bronze:Shield","bronze:ClassDefault","bronze:Turbo","bronze:Safeguard","bronze:Deprecate","bronze:Branch"],"relics":["bronze:BronzeCore","REME_ComplimentaryCards","AT_ATBox","aspiration:HatOfInfinitePower","downfall:HeartBlessingRed","aspiration:HiddenCompartment"],"acts_visited":["Exordium"],"potions_floor_usage":[],"damage_taken":[{"damage":1.0,"enemies":"Jaw Worm","floor":2.0,"turns":3.0},{"damage":0.0,"enemies":"Cultist","floor":3.0,"turns":3.0},{"damage":0.0,"enemies":"downfall:FleeingMerchant","floor":4.0,"turns":4.0},{"damage":2.0,"enemies":"Small Slimes","floor":6.0,"turns":2.0},{"damage":1.0,"enemies":"2 Fungi Beasts","floor":8.0,"turns":2.0},{"damage":0.0,"enemies":"Exordium Wildlife","floor":9.0,"turns":3.0},{"damage":1.0,"enemies":"3 Louse","floor":11.0,"turns":3.0},{"damage":21.0,"enemies":"Lagavulin","floor":13.0,"turns":7.0},{"damage":0.0,"enemies":"Large Slime","floor":14.0,"turns":4.0},{"damage":10,"enemies":"Exordium Thugs","floor":15,"turns":5},{"damage":52,"enemies":"IC_STATUS_ARCHETYPE","floor":16,"turns":8}],"seed_played":"3530415689950664117","potions_obtained":[{"floor":3.0,"key":"Fire Potion"},{"floor":9.0,"key":"champ:CounterPotion"},{"floor":13.0,"key":"Fire Potion"},{"floor":15,"key":"SpeedPotion"}],"is_trial":false,"path_per_floor":["R","M","M","$","?","M","T","M","M","?","M","R","E","M","M","B"],"character_chosen":"THE_AUTOMATON","items_purchased":[],"campfire_rested":0,"item_purchase_floors":[],"current_hp_per_floor":[77,76,76,76,76,74,74,73,73,73,72,72,51,51,41,0,0,0],"gold":460,"neow_bonus":"TEN_PERCENT_HP_BONUS","is_daily":false,"chose_seed":false,"campfire_upgraded":1,"win_rate":0.0,"timestamp":1611113494,"path_taken":["R","M","M","$","?","M","T","M","?","?","M","R","E","M","M","BOSS"],"items_purchased_type":[],"build_version":"2020-12-22","purchased_purges":1,"victory":false,"max_hp_per_floor":[77,77,77,77,77,77,77,77,77,77,77,77,77,77,77,77,77,77],"relic_stats":{"counters":[11,44],"obtain_stats":[{"bronze:BronzeCore":0,"AT_ATBox":0,"testmod-TestBox":0,"downfall:HeartBlessingRed":12,"aspiration:HatOfInfinitePower":7,"aspiration:HiddenCompartment":13,"REME_ComplimentaryCards":0},{"bronze:BronzeCore":0,"AT_ATBox":0,"testmod-TestBox":0,"downfall:HeartBlessingRed":7,"aspiration:HatOfInfinitePower":4,"aspiration:HiddenCompartment":8,"REME_ComplimentaryCards":0},{"bronze:BronzeCore":0,"AT_ATBox":0,"testmod-TestBox":0,"downfall:HeartBlessingRed":20,"aspiration:HatOfInfinitePower":12,"aspiration:HiddenCompartment":27,"REME_ComplimentaryCards":0}]},"card_choices":[{"not_picked":["bronze:Fortify","bronze:Iterate"],"picked":"bronze:WhirlingStrike","floor":2.0},{"not_picked":["bronze:Frontload","bronze:WhirlingStrike"],"picked":"bronze:Branch","floor":3.0},{"not_picked":["bronze:FineTuning","bronze:Iterate"],"picked":"bronze:Mutator","floor":4.0},{"not_picked":["bronze:FineTuning","bronze:ForceShield"],"picked":"bronze:Shield","floor":6.0},{"not_picked":["bronze:Allocate","bronze:WhirlingStrike","bronze:ForceShield"],"picked":"SKIP","floor":8.0},{"not_picked":["bronze:WildBeam","bronze:WhirlingStrike"],"picked":"bronze:ClassDefault","floor":9.0},{"not_picked":["bronze:Flail","bronze:Shield"],"picked":"bronze:Turbo","floor":11.0},{"not_picked":["bronze:Return","bronze:Turbo"],"picked":"bronze:Safeguard","floor":13.0},{"not_picked":["bronze:Turbo","bronze:Mutator"],"picked":"bronze:Deprecate","floor":14.0},{"not_picked":["bronze:WhirlingStrike","bronze:Iterate"],"picked":"bronze:Branch","floor":15}],"player_experience":223908,"relics_obtained":[{"floor":7.0,"key":"aspiration:HatOfInfinitePower"},{"floor":13.0,"key":"aspiration:HiddenCompartment"}],"event_choices":[{"damage_healed":0.0,"max_hp_gain":0.0,"max_hp_loss":0.0,"gold_gain":0.0,"event_name":"NoteForYourself","player_choice":"Ignored","floor":5.0,"gold_loss":0.0,"damage_taken":0.0},{"damage_healed":0.0,"max_hp_gain":0.0,"max_hp_loss":0.0,"gold_gain":400.0,"event_name":"恩洛斯的盘子","player_choice":"Sell","floor":10.0,"relics_lost":["testmod-TestBox"],"gold_loss":0.0,"damage_taken":0.0}],"is_beta":false,"boss_relics":[],"items_purged_floors":[4],"is_endless":false,"potions_floor_spawned":[3,9,13,15],"killed_by":"IC_STATUS_ARCHETYPE","ascension_level":0}}