{"host":"z42sc0n2dozsmk72","time":1611144275,"event":{"mods":["AchievementEnabler","BaseMod","Better Third Choice","Colored Map","Curses Come First","Highlight Path","Minty Spire (QoL Compilation)","Permanent Neow","Quick Restart","Relic Stats","Shop Mod","StSLib","egg","slay the spire mod where everything is the same but ironclad has a cowboy hat"],"gold_per_floor":[117,117,117,134,148,175,175,208,231,247,247,247,282,297,297,402,402,402,402,402,402,402,402,402,402,402,402,402,402,402,402,402,402,402,402,402,402,90,90,90,90,90,90,90,90,90,90,15,15,15,15,15,15,15,15],"floor_reached":56,"language":"ENG","playtime":6227,"items_purged":["Reinforced Body"],"score":1466,"play_id":"b48c1e55-9bcc-49a3-9067-16055a36ef26","local_time":"20210121010435","is_ascension_mode":true,"campfire_choices":[{"data":"Defragment","floor":7.0,"key":"SMITH"},{"data":"Seek","floor":11.0,"key":"SMITH"},{"data":"Genetic Algorithm","floor":15.0,"key":"SMITH"},{"floor":23.0,"key":"RECALL"},{"floor":30.0,"key":"REST"},{"data":"Zap","floor":32.0,"key":"SMITH"},{"data":"BootSequence","floor":49.0,"key":"SMITH"},{"data":"Meteor Strike","floor":52.0,"key":"SMITH"}],"circlet_count":0,"master_deck":["Strike_B","Strike_B","Strike_B","Defend_B","Defend_B","Defend_B","Defend_B","Zap+1","Dualcast","Seek+1","Apotheosis+1","Defragment+1","Genetic Algorithm+1","Conserve Battery","Cold Snap","Creative AI","Recycle","Force Field","Genetic Algorithm+1","Undo","Recycle","Capacitor","Meteor Strike+1","Heatsinks","Capacitor+1","BootSequence+1","Skim","Core Surge","Ball Lightning","Capacitor"],"relics":["Cracked Core","Pen Nib","DataDisk","Toy Ornithopter","Bottled Lightning","Ectoplasm","Ice Cream","Bag of Preparation","Philosopher\u0027s Stone","StoneCalendar","Lantern","Orichalcum","Sundial","White Beast Statue","Du-Vu Doll"],"acts_visited":["Exordium","TheCity","TheBeyond","TheEnding"],"potions_floor_usage":[55,55],"damage_taken":[{"damage":4.0,"enemies":"Jaw Worm","floor":1.0,"turns":4.0},{"damage":0.0,"enemies":"Small Slimes","floor":4.0,"turns":3.0},{"damage":0.0,"enemies":"2 Louse","floor":5.0,"turns":2.0},{"damage":11.0,"enemies":"3 Sentries","floor":6.0,"turns":7.0},{"damage":14.0,"enemies":"Gremlin Nob","floor":8.0,"turns":3.0},{"damage":2.0,"enemies":"Looter","floor":10.0,"turns":3.0},{"damage":1.0,"enemies":"3 Sentries","floor":13.0,"turns":6.0},{"damage":14.0,"enemies":"Exordium Thugs","floor":14.0,"turns":6.0},{"damage":0.0,"enemies":"The Guardian","floor":16.0,"turns":10.0},{"damage":0.0,"enemies":"Shell Parasite","floor":18.0,"turns":5.0},{"damage":0.0,"enemies":"Spheric Guardian","floor":19.0,"turns":4.0},{"damage":6.0,"enemies":"Cultist and Chosen","floor":20.0,"turns":7.0},{"damage":9.0,"enemies":"Centurion and Healer","floor":21.0,"turns":8.0},{"damage":0.0,"enemies":"3 Cultists","floor":24.0,"turns":5.0},{"damage":7.0,"enemies":"Chosen and Byrds","floor":25.0,"turns":5.0},{"damage":11.0,"enemies":"Centurion and Healer","floor":27.0,"turns":8.0},{"damage":18.0,"enemies":"Slavers","floor":28.0,"turns":4.0},{"damage":0.0,"enemies":"Snecko","floor":29.0,"turns":7.0},{"damage":0.0,"enemies":"Gremlin Leader","floor":31.0,"turns":9.0},{"damage":7.0,"enemies":"Collector","floor":33.0,"turns":7.0},{"damage":0.0,"enemies":"3 Darklings","floor":35.0,"turns":7.0},{"damage":0.0,"enemies":"3 Shapes","floor":37.0,"turns":4.0},{"damage":3.0,"enemies":"Spire Growth","floor":39.0,"turns":7.0},{"damage":0.0,"enemies":"Nemesis","floor":40.0,"turns":7.0},{"damage":0.0,"enemies":"Maw","floor":41.0,"turns":7.0},{"damage":0.0,"enemies":"Sphere and 2 Shapes","floor":42.0,"turns":7.0},{"damage":0.0,"enemies":"Giant Head","floor":44.0,"turns":9.0},{"damage":0.0,"enemies":"Jaw Worm Horde","floor":45.0,"turns":6.0},{"damage":0.0,"enemies":"Maw","floor":46.0,"turns":6.0},{"damage":14.0,"enemies":"Reptomancer","floor":47.0,"turns":6.0},{"damage":5.0,"enemies":"Donu and Deca","floor":50.0,"turns":9.0},{"damage":54.0,"enemies":"Shield and Spear","floor":54.0,"turns":8.0},{"damage":21,"enemies":"The Heart","floor":55,"turns":12}],"seed_played":"3748325518335272760","potions_obtained":[{"floor":1.0,"key":"LiquidMemories"},{"floor":4.0,"key":"AttackPotion"},{"floor":8.0,"key":"Swift Potion"},{"floor":10.0,"key":"Energy Potion"},{"floor":20.0,"key":"GamblersBrew"},{"floor":25.0,"key":"PowerPotion"},{"floor":28.0,"key":"DistilledChaos"},{"floor":31.0,"key":"Energy Potion"},{"floor":37.0,"key":"LiquidMemories"},{"floor":40.0,"key":"FairyPotion"},{"floor":46.0,"key":"SkillPotion"},{"floor":54.0,"key":"BlessingOfTheForge"}],"is_trial":false,"path_per_floor":["M","?","?","M","M","E","R","E","T","M","R","?","E","M","R","B",null,"M","M","M","M","?","R","M","M","T","M","E","M","R","E","R","B",null,"M","?","M","$","M","E","M","M","T","E","M","M","E","$","R","B",null,"R","$","E","B",null],"character_chosen":"DEFECT","items_purchased":["StoneCalendar"],"campfire_rested":1,"item_purchase_floors":[38],"current_hp_per_floor":[71,71,71,71,71,60,60,46,46,44,44,37,36,22,22,22,75,75,75,69,60,60,60,60,53,53,42,34,34,56,56,56,49,75,75,75,75,75,72,75,75,75,75,75,75,75,61,61,61,56,75,75,75,21,10],"gold":15,"neow_bonus":"ONE_RANDOM_RARE_CARD","is_daily":false,"chose_seed":false,"campfire_upgraded":6,"win_rate":0.0,"timestamp":1611144275,"path_taken":["M","?","?","M","M","E","R","E","T","M","R","?","E","M","R","BOSS","M","M","M","M","?","R","M","M","T","M","E","M","R","E","R","BOSS","M","?","M","?","M","E","M","M","T","E","M","M","E","$","R","BOSS","R","$","E","BOSS"],"items_purchased_type":["Relic"],"build_version":"2020-12-22","purchased_purges":1,"victory":true,"max_hp_per_floor":[75,75,75,75,75,75,75,75,75,75,75,75,75,75,75,75,75,75,75,75,75,75,75,75,75,75,75,75,75,75,75,75,75,75,75,75,75,75,75,75,75,75,75,75,75,75,75,75,75,75,75,75,75,75,75],"relic_stats":{"counters":[33,208],"Sundial":[12],"StoneCalendar":[215],"Pen Nib":[25],"Ectoplasm":596,"Bag of Preparation":[28],"Orichalcum":[36],"obtain_stats":[{"Ice Cream":28,"Lantern":40,"StoneCalendar":38,"Pen Nib":6,"Bag of Preparation":31,"Orichalcum":43,"White Beast Statue":47,"Du-Vu Doll":54,"DataDisk":8,"Sundial":44,"Philosopher\u0027s Stone":34,"Ectoplasm":17,"Bottled Lightning":13,"Cracked Core":0,"Toy Ornithopter":9},{"Ice Cream":17,"Lantern":24,"StoneCalendar":22,"Pen Nib":4,"Bag of Preparation":19,"Orichalcum":26,"White Beast Statue":30,"Du-Vu Doll":32,"DataDisk":5,"Sundial":27,"Philosopher\u0027s Stone":20,"Ectoplasm":9,"Bottled Lightning":7,"Cracked Core":0,"Toy Ornithopter":5},{"Ice Cream":90,"Lantern":138,"StoneCalendar":124,"Pen Nib":16,"Bag of Preparation":106,"Orichalcum":152,"White Beast Statue":179,"Du-Vu Doll":196,"DataDisk":19,"Sundial":161,"Philosopher\u0027s Stone":113,"Ectoplasm":44,"Bottled Lightning":28,"Cracked Core":0,"Toy Ornithopter":19}],"Toy Ornithopter":23},"card_choices":[{"not_picked":["Heatsinks","Doom and Gloom","Consume"],"picked":"SKIP","floor":1.0},{"not_picked":["Storm","Hologram","Compile Driver"],"picked":"SKIP","floor":4.0},{"not_picked":["Double Energy","Gash","Reinforced Body"],"picked":"SKIP","floor":5.0},{"not_picked":["Hello World","Melter"],"picked":"Defragment","floor":6.0},{"not_picked":["Sweeping Beam","Hello World"],"picked":"Genetic Algorithm","floor":8.0},{"not_picked":["Aggregate","Compile Driver"],"picked":"Conserve Battery","floor":10.0},{"not_picked":["Double Energy","Fusion","Hologram"],"picked":"SKIP","floor":13.0},{"not_picked":["Compile Driver","Auto Shields"],"picked":"Cold Snap","floor":14.0},{"not_picked":["Thunder Strike","Reboot"],"picked":"Creative AI","floor":16.0},{"not_picked":["Cold Snap","Blizzard"],"picked":"Recycle","floor":18.0},{"not_picked":["Compile Driver","Aggregate","Redo+1"],"picked":"SKIP","floor":19.0},{"not_picked":["Sunder","Hello World","Rebound"],"picked":"SKIP","floor":20.0},{"not_picked":["Ball Lightning","Darkness"],"picked":"Force Field","floor":21.0},{"not_picked":["Gash","Compile Driver"],"picked":"Genetic Algorithm+1","floor":24.0},{"not_picked":["Redo","Auto Shields+1","Leap"],"picked":"SKIP","floor":25.0},{"not_picked":["Conserve Battery+1","Barrage"],"picked":"Undo","floor":27.0},{"not_picked":["Hologram","Buffer"],"picked":"Recycle","floor":28.0},{"not_picked":["Consume","Ball Lightning"],"picked":"Reinforced Body","floor":29.0},{"not_picked":["Leap","Barrage"],"picked":"Capacitor","floor":31.0},{"not_picked":["Rainbow","All For One"],"picked":"Meteor Strike","floor":33.0},{"not_picked":["Reinforced Body","Ball Lightning+1"],"picked":"Heatsinks","floor":35.0},{"not_picked":["Blizzard+1","Glacier+1"],"picked":"Capacitor+1","floor":37.0},{"not_picked":["Stack+1","Chill"],"picked":"BootSequence","floor":39.0},{"not_picked":["Sweeping Beam","Chill"],"picked":"Skim","floor":40.0},{"not_picked":["Beam Cell+1","Leap+1","Barrage+1"],"picked":"SKIP","floor":41.0},{"not_picked":["Go for the Eyes+1","Rebound+1","Hologram+1"],"picked":"SKIP","floor":42.0},{"not_picked":["Fusion","Beam Cell+1"],"picked":"Core Surge","floor":44.0},{"not_picked":["Beam Cell+1","Hello World"],"picked":"Ball Lightning","floor":45.0},{"not_picked":["Cold Snap+1","Fusion","Rebound+1"],"picked":"SKIP","floor":46.0},{"not_picked":["Leap","Fusion+1","Beam Cell"],"picked":"SKIP","floor":47.0},{"not_picked":["Ball Lightning+1","Gash+1"],"picked":"Capacitor","floor":54.0}],"player_experience":864662,"relics_obtained":[{"floor":6.0,"key":"Pen Nib"},{"floor":8.0,"key":"DataDisk"},{"floor":9.0,"key":"Toy Ornithopter"},{"floor":13.0,"key":"Bottled Lightning"},{"floor":28.0,"key":"Ice Cream"},{"floor":31.0,"key":"Bag of Preparation"},{"floor":40.0,"key":"Lantern"},{"floor":43.0,"key":"Orichalcum"},{"floor":44.0,"key":"Sundial"},{"floor":47.0,"key":"White Beast Statue"},{"floor":54.0,"key":"Du-Vu Doll"}],"event_choices":[{"damage_healed":0.0,"max_hp_gain":0.0,"max_hp_loss":0.0,"gold_gain":0.0,"event_name":"betterThird:BetterSerpent","player_choice":"Ignored","floor":2.0,"gold_loss":0.0,"damage_taken":117.0},{"damage_healed":71.0,"max_hp_gain":0.0,"max_hp_loss":75.0,"gold_gain":0.0,"event_name":"betterThird:BetterShining","player_choice":"Embrace","floor":3.0,"gold_loss":0.0,"damage_taken":0.0},{"cards_removed":["Strike_B"],"damage_healed":0.0,"max_hp_gain":0.0,"max_hp_loss":0.0,"gold_gain":0.0,"event_name":"Golden Wing","player_choice":"Card Removal","floor":12.0,"gold_loss":0.0,"damage_taken":7.0},{"damage_healed":0.0,"max_hp_gain":0.0,"max_hp_loss":0.0,"gold_gain":0.0,"event_name":"Ghosts","player_choice":"Ignored","floor":22.0,"gold_loss":0.0,"damage_taken":0.0},{"damage_healed":0.0,"max_hp_gain":0.0,"max_hp_loss":0.0,"gold_gain":0.0,"event_name":"Wheel of Change","player_choice":"Full Heal","floor":36.0,"gold_loss":0.0,"damage_taken":0.0}],"is_beta":false,"boss_relics":[{"not_picked":["Snecko Eye","FrozenCore"],"picked":"Ectoplasm"},{"not_picked":["Busted Crown","Runic Dome"],"picked":"Philosopher\u0027s Stone"}],"items_purged_floors":[48],"is_endless":false,"potions_floor_spawned":[1,4,8,10,14,20,21,24,25,28,31,37,40,41,46,54],"ascension_level":2}}