{"host":"nbmmy2ys5j9alw05","time":1611105378,"event":{"mods":["AchievementEnabler","BaseMod","Bestiary","Better Vampires","Colored Map","Colored Powertips","Googly Eyes","Minty Spire (QoL Compilation)","Quick Restart","StSLib","The Hierophant","The IronCluck","everything is the same but u backflip on backflip"],"gold_per_floor":[110,185,39,52,63,89,89,116,116,116,172,98,24,43,43,146,146,165,165,178,203,203,236,236,271,351,351,351],"floor_reached":27,"language":"ENG","playtime":1502,"items_purged":["Strike_G"],"score":461,"play_id":"3859d2ce-f556-4628-b12e-9a513f0191b8","local_time":"20210119171618","is_ascension_mode":true,"campfire_choices":[{"floor":7,"key":"REST"},{"data":"Sucker Punch","floor":10,"key":"SMITH"},{"floor":15,"key":"REST"},{"floor":24,"key":"REST"}],"circlet_count":0,"master_deck":["AscendersBane","Strike_G","Defend_G","Defend_G","Defend_G","Defend_G","Defend_G","Survivor","Neutralize","Tools of the Trade","Sucker Punch+1","Die Die Die","Deflect","Bouncing Flask","Backflip","Noxious Fumes","Noxious Fumes","Caltrops","Caltrops","Noxious Fumes","Burst","Endless Agony+1","Bullet Time+1","Acrobatics+1","Well Laid Plans","Escape Plan+1"],"relics":["Ring of the Snake","Mummified Hand","Shuriken","Question Card","Ice Cream","Astrolabe","Smiling Mask","Vajra","Akabeko","HornCleat"],"acts_visited":["Exordium","TheCity"],"potions_floor_usage":[6,8,20,23],"damage_taken":[{"damage":2,"enemies":"Cultist","floor":1,"turns":6},{"damage":4,"enemies":"2 Louse","floor":4,"turns":2},{"damage":0,"enemies":"Jaw Worm","floor":5,"turns":3},{"damage":21,"enemies":"Lagavulin","floor":6,"turns":6},{"damage":20,"enemies":"3 Sentries","floor":8,"turns":8},{"damage":19,"enemies":"Gremlin Nob","floor":11,"turns":4},{"damage":10,"enemies":"Blue Slaver","floor":14,"turns":4},{"damage":0,"enemies":"Hexaghost","floor":16,"turns":7},{"damage":0,"enemies":"Spheric Guardian","floor":18,"turns":2},{"damage":0,"enemies":"Shell Parasite","floor":20,"turns":4},{"damage":36,"enemies":"Slavers","floor":23,"turns":6},{"damage":26,"enemies":"Gremlin Leader","floor":25,"turns":5},{"damage":25,"enemies":"Colosseum Slavers","floor":27,"turns":3}],"seed_played":"6718013891346002123","potions_obtained":[{"floor":4,"key":"Weak Potion"},{"floor":6,"key":"Fire Potion"},{"floor":16,"key":"SkillPotion"},{"floor":18,"key":"AttackPotion"},{"floor":25,"key":"ColorlessPotion"}],"is_trial":false,"path_per_floor":["M","?","$","M","M","E","R","E","T","R","?","$","$","M","R","B",null,"M","?","M","T","?","E","R","E","T","?"],"character_chosen":"THE_SILENT","items_purchased":["Die Die Die","Caltrops","Caltrops"],"campfire_rested":3,"item_purchase_floors":[3,12,13],"current_hp_per_floor":[61,54,54,50,50,29,50,30,30,30,11,11,11,1,22,22,58,58,58,58,58,58,22,43,17,17,0,0],"gold":351,"neow_bonus":"ONE_RANDOM_RARE_CARD","is_daily":false,"chose_seed":false,"campfire_upgraded":1,"win_rate":0.0,"timestamp":1611105378,"path_taken":["M","?","$","M","?","E","R","E","T","R","?","?","$","M","R","BOSS","M","?","M","?","?","E","R","E","T","?"],"items_purchased_type":["Card","Card","Card"],"build_version":"2020-12-22","purchased_purges":1,"victory":false,"max_hp_per_floor":[70,70,70,70,70,70,70,70,70,70,70,70,70,70,70,70,70,70,70,70,70,70,70,70,70,70,70,70],"card_choices":[{"not_picked":["PiercingWail","Distraction"],"picked":"Sucker Punch","floor":1},{"not_picked":["Poisoned Stab","Finisher"],"picked":"Deflect","floor":4},{"not_picked":["Quick Slash","Blade Dance"],"picked":"Bouncing Flask","floor":5},{"not_picked":["Unload","Flechettes"],"picked":"Backflip","floor":6},{"not_picked":["Endless Agony","Bullet Time"],"picked":"Noxious Fumes","floor":8},{"not_picked":["Underhanded Strike","Blur","Flying Knee"],"picked":"Noxious Fumes","floor":11},{"not_picked":["Dagger Throw","Accuracy","Acrobatics"],"picked":"Noxious Fumes","floor":14},{"not_picked":["Corpse Explosion","Venomology","Grand Finale"],"picked":"Burst","floor":16},{"not_picked":["PiercingWail","Deflect","Outmaneuver","Flying Knee"],"picked":"SKIP","floor":18},{"not_picked":["Choke","Terror+1","Endless Agony","Acrobatics+1"],"picked":"SKIP","floor":20},{"not_picked":["Backflip","Deflect","Poisoned Stab","All Out Attack"],"picked":"SKIP","floor":23},{"not_picked":["Dagger Spray","Heel Hook","Bullet Time"],"picked":"Escape Plan+1","floor":25}],"player_experience":478311,"relics_obtained":[{"floor":6,"key":"Mummified Hand"},{"floor":8,"key":"Shuriken"},{"floor":9,"key":"Question Card"},{"floor":11,"key":"Ice Cream"},{"floor":21,"key":"Smiling Mask"},{"floor":23,"key":"Vajra"},{"floor":25,"key":"Akabeko"},{"floor":26,"key":"HornCleat"}],"event_choices":[{"damage_healed":0,"gold_gain":75,"player_choice":"Touch","damage_taken":7,"max_hp_gain":0,"max_hp_loss":0,"event_name":"FaceTrader","floor":2,"gold_loss":0},{"damage_healed":0,"gold_gain":0,"player_choice":"Searched \u00271\u0027 times","damage_taken":0,"max_hp_gain":0,"max_hp_loss":0,"event_name":"Dead Adventurer","floor":11,"gold_loss":0},{"damage_healed":0,"gold_gain":0,"player_choice":"Ignored","damage_taken":0,"max_hp_gain":0,"max_hp_loss":0,"event_name":"The Mausoleum","floor":19,"gold_loss":0},{"damage_healed":0,"gold_gain":0,"player_choice":"Read","damage_taken":0,"max_hp_gain":0,"max_hp_loss":0,"event_name":"The Library","floor":22,"gold_loss":0,"cards_obtained":["Well Laid Plans"]},{"damage_healed":0,"gold_gain":0,"player_choice":"Fight","damage_taken":0,"max_hp_gain":0,"max_hp_loss":0,"event_name":"Colosseum","floor":27,"gold_loss":0}],"is_beta":false,"boss_relics":[{"not_picked":["Pandora\u0027s Box","Runic Dome"],"picked":"Astrolabe"}],"items_purged_floors":[3],"is_endless":false,"potions_floor_spawned":[4,6,16,18,25],"killed_by":"Colosseum Slavers","ascension_level":10}}