{"host":"fubl5olmpa6illow","time":1611167547,"event":{"mods":["BaseMod","Colored Map","Colored Powertips","Highlight Path","Minty Spire (QoL Compilation)","Quick Restart","Random Character Button","Relic Sorter","Relic Stats"],"gold_per_floor":[109,127,147,147,147,182,195,222,222,222,241,166,177,208,208,310,310,324,324,335,348,194,224,236,268,268,302,315,142,168,179,179,284,284,294,138,149,204,204,204,222,242,242,117,151,163,163,195,195,195],"floor_reached":51,"language":"ENG","playtime":9003,"items_purged":["Defend_P","Normality","Writhe"],"score":979,"play_id":"250c46fc-2161-42ce-9e6d-8f0608c9f368","local_time":"20210120193227","is_ascension_mode":true,"campfire_choices":[{"data":"Eruption","floor":10.0,"key":"SMITH"},{"data":"Halt","floor":15.0,"key":"SMITH"},{"data":"TalkToTheHand","floor":32.0,"key":"SMITH"},{"floor":40.0,"key":"REST"},{"floor":49,"key":"REST"}],"circlet_count":0,"master_deck":["Strike_P","Strike_P+1","Strike_P","Strike_P","Defend_P","Defend_P","Defend_P","Eruption+1","Vigilance","Judgement+1","Halt+1","EmptyMind","ThirdEye","Alpha","Wireheading","CutThroughFate","EmptyFist+1","Blasphemy","SpiritShield","Consecrate","FlurryOfBlows","DeceiveReality+1","TalkToTheHand+1","FearNoEvil","Crescendo+1","DeusExMachina","DevaForm","SashWhip+1","Conclude","Nirvana","JustLucky","Alpha","InnerPeace+1","Tantrum+1","Vault","Vengeance","Writhe"],"relics":["PureWater","Akabeko","Eternal Feather","Torii","FossilizedHelix","Mercury Hourglass","Cursed Key","Bronze Scales","Lizard Tail","GoldenEye","Question Card","Matryoshka","Busted Crown","Whetstone","Turnip","Dream Catcher","Bag of Marbles","Yang"],"acts_visited":["Exordium","TheCity","TheBeyond"],"potions_floor_usage":[46,48,48],"damage_taken":[{"damage":2.0,"enemies":"Jaw Worm","floor":1.0,"turns":5.0},{"damage":0.0,"enemies":"2 Louse","floor":2.0,"turns":2.0},{"damage":0.0,"enemies":"Cultist","floor":3.0,"turns":4.0},{"damage":19.0,"enemies":"Lagavulin","floor":6.0,"turns":6.0},{"damage":0.0,"enemies":"2 Fungi Beasts","floor":7.0,"turns":2.0},{"damage":1.0,"enemies":"3 Sentries","floor":8.0,"turns":4.0},{"damage":0.0,"enemies":"Lots of Slimes","floor":11.0,"turns":4.0},{"damage":0.0,"enemies":"Exordium Wildlife","floor":13.0,"turns":2.0},{"damage":0.0,"enemies":"Gremlin Nob","floor":14.0,"turns":3.0},{"damage":28.0,"enemies":"The Guardian","floor":16.0,"turns":7.0},{"damage":0.0,"enemies":"2 Thieves","floor":18.0,"turns":3.0},{"damage":0.0,"enemies":"Shell Parasite","floor":20.0,"turns":2.0},{"damage":0.0,"enemies":"3 Cultists","floor":21.0,"turns":3.0},{"damage":0.0,"enemies":"Book of Stabbing","floor":23.0,"turns":6.0},{"damage":0.0,"enemies":"Centurion and Healer","floor":24.0,"turns":3.0},{"damage":0.0,"enemies":"Gremlin Leader","floor":25.0,"turns":5.0},{"damage":13.0,"enemies":"Book of Stabbing","floor":27.0,"turns":5.0},{"damage":0.0,"enemies":"Sentry and Sphere","floor":28.0,"turns":3.0},{"damage":19.0,"enemies":"Gremlin Leader","floor":30.0,"turns":5.0},{"damage":0.0,"enemies":"Snecko","floor":31.0,"turns":3.0},{"damage":0.0,"enemies":"Automaton","floor":33.0,"turns":8.0},{"damage":0.0,"enemies":"3 Shapes","floor":35.0,"turns":3.0},{"damage":12.0,"enemies":"Orb Walker","floor":37.0,"turns":5.0},{"damage":39.0,"enemies":"2 Orb Walkers","floor":38.0,"turns":6.0},{"damage":7.0,"enemies":"Spire Growth","floor":41.0,"turns":4.0},{"damage":0.0,"enemies":"Writhing Mass","floor":42.0,"turns":7.0},{"damage":48,"enemies":"Giant Head","floor":45,"turns":8},{"damage":0,"enemies":"4 Shapes","floor":46,"turns":3},{"damage":20,"enemies":"Nemesis","floor":48,"turns":8},{"damage":35,"enemies":"Donu and Deca","floor":50,"turns":8}],"seed_played":"-925911438072851939","potions_obtained":[{"floor":3.0,"key":"Block Potion"},{"floor":6.0,"key":"Ancient Potion"},{"floor":7.0,"key":"LiquidMemories"},{"floor":14.0,"key":"Dexterity Potion"},{"floor":18.0,"key":"BlessingOfTheForge"},{"floor":21.0,"key":"StancePotion"},{"floor":24.0,"key":"Explosive Potion"},{"floor":27.0,"key":"Energy Potion"},{"floor":33.0,"key":"SpeedPotion"},{"floor":42.0,"key":"BottledMiracle"},{"floor":45,"key":"Fruit Juice"},{"floor":46,"key":"SmokeBomb"}],"is_trial":false,"path_per_floor":["M","M","M","?","?","E","M","E","T","R","M","$","M","E","R","B",null,"M","?","M","M","$","E","M","E","T","E","M","$","E","M","R","B",null,"M","$","M","?","?","R","M","M","T","$","E","M","?","E","R","B",null],"character_chosen":"WATCHER","items_purchased":["TalkToTheHand","FearNoEvil","Conclude","Whetstone"],"campfire_rested":2,"item_purchase_floors":[22,22,29,36],"current_hp_per_floor":[70,70,70,70,70,51,51,50,50,59,59,59,59,59,68,40,72,72,72,72,72,72,72,72,72,72,59,59,59,40,40,58,58,72,72,72,60,21,21,60,53,53,53,53,5,10,29,9,53,18],"gold":195,"neow_bonus":"ONE_RANDOM_RARE_CARD","is_daily":false,"chose_seed":false,"campfire_upgraded":3,"win_rate":0.0,"timestamp":1611167547,"path_taken":["M","M","M","?","?","E","M","E","T","R","M","$","?","E","R","BOSS","M","?","?","M","?","E","M","E","T","E","M","$","E","M","R","BOSS","M","$","M","?","?","R","M","M","T","?","E","M","?","E","R","BOSS"],"items_purchased_type":["Card","Card","Card","Relic"],"build_version":"2020-12-22","purchased_purges":3,"victory":true,"max_hp_per_floor":[72,72,72,72,72,72,72,72,72,72,72,72,72,72,72,72,72,72,72,72,72,72,72,72,72,72,72,72,72,72,72,72,72,72,72,72,72,72,72,72,72,72,72,72,72,77,77,77,77,77],"relic_stats":{"Torii":17,"counters":[30,137],"Eternal Feather":75,"Yang":[20],"Whetstone":["Strike_P","EmptyFist"],"Cursed Key":2,"GoldenEye":[82],"Question Card":13,"Mercury Hourglass":[395],"Lizard Tail":0,"Dream Catcher":1,"Busted Crown":18,"Bronze Scales":[230],"Turnip":[0],"obtain_stats":[{"Torii":8,"Eternal Feather":6,"Yang":48,"Whetstone":36,"Cursed Key":17,"GoldenEye":26,"Question Card":27,"Akabeko":5,"Mercury Hourglass":14,"Lizard Tail":25,"Dream Catcher":43,"Matryoshka":30,"Busted Crown":34,"Bronze Scales":23,"Turnip":38,"Bag of Marbles":45,"PureWater":0,"FossilizedHelix":9},{"Torii":6,"Eternal Feather":4,"Yang":29,"Whetstone":22,"Cursed Key":10,"GoldenEye":16,"Question Card":17,"Akabeko":3,"Mercury Hourglass":9,"Lizard Tail":16,"Dream Catcher":26,"Matryoshka":19,"Busted Crown":21,"Bronze Scales":14,"Turnip":24,"Bag of Marbles":27,"PureWater":0,"FossilizedHelix":6},{"Torii":23,"Eternal Feather":17,"Yang":129,"Whetstone":88,"Cursed Key":39,"GoldenEye":61,"Question Card":66,"Akabeko":11,"Mercury Hourglass":32,"Lizard Tail":61,"Dream Catcher":110,"Matryoshka":74,"Busted Crown":85,"Bronze Scales":53,"Turnip":99,"Bag of Marbles":118,"PureWater":0,"FossilizedHelix":23}]},"card_choices":[{"not_picked":["PathToVictory","Collect"],"picked":"Halt","floor":1.0},{"not_picked":["Evaluate","SashWhip"],"picked":"EmptyMind","floor":2.0},{"not_picked":["SashWhip","Evaluate"],"picked":"ThirdEye","floor":3.0},{"not_picked":["Collect","SandsOfTime"],"picked":"Alpha","floor":6.0},{"not_picked":["FollowUp","ReachHeaven"],"picked":"PathToVictory","floor":7.0},{"not_picked":["EmptyMind","Blasphemy"],"picked":"Wireheading","floor":8.0},{"not_picked":["LikeWater","Vengeance"],"picked":"CutThroughFate","floor":11.0},{"not_picked":["Fasting2","ThirdEye"],"picked":"EmptyFist","floor":13.0},{"not_picked":["SashWhip","BowlingBash"],"picked":"Blasphemy","floor":14.0},{"not_picked":["LessonLearned","ConjureBlade"],"picked":"SpiritShield","floor":16.0},{"not_picked":["WindmillStrike","FlyingSleeves"],"picked":"Consecrate","floor":18.0},{"not_picked":["InnerPeace","EmptyMind"],"picked":"FlurryOfBlows","floor":20.0},{"not_picked":["ThirdEye","FlyingSleeves"],"picked":"DeceiveReality+1","floor":21.0},{"not_picked":["LikeWater","Prostrate"],"picked":"Crescendo+1","floor":23.0},{"not_picked":["Protect","LikeWater"],"picked":"DeusExMachina","floor":24.0},{"not_picked":["PathToVictory","ForeignInfluence+1"],"picked":"DevaForm","floor":25.0},{"not_picked":["BowlingBash","PathToVictory+1","FollowUp"],"picked":"SKIP","floor":27.0},{"not_picked":["FlyingSleeves+1","BattleHymn","Protect"],"picked":"SashWhip+1","floor":28.0},{"not_picked":["SignatureMove","Collect","CutThroughFate"],"picked":"Nirvana","floor":30.0},{"not_picked":["Tantrum","CutThroughFate+1","EmptyBody+1"],"picked":"JustLucky","floor":31.0},{"not_picked":["LessonLearned","Establishment","Blasphemy"],"picked":"Alpha","floor":33.0},{"not_picked":["Evaluate+1","ClearTheMind"],"picked":"SKIP","floor":35.0},{"not_picked":["Meditate","ClearTheMind"],"picked":"SKIP","floor":37.0},{"not_picked":["EmptyBody+1"],"picked":"InnerPeace+1","floor":38.0},{"not_picked":["Protect+1","Evaluate+1"],"picked":"SKIP","floor":41.0},{"not_picked":["CutThroughFate"],"picked":"Tantrum+1","floor":42.0},{"not_picked":["EmptyBody"],"picked":"Vault","floor":45},{"not_picked":["Worship"],"picked":"Vengeance","floor":46},{"not_picked":["Crescendo","FlurryOfBlows"],"picked":"SKIP","floor":48}],"player_experience":291403,"relics_obtained":[{"floor":6.0,"key":"Eternal Feather"},{"floor":8.0,"key":"Torii"},{"floor":9.0,"key":"FossilizedHelix"},{"floor":14.0,"key":"Mercury Hourglass"},{"floor":23.0,"key":"Bronze Scales"},{"floor":25.0,"key":"Lizard Tail"},{"floor":26.0,"key":"GoldenEye"},{"floor":27.0,"key":"Question Card"},{"floor":30.0,"key":"Matryoshka"},{"floor":38.0,"key":"Turnip"},{"floor":43.0,"key":"Dream Catcher"},{"floor":45,"key":"Bag of Marbles"},{"floor":48,"key":"Yang"}],"event_choices":[{"damage_healed":0.0,"max_hp_gain":0.0,"max_hp_loss":0.0,"gold_gain":0.0,"event_name":"Living Wall","player_choice":"Grow","floor":4.0,"gold_loss":0.0,"damage_taken":0.0,"cards_upgraded":["Judgement"]},{"damage_healed":0.0,"max_hp_gain":0.0,"max_hp_loss":0.0,"gold_gain":0.0,"event_name":"WeMeetAgain","player_choice":"Gave Potion","floor":5.0,"gold_loss":0.0,"damage_taken":0.0,"relics_obtained":["Akabeko"]},{"cards_removed":["PathToVictory"],"damage_healed":0.0,"max_hp_gain":0.0,"max_hp_loss":0.0,"gold_gain":0.0,"event_name":"Wheel of Change","player_choice":"Card Removal","floor":19.0,"gold_loss":0.0,"damage_taken":0.0},{"damage_healed":0.0,"max_hp_gain":0.0,"max_hp_loss":0.0,"gold_gain":0.0,"event_name":"Mysterious Sphere","player_choice":"Fight","floor":38.0,"gold_loss":0.0,"damage_taken":0.0},{"damage_healed":0.0,"max_hp_gain":0.0,"max_hp_loss":0.0,"gold_gain":0.0,"event_name":"Tomb of Lord Red Mask","player_choice":"Ignored","floor":39.0,"gold_loss":0.0,"damage_taken":0.0},{"damage_healed":19,"gold_gain":0,"player_choice":"Writhe","damage_taken":0,"max_hp_gain":0,"max_hp_loss":0,"event_name":"Winding Halls","floor":47,"gold_loss":0,"cards_obtained":["Writhe"]}],"is_beta":false,"boss_relics":[{"not_picked":["Sozu","Empty Cage"],"picked":"Cursed Key"},{"not_picked":["Calling Bell","Velvet Choker"],"picked":"Busted Crown"}],"items_purged_floors":[12,29,44],"is_endless":false,"potions_floor_spawned":[3,6,7,14,18,21,23,24,27,33,42,45,46],"ascension_level":1}}