{"host":"ftwnpa9ceeptmrn1","time":1611180256,"event":{"mods":["Aspiration","BaseMod","Colored Map","Colored Powertips","Conspire","Downfall","Hubris","Infinite Spire","Minty Spire (QoL Compilation)","Relic Stats","StSLib","Waifu the Spire","vexMod"],"gold_per_floor":[109,152,1,21,39,69,69,85,85,96,171,20,20,30,30,130,130,150,150,150,170,170,202,202,220,220,238,51,85,175,189,189,288,288,301,318,330,343,343,370,370,35,61,90,90,107,127,102,102,102,102,102,2,30,30],"floor_reached":56,"language":"ENG","playtime":7294,"items_purged":["Writhe","Strike_G"],"score":1298,"play_id":"b2ca8179-c9f8-4142-945f-251100852540","local_time":"20210120160416","is_ascension_mode":true,"campfire_choices":[{"floor":7.0,"key":"REST"},{"floor":13.0,"key":"RECALL"},{"floor":15.0,"key":"REST"},{"floor":24.0,"key":"REST"},{"floor":32.0,"key":"REST"},{"floor":41.0,"key":"REST"},{"data":"Corpse Explosion","floor":45.0,"key":"SMITH"},{"data":"After Image","floor":49.0,"key":"SMITH"},{"data":"Sadistic Nature","floor":52,"key":"SMITH"}],"circlet_count":0,"master_deck":["Strike_G","Strike_G","Strike_G","Strike_G","Defend_G","Defend_G","Defend_G","Defend_G","Defend_G","Survivor","Neutralize","Poisoned Stab","Dodge and Roll","Prepared","Backflip","Infinite Blades","Sucker Punch","conspire:PoisonWeapons","Deadly Poison","Corpse Explosion+1","Blur","Beam Cell+1","Static Discharge","Hologram","Quick Slash+1","Sadistic Nature+1","Conserve Battery","Skewer","Backflip","Doppelganger","Chill","Poisoned Stab","hubris:SlightOfHand+1","hubris:TrickCloak","Defragment+1","Noxious Fumes","Deadly Poison","Terror","Parasite","Dodge and Roll+1","After Image+1"],"relics":["Ring of the Snake","aspiration:VileToxins","vexMod:GhostlyGear","infinitespire:Bottled Soul","Chemical X","aspiration:DefectSkillbook","hubris:Towel","Happy Flower","Lizard Tail","infinitespire:ShieldingShard","aspiration:HatOfInfinitePower","aspiration:SecretTechniqueScroll","aspiration:ChemicalBlood","Toolbox","hubris:SlimyHat","Bottled Lightning","hubris:SphereOfDissonance"],"acts_visited":["Exordium","TheCity","TheBeyond","TheEnding"],"potions_floor_usage":[50,54,55,55,55],"damage_taken":[{"damage":1.0,"enemies":"Jaw Worm","floor":1.0,"turns":4.0},{"damage":16.0,"enemies":"conspire:MimicChest","floor":2.0,"turns":8.0},{"damage":0.0,"enemies":"2 Louse","floor":4.0,"turns":2.0},{"damage":0.0,"enemies":"Cultist","floor":5.0,"turns":5.0},{"damage":24.0,"enemies":"Lagavulin","floor":6.0,"turns":11.0},{"damage":10.0,"enemies":"Exordium Thugs","floor":8.0,"turns":6.0},{"damage":9.0,"enemies":"Gremlin Gang","floor":10.0,"turns":5.0},{"damage":5.0,"enemies":"Large Slime","floor":14.0,"turns":7.0},{"damage":15.0,"enemies":"Hexaghost","floor":16.0,"turns":9.0},{"damage":6.0,"enemies":"conspire:FuzzyDice","floor":18.0,"turns":5.0},{"damage":9.0,"enemies":"3 Byrds","floor":21.0,"turns":5.0},{"damage":20.0,"enemies":"conspire:Head Lice","floor":23.0,"turns":10.0},{"damage":8.0,"enemies":"3 Cultists","floor":25.0,"turns":3.0},{"damage":0.0,"enemies":"Snake Plant","floor":27.0,"turns":5.0},{"damage":15.0,"enemies":"conspire:SneckoGhost","floor":29.0,"turns":6.0},{"damage":0.0,"enemies":"Cultist and Chosen","floor":31.0,"turns":4.0},{"damage":17.0,"enemies":"Automaton","floor":33.0,"turns":8.0},{"damage":0.0,"enemies":"Orb Walker","floor":35.0,"turns":3.0},{"damage":0.0,"enemies":"3 Shapes","floor":36.0,"turns":4.0},{"damage":0.0,"enemies":"Jaw Worm Horde","floor":37.0,"turns":4.0},{"damage":1.0,"enemies":"4 Shapes","floor":38.0,"turns":4.0},{"damage":40.0,"enemies":"Reptomancer","floor":40.0,"turns":4.0},{"damage":0.0,"enemies":"Giant Head","floor":44.0,"turns":5.0},{"damage":0.0,"enemies":"Writhing Mass","floor":46.0,"turns":3.0},{"damage":2.0,"enemies":"Spire Growth","floor":47.0,"turns":4.0},{"damage":17,"enemies":"Awakened One","floor":50,"turns":10},{"damage":19,"enemies":"Shield and Spear","floor":54,"turns":5},{"damage":69,"enemies":"The Heart","floor":55,"turns":8}],"seed_played":"8890364073035310108","potions_obtained":[{"floor":2.0,"key":"CunningPotion"},{"floor":5.0,"key":"Guardian:BlockOnCardUsePotion"},{"floor":10.0,"key":"SkillPotion"},{"floor":16.0,"key":"SpeedPotion"},{"floor":18.0,"key":"Fire Potion"},{"floor":25.0,"key":"AttackPotion"},{"floor":33.0,"key":"CunningPotion"},{"floor":35.0,"key":"SkillPotion"},{"floor":37.0,"key":"Poison Potion"},{"floor":38.0,"key":"SteroidPotion"},{"floor":47.0,"key":"ColorlessPotion"},{"floor":54,"key":"sneckomod:MuddlingPotion"}],"is_trial":false,"path_per_floor":["M","?","$","M","M","E","R","M","T","M","?","$","R","M","R","B",null,"M","?","?","M","?","E","R","M","T","M","$","E","?","M","R","B",null,"M","M","M","M","?","E","R","$","T","E","R","M","M","?","R","B",null,"R","$","E","B",null],"character_chosen":"THE_SILENT","items_purchased":["vexMod:GhostlyGear","Chemical X","Sadistic Nature","Conserve Battery","Noxious Fumes","Deadly Poison","Toolbox"],"campfire_rested":5,"item_purchase_floors":[3,12,28,28,42,42,42],"current_hp_per_floor":[76,60,60,60,60,36,59,49,49,40,29,29,29,24,47,32,77,71,71,71,62,62,42,65,57,57,57,57,42,30,30,53,36,77,77,77,77,76,76,36,59,59,59,59,59,59,57,57,57,40,77,77,77,63,55],"gold":30,"neow_bonus":"TEN_PERCENT_HP_BONUS","is_daily":false,"chose_seed":false,"campfire_upgraded":3,"win_rate":0.0,"timestamp":1611180256,"path_taken":["M","?","?","?","M","E","R","M","T","M","?","$","R","M","R","BOSS","M","?","?","M","?","E","R","M","T","M","$","E","?","M","R","BOSS","M","?","M","M","?","E","R","$","T","E","R","?","M","?","R","BOSS","R","$","E","BOSS"],"items_purchased_type":["Relic","Relic","Card","Card","Card","Card","Relic"],"build_version":"2020-12-22","purchased_purges":2,"victory":true,"max_hp_per_floor":[77,77,77,77,77,77,77,77,77,77,77,77,77,77,77,77,77,77,77,77,77,77,77,77,77,77,77,77,77,77,77,77,77,77,77,77,77,77,77,77,77,77,77,77,77,77,77,77,77,77,77,77,77,82,82],"relic_stats":{"Lizard Tail":41,"Happy Flower":[30],"counters":[28,157],"Chemical X":[29],"obtain_stats":[{"aspiration:VileToxins":2,"Happy Flower":22,"hubris:SphereOfDissonance":54,"hubris:SlimyHat":43,"aspiration:SecretTechniqueScroll":34,"hubris:Towel":19,"vexMod:GhostlyGear":3,"Lizard Tail":23,"infinitespire:ShieldingShard":26,"aspiration:DefectSkillbook":17,"infinitespire:Bottled Soul":6,"Toolbox":42,"Chemical X":12,"Bottled Lightning":44,"aspiration:HatOfInfinitePower":29,"Ring of the Snake":0,"aspiration:ChemicalBlood":40},{"aspiration:VileToxins":2,"Happy Flower":11,"hubris:SphereOfDissonance":27,"hubris:SlimyHat":22,"aspiration:SecretTechniqueScroll":17,"hubris:Towel":10,"vexMod:GhostlyGear":2,"Lizard Tail":12,"infinitespire:ShieldingShard":13,"aspiration:DefectSkillbook":9,"infinitespire:Bottled Soul":5,"Toolbox":22,"Chemical X":7,"Bottled Lightning":23,"aspiration:HatOfInfinitePower":15,"Ring of the Snake":0,"aspiration:ChemicalBlood":22},{"aspiration:VileToxins":12,"Happy Flower":67,"hubris:SphereOfDissonance":149,"hubris:SlimyHat":122,"aspiration:SecretTechniqueScroll":103,"hubris:Towel":62,"vexMod:GhostlyGear":12,"Lizard Tail":77,"infinitespire:ShieldingShard":80,"aspiration:DefectSkillbook":57,"infinitespire:Bottled Soul":30,"Toolbox":122,"Chemical X":41,"Bottled Lightning":127,"aspiration:HatOfInfinitePower":91,"Ring of the Snake":0,"aspiration:ChemicalBlood":122}],"Ring of the Snake":[56]},"card_choices":[{"not_picked":["Outmaneuver","Crippling Poison"],"picked":"Poisoned Stab","floor":1.0},{"not_picked":["Finisher","Bane"],"picked":"Dodge and Roll","floor":2.0},{"not_picked":["Quick Slash","Well Laid Plans"],"picked":"Prepared","floor":4.0},{"not_picked":["Concentrate","Endless Agony"],"picked":"Backflip","floor":5.0},{"not_picked":["Terror","Cloak And Dagger"],"picked":"Infinite Blades","floor":6.0},{"not_picked":["Doppelganger","Dodge and Roll"],"picked":"Sucker Punch","floor":8.0},{"not_picked":["Underhanded Strike","Cloak And Dagger"],"picked":"conspire:PoisonWeapons","floor":10.0},{"not_picked":["Dagger Spray","Underhanded Strike"],"picked":"Deadly Poison","floor":14.0},{"not_picked":["Tools of the Trade","Unload"],"picked":"Corpse Explosion","floor":16.0},{"not_picked":["Chill+1","FTL+1","hubris:Sniper"],"picked":"Blur","floor":18.0},{"not_picked":["Prepared","Gash","Poisoned Stab"],"picked":"Beam Cell+1","floor":21.0},{"not_picked":["Defragment+1","Predator+1","Distraction+1"],"picked":"Static Discharge","floor":23.0},{"not_picked":["Outmaneuver","Turbo","Flying Knee+1"],"picked":"Hologram","floor":25.0},{"not_picked":["Masterful Stab","Fission","Hello World"],"picked":"Quick Slash+1","floor":27.0},{"not_picked":["hubris:SlightOfHand+1","PiercingWail","All For One"],"picked":"Skewer","floor":29.0},{"not_picked":["Infinite Blades+1","Prepared","Sucker Punch+1"],"picked":"Backflip","floor":31.0},{"not_picked":["hubris:Prefetch","Meteor Strike","Unload"],"picked":"Doppelganger","floor":33.0},{"not_picked":["Underhanded Strike","Leap","All Out Attack"],"picked":"Chill","floor":35.0},{"not_picked":["Blade Dance","Gash","Static Discharge"],"picked":"Poisoned Stab","floor":36.0},{"not_picked":["Compile Driver","Riddle With Holes+1","Cloak And Dagger+1"],"picked":"hubris:SlightOfHand+1","floor":37.0},{"not_picked":["Leap+1","hubris:Counter","Skim"],"picked":"hubris:TrickCloak","floor":38.0},{"not_picked":["Chill","Acrobatics","Dodge and Roll+1"],"picked":"Defragment+1","floor":40.0},{"not_picked":["Flechettes+1","Steam Power","Hello World+1"],"picked":"Terror","floor":44.0},{"not_picked":["Deadly Poison","Dagger Spray+1","Coolheaded"],"picked":"Dodge and Roll+1","floor":46.0},{"not_picked":["Dagger Spray+1","Bane+1","Steam"],"picked":"After Image","floor":47.0},{"not_picked":["Blade Dance","Underhanded Strike+1","Tactician","Rebound"],"picked":"SKIP","floor":54}],"player_experience":244326,"relics_obtained":[{"floor":2.0,"key":"aspiration:VileToxins"},{"floor":6.0,"key":"infinitespire:Bottled Soul"},{"floor":23.0,"key":"Lizard Tail"},{"floor":26.0,"key":"infinitespire:ShieldingShard"},{"floor":29.0,"key":"aspiration:HatOfInfinitePower"},{"floor":40.0,"key":"aspiration:ChemicalBlood"},{"floor":43.0,"key":"hubris:SlimyHat"},{"floor":44.0,"key":"Bottled Lightning"},{"floor":54,"key":"hubris:SphereOfDissonance"}],"event_choices":[{"damage_healed":0.0,"max_hp_gain":0.0,"max_hp_loss":0.0,"gold_gain":75.0,"event_name":"World of Goop","player_choice":"Gather Gold","floor":11.0,"gold_loss":0.0,"damage_taken":11.0},{"damage_healed":0.0,"max_hp_gain":0.0,"max_hp_loss":0.0,"gold_gain":0.0,"event_name":"The Mausoleum","player_choice":"Opened","floor":22.0,"gold_loss":0.0,"damage_taken":0.0,"relics_obtained":["Happy Flower"],"cards_obtained":["Writhe"]},{"damage_healed":0.0,"max_hp_gain":0.0,"max_hp_loss":0.0,"gold_gain":90.0,"event_name":"Knowing Skull","player_choice":"GOLD ","floor":30.0,"potions_obtained":[],"gold_loss":0.0,"damage_taken":12.0,"cards_obtained":[]},{"damage_healed":0.0,"max_hp_gain":0.0,"max_hp_loss":0.0,"gold_gain":0.0,"event_name":"Transmorgrifier","player_choice":"Ignored","floor":39.0,"gold_loss":0.0,"damage_taken":0.0}],"is_beta":false,"boss_relics":[{"not_picked":["Ectoplasm","hubris:ScarierMask"],"picked":"aspiration:DefectSkillbook"},{"not_picked":["Runic Dome","hubris:RunicObelisk"],"picked":"aspiration:SecretTechniqueScroll"}],"items_purged_floors":[42,53],"is_endless":false,"potions_floor_spawned":[2,5,10,16,18,25,33,35,37,38,47,54],"ascension_level":1}}