{"host":"dftyqn972q7tuon4","time":1611172443,"event":{"mods":["AchievementEnabler","BaseMod","Better Altar","Better Match","Better Note","Better Sensory Stone","Better Skull","Better Third Choice","Colored Powertips","Highlight Path","Minty Spire (QoL Compilation)","Permanent Neow","Quick Restart","StSLib"],"gold_per_floor":[114,133,83,83,97,97,22,37,88,88,118,138,138,165,165,267,267,284,284,301,301,49,84,84,115,167,167,42,42,52,69,69,169,169,186,36,51,51,51,51,78,78,102,102,0,31,43,43,43],"floor_reached":48,"language":"ENG","playtime":2691,"items_purged":["Strike_P","Strike_P","Decay","Strike_P"],"score":983,"play_id":"4a51d38a-ed59-4ed7-956f-a05b8c3f98e4","local_time":"20210120205403","is_ascension_mode":true,"campfire_choices":[{"data":"BattleHymn","floor":6.0,"key":"SMITH"},{"data":"Meditate","floor":10.0,"key":"SMITH"},{"data":"Eruption","floor":13.0,"key":"SMITH"},{"data":"Halt","floor":15.0,"key":"SMITH"},{"data":"Blasphemy","floor":27.0,"key":"SMITH"},{"data":"Tantrum","floor":29.0,"key":"SMITH"},{"floor":32.0,"key":"REST"},{"data":"MasterReality","floor":40,"key":"SMITH"},{"data":"MentalFortress","floor":42,"key":"SMITH"}],"circlet_count":0,"master_deck":["AscendersBane","Strike_P+1","Defend_P","Defend_P+1","Defend_P","Defend_P","Eruption+1","Vigilance","BattleHymn+1","Indignation","Meditate+1","FlurryOfBlows","Evaluate+1","Wireheading","Halt+1","Protect","Blasphemy+1","ForeignInfluence+1","Writhe","Conclude+1","EmptyBody","EmptyMind","FlyingSleeves","Tantrum+1","MentalFortress+1","FlurryOfBlows","MasterReality+1","ForeignInfluence","DeceiveReality+1","Evaluate"],"relics":["PureWater","betterThird:SlimedRelic","Bag of Marbles","War Paint","Nunchaku","Bottled Lightning","SlaversCollar","Akabeko","Orrery","Whetstone","Ice Cream","Boot","Busted Crown","Strawberry","Oddly Smooth Stone","Red Mask","Unceasing Top"],"acts_visited":["Exordium","TheCity","TheBeyond"],"potions_floor_usage":[41,46,47],"damage_taken":[{"damage":7.0,"enemies":"2 Louse","floor":1.0,"turns":2.0},{"damage":0.0,"enemies":"Small Slimes","floor":2.0,"turns":3.0},{"damage":2.0,"enemies":"Jaw Worm","floor":5.0,"turns":3.0},{"damage":1.0,"enemies":"Exordium Thugs","floor":8.0,"turns":3.0},{"damage":0.0,"enemies":"Lagavulin","floor":11.0,"turns":3.0},{"damage":0.0,"enemies":"Large Slime","floor":12.0,"turns":4.0},{"damage":4.0,"enemies":"3 Sentries","floor":14.0,"turns":4.0},{"damage":0.0,"enemies":"Slime Boss","floor":16.0,"turns":5.0},{"damage":0.0,"enemies":"Chosen","floor":18.0,"turns":4.0},{"damage":5.0,"enemies":"3 Byrds","floor":20.0,"turns":4.0},{"damage":24.0,"enemies":"Slavers","floor":23.0,"turns":3.0},{"damage":0.0,"enemies":"Gremlin Leader","floor":25.0,"turns":4.0},{"damage":4.0,"enemies":"Sentry and Sphere","floor":30.0,"turns":3.0},{"damage":2.0,"enemies":"Snake Plant","floor":31.0,"turns":3.0},{"damage":17.0,"enemies":"Champ","floor":33.0,"turns":6.0},{"damage":1.0,"enemies":"3 Shapes","floor":35.0,"turns":3.0},{"damage":6,"enemies":"3 Darklings","floor":37,"turns":3},{"damage":5,"enemies":"Reptomancer","floor":41,"turns":5},{"damage":42,"enemies":"Nemesis","floor":46,"turns":5},{"damage":0,"enemies":"Spire Growth","floor":47,"turns":4},{"damage":24,"enemies":"Maw","floor":48,"turns":2}],"seed_played":"-5780038026869415183","potions_obtained":[{"floor":5.0,"key":"BlessingOfTheForge"},{"floor":8.0,"key":"DuplicationPotion"},{"floor":14.0,"key":"SneckoOil"},{"floor":16.0,"key":"Strength Potion"},{"floor":20.0,"key":"SneckoOil"},{"floor":23.0,"key":"Ancient Potion"},{"floor":33.0,"key":"FearPotion"},{"floor":35.0,"key":"Block Potion"},{"floor":37,"key":"BlessingOfTheForge"},{"floor":46,"key":"ColorlessPotion"}],"is_trial":false,"path_per_floor":["M","M","?","?","M","R","$","M","T","R","E","M","R","E","R","B",null,"M","?","M","?","$","E","?","E","T","R","$","R","M","M","R","B",null,"M","$","M","?","$","R","E","R","T","$","?","E","M","M"],"character_chosen":"WATCHER","items_purchased":["Orrery"],"campfire_rested":1,"item_purchase_floors":[22],"current_hp_per_floor":[58,58,47,44,42,42,42,41,41,41,41,41,41,37,37,37,63,63,63,58,58,58,34,34,34,34,34,34,34,30,28,49,32,62,61,61,55,55,55,55,57,57,57,57,57,15,15,0,0],"gold":43,"neow_bonus":"THREE_CARDS","is_daily":false,"chose_seed":false,"campfire_upgraded":8,"win_rate":0.0,"timestamp":1611172443,"path_taken":["M","M","?","?","M","R","?","?","T","R","E","M","R","E","R","BOSS","M","?","M","?","$","E","?","E","T","R","$","R","?","M","R","BOSS","M","$","M","?","?","R","E","R","T","$","?","E","M","M"],"items_purchased_type":["Relic"],"build_version":"2020-12-22","purchased_purges":4,"victory":false,"max_hp_per_floor":[72,72,72,72,72,72,72,72,72,72,72,72,72,72,72,72,72,72,72,72,72,72,72,72,72,72,72,72,72,72,72,72,72,72,72,72,72,72,72,72,79,79,79,79,79,79,79,79,79],"card_choices":[{"not_picked":["Evaluate","Meditate"],"picked":"BattleHymn","floor":0.0},{"not_picked":["ThirdEye","FollowUp"],"picked":"Indignation","floor":1.0},{"not_picked":["Evaluate","Halt"],"picked":"Meditate","floor":2.0},{"not_picked":["BowlingBash","ClearTheMind"],"picked":"FlurryOfBlows","floor":5.0},{"not_picked":["PathToVictory","Consecrate"],"picked":"Evaluate","floor":8.0},{"not_picked":["ClearTheMind","SashWhip"],"picked":"Wireheading","floor":11.0},{"not_picked":["Prostrate","CarveReality"],"picked":"Halt","floor":12.0},{"not_picked":["Crescendo","Fasting2"],"picked":"Protect","floor":14.0},{"not_picked":["Ragnarok","Scrawl"],"picked":"Blasphemy","floor":16.0},{"not_picked":["Conclude+1","WaveOfTheHand"],"picked":"ForeignInfluence+1","floor":18.0},{"not_picked":["Evaluate","Halt","ClearTheMind"],"picked":"SKIP","floor":20.0},{"not_picked":["Conclude","FollowUp"],"picked":"FlyingSleeves","floor":22.0},{"not_picked":["Prostrate","WheelKick"],"picked":"Conclude","floor":22.0},{"not_picked":["CutThroughFate","Nirvana"],"picked":"EmptyBody","floor":22.0},{"not_picked":["CutThroughFate","Wish"],"picked":"EmptyMind","floor":22.0},{"not_picked":["Scrawl","CutThroughFate"],"picked":"FlyingSleeves","floor":23.0},{"not_picked":["Weave","Consecrate"],"picked":"Tantrum","floor":25.0},{"not_picked":["Protect+1","Vengeance"],"picked":"MentalFortress","floor":30.0},{"not_picked":["Indignation","ReachHeaven"],"picked":"FlurryOfBlows","floor":31.0},{"not_picked":["Wish","SpiritShield"],"picked":"MasterReality","floor":33.0},{"not_picked":[],"picked":"ForeignInfluence","floor":35.0},{"not_picked":["CutThroughFate"],"picked":"SKIP","floor":37},{"not_picked":["BowlingBash+1"],"picked":"SKIP","floor":41},{"not_picked":[],"picked":"DeceiveReality+1","floor":46},{"not_picked":[],"picked":"Evaluate","floor":47}],"player_experience":727797,"relics_obtained":[{"floor":9.0,"key":"War Paint"},{"floor":11.0,"key":"Nunchaku"},{"floor":14.0,"key":"Bottled Lightning"},{"floor":23.0,"key":"Whetstone"},{"floor":25.0,"key":"Ice Cream"},{"floor":26.0,"key":"Boot"},{"floor":41,"key":"Strawberry"},{"floor":43,"key":"Oddly Smooth Stone"},{"floor":46,"key":"Unceasing Top"}],"event_choices":[{"damage_healed":0.0,"max_hp_gain":0.0,"max_hp_loss":0.0,"gold_gain":0.0,"event_name":"betterThird:BetterGoop","player_choice":"Slimed","floor":3.0,"gold_loss":50.0,"damage_taken":11.0},{"damage_healed":0.0,"max_hp_gain":0.0,"max_hp_loss":0.0,"gold_gain":0.0,"event_name":"betterThird:BetterScrap","player_choice":"Relic ","floor":4.0,"gold_loss":0.0,"damage_taken":3.0,"cards_obtained":["Sentinel"]},{"damage_healed":0.0,"max_hp_gain":0.0,"max_hp_loss":0.0,"gold_gain":0.0,"event_name":"The Mausoleum","player_choice":"Opened","floor":19.0,"gold_loss":0.0,"damage_taken":0.0,"relics_obtained":["Akabeko"],"cards_obtained":["Writhe"]},{"damage_healed":0.0,"max_hp_gain":0.0,"max_hp_loss":0.0,"gold_gain":0.0,"event_name":"Ghosts","player_choice":"Ignored","floor":21.0,"gold_loss":0.0,"damage_taken":0.0},{"damage_healed":0.0,"max_hp_gain":0.0,"max_hp_loss":0.0,"gold_gain":0.0,"event_name":"Wheel of Change","player_choice":"Cursed","floor":24.0,"gold_loss":0.0,"damage_taken":0.0,"cards_obtained":["Decay"]},{"cards_removed":["FlyingSleeves"],"damage_healed":0,"gold_gain":0,"player_choice":"Removed Attack","damage_taken":0,"max_hp_gain":0,"max_hp_loss":0,"event_name":"Falling","floor":38,"gold_loss":0},{"damage_healed":0,"gold_gain":0,"player_choice":"Paid","damage_taken":0,"relics_obtained":["Red Mask"],"max_hp_gain":0,"max_hp_loss":0,"event_name":"Tomb of Lord Red Mask","floor":45,"gold_loss":102}],"is_beta":false,"boss_relics":[{"not_picked":["HolyWater","Black Star"],"picked":"SlaversCollar"},{"not_picked":["Coffee Dripper","Calling Bell"],"picked":"Busted Crown"}],"items_purged_floors":[7,22,28,36],"is_endless":false,"potions_floor_spawned":[5,8,14,16,20,23,33,35,37,46],"killed_by":"Maw","ascension_level":11}}