{"host":"su2hhyxhtg0mhzli","time":1611127671,"event":{"mods":["Bard","BaseMod","Colored Powertips","Highlight Path","Infinite Spire","Minty Spire (QoL Compilation)","Quick Restart","Replay The Spire","Shop Mod","StSLib"],"gold_per_floor":[117,117,129,147,322,353,353,378,405,405,425,444,444,459,459,564,614,629,629,641,641,641,641,641,641,641],"floor_reached":25,"language":"ENG","playtime":1914,"items_purged":[],"score":234,"play_id":"e19b30b1-d514-4d30-8274-ae6fbaa915e7","local_time":"20210120092751","is_ascension_mode":true,"campfire_choices":[{"floor":7,"key":"REST"},{"floor":10,"key":"REST"},{"floor":15,"key":"REST"},{"floor":23,"key":"REST"}],"circlet_count":0,"master_deck":["Strike_G","Strike_G","Strike_G","Strike_G","Strike_G","Defend_G","Defend_G","Defend_G+1","Defend_G","Defend_G","Survivor","Neutralize","Deadly Poison","Cloak And Dagger","Crippling Poison","Catalyst","Quick Slash","Dagger Spray","Burst","Distraction","Phantasmal Killer","Poisoned Stab","Noxious Fumes","Bane","Replay:Fractal Strike","ReplayTheSpireMod:Black Plague"],"relics":["Ring of the Snake","Ring of Fangs","Boot","Pet Ghost","PreservedInsect","Tiny House","Enchiridion"],"acts_visited":["Exordium","TheCity"],"potions_floor_usage":[12,16,16,24,25],"damage_taken":[{"damage":0,"enemies":"Cultist","floor":1,"turns":4},{"damage":6,"enemies":"2 Louse","floor":3,"turns":4},{"damage":4,"enemies":"Small Slimes","floor":4,"turns":4},{"damage":29,"enemies":"Lagavulin","floor":6,"turns":8},{"damage":47,"enemies":"3 Sentries","floor":8,"turns":15},{"damage":8,"enemies":"Looter","floor":11,"turns":4},{"damage":1,"enemies":"2 Fungi Beasts","floor":12,"turns":3},{"damage":10,"enemies":"Lots of Slimes","floor":14,"turns":3},{"damage":17,"enemies":"Hexaghost","floor":16,"turns":8},{"damage":42,"enemies":"Spheric Guardian","floor":18,"turns":7},{"damage":0,"enemies":"3 Byrds","floor":20,"turns":3},{"damage":21,"enemies":"Snake Plant","floor":24,"turns":4},{"damage":27,"enemies":"Book of Stabbing","floor":25,"turns":5}],"seed_played":"-1229835043922079898","potions_obtained":[{"floor":6,"key":"Reflective Coating"},{"floor":8,"key":"SpeedPotion"},{"floor":11,"key":"LiquidMemories"},{"floor":14,"key":"Venom Potion"},{"floor":17,"key":"SmokeBomb"},{"floor":18,"key":"Block Potion"}],"is_trial":false,"path_per_floor":["M","?","M","M","?","E","R","E","T","R","M","M","?","M","R","B",null,"M","?","M","?","AVR","R","M","E"],"character_chosen":"THE_SILENT","items_purchased":[],"campfire_rested":4,"item_purchase_floors":[],"current_hp_per_floor":[77,77,71,67,67,38,61,14,14,37,29,28,21,11,34,17,82,40,24,24,24,24,48,27,0,0],"gold":641,"neow_bonus":"TEN_PERCENT_HP_BONUS","is_daily":false,"chose_seed":false,"campfire_upgraded":0,"win_rate":0.0,"timestamp":1611127671,"path_taken":["M","?","M","M","?","E","R","E","T","R","M","M","?","M","R","BOSS","M","?","M","?","AVR","R","M","E"],"items_purchased_type":[],"build_version":"2020-12-22","purchased_purges":0,"victory":false,"max_hp_per_floor":[77,77,77,77,77,77,77,77,77,77,77,77,77,77,77,77,82,82,82,82,82,82,82,82,82,82],"card_choices":[{"not_picked":["Quick Slash","Dagger Spray"],"picked":"Deadly Poison","floor":1},{"not_picked":["Hidden Blade","Underhanded Strike"],"picked":"Cloak And Dagger","floor":3},{"not_picked":["Finisher","Unload"],"picked":"Crippling Poison","floor":4},{"not_picked":["Quick Slash","Calculated Gamble"],"picked":"Catalyst","floor":6},{"not_picked":["Underhanded Strike","Dagger Throw"],"picked":"Quick Slash","floor":8},{"not_picked":["Deadly Poison","Poisoned Stab"],"picked":"Dagger Spray","floor":11},{"not_picked":["Noxious Fumes","Deflect"],"picked":"Burst","floor":12},{"not_picked":["Outmaneuver","Dodge and Roll"],"picked":"Distraction","floor":14},{"not_picked":["Night Terror","A Thousand Cuts"],"picked":"Phantasmal Killer","floor":16},{"not_picked":["Backflip","Underhanded Strike"],"picked":"Poisoned Stab","floor":17},{"not_picked":["Heel Hook","Finisher+1"],"picked":"Noxious Fumes","floor":18},{"not_picked":["Corpse Explosion","Underhanded Strike"],"picked":"Bane","floor":20}],"player_experience":68896,"relics_obtained":[{"floor":2,"key":"Ring of Fangs"},{"floor":6,"key":"Boot"},{"floor":8,"key":"Pet Ghost"},{"floor":9,"key":"PreservedInsect"},{"floor":19,"key":"Enchiridion"}],"event_choices":[{"damage_healed":0,"gold_gain":175,"player_choice":"AGREE","damage_taken":0,"max_hp_gain":0,"max_hp_loss":0,"event_name":"Liars Game","floor":5,"gold_loss":0,"cards_obtained":["Doubt"]},{"cards_removed":["Doubt"],"damage_healed":0,"gold_gain":0,"player_choice":"Card Removal","damage_taken":7,"max_hp_gain":0,"max_hp_loss":0,"event_name":"Golden Wing","floor":13,"gold_loss":0},{"damage_healed":0,"gold_gain":0,"player_choice":"Obtained Book","damage_taken":16,"max_hp_gain":0,"max_hp_loss":0,"event_name":"Cursed Tome","floor":19,"gold_loss":0},{"damage_healed":0,"gold_gain":0,"player_choice":"Ignored","damage_taken":0,"max_hp_gain":0,"max_hp_loss":0,"event_name":"Vampires","floor":21,"gold_loss":0}],"is_beta":false,"boss_relics":[{"not_picked":["Busted Crown","SlaversCollar"],"picked":"Tiny House"}],"items_purged_floors":[],"is_endless":false,"potions_floor_spawned":[6,8,11,14,18],"killed_by":"Book of Stabbing","ascension_level":2}}