{"host":"a4s27ghlnr83kbqz","time":1611112138,"event":{"mods":["AchievementEnabler","BaseMod","Colored Map","Minty Spire (QoL Compilation)","Permanent Neow","SuperFastMode"],"gold_per_floor":[119,138,155,175,192,192,192,192],"floor_reached":7,"language":"KOR","playtime":173,"items_purged":[],"score":90,"play_id":"ffbbd58c-cf07-4a1d-987b-fa45f5152b85","local_time":"20210120110858","is_ascension_mode":true,"campfire_choices":[{"data":"Blood for Blood","floor":6,"key":"SMITH"}],"circlet_count":0,"master_deck":["AscendersBane","Strike_R","Strike_R","Strike_R","Strike_R","Strike_R","Defend_R","Defend_R","Defend_R","Defend_R","Bash","Clothesline","Blood for Blood+1","Perfected Strike","Ghostly Armor","Shrug It Off"],"relics":["Burning Blood"],"acts_visited":["Exordium"],"potions_floor_usage":[5,7],"damage_taken":[{"damage":4,"enemies":"Jaw Worm","floor":1,"turns":5},{"damage":6,"enemies":"Cultist","floor":2,"turns":3},{"damage":17,"enemies":"Small Slimes","floor":3,"turns":4},{"damage":18,"enemies":"Exordium Wildlife","floor":4,"turns":5},{"damage":15,"enemies":"Lots of Slimes","floor":5,"turns":4},{"damage":42,"enemies":"3 Sentries","floor":7,"turns":7}],"seed_played":"1587367472147880561","potions_obtained":[{"floor":1,"key":"Fire Potion"},{"floor":5,"key":"Dexterity Potion"}],"is_trial":false,"path_per_floor":["M","M","M","M","M","R","E"],"character_chosen":"IRONCLAD","items_purchased":[],"campfire_rested":0,"item_purchase_floors":[],"current_hp_per_floor":[70,70,59,47,38,38,0,0],"gold":192,"neow_bonus":"THREE_CARDS","is_daily":false,"chose_seed":false,"campfire_upgraded":1,"win_rate":0.0,"timestamp":1611112138,"path_taken":["M","M","M","M","M","R","E"],"items_purchased_type":[],"build_version":"2020-12-22","purchased_purges":0,"victory":false,"max_hp_per_floor":[75,75,75,75,75,75,75,75],"card_choices":[{"not_picked":["Dark Embrace","Havoc"],"picked":"Clothesline","floor":0},{"not_picked":["Flex","Heavy Blade"],"picked":"Blood for Blood","floor":1},{"not_picked":["Sentinel","Heavy Blade","Intimidate"],"picked":"SKIP","floor":2},{"not_picked":["Wild Strike","Flex"],"picked":"Perfected Strike","floor":3},{"not_picked":["Rage","Cleave"],"picked":"Ghostly Armor","floor":4},{"not_picked":["Burning Pact","Fiend Fire"],"picked":"Shrug It Off","floor":5}],"player_experience":1109444,"relics_obtained":[],"event_choices":[],"is_beta":false,"boss_relics":[],"items_purged_floors":[],"is_endless":false,"potions_floor_spawned":[1,5],"killed_by":"3 Sentries","ascension_level":20}}