{"host":"bw00wb7p5bw58om7","time":1611181973,"event":{"mods":["100% Spire Juice","Act Like it!","BaseMod","Better Third Choice","CapriCore","Chen","Downfall","Gensokyo","Koishi","KomeijiMod","Marisa????????","Minty Spire (QoL Compilation)","Onozuka Komachi Mod","Permanent Neow","Prisma Mod","Reimu??????","Remilia??????","StSLib","The Administrix","The Immortal","The Senshi","The Servant 0.9.4","Yakumo Yukari mod"],"gold_per_floor":[13,13,13,23,35,65,65,95,121,21,48,48,59,59,59,163,163,178,178,194,194,194,221,221,256,256,271,151,179,198,218,218,314,314,329,329,340,360,380,406,406,406,406,210,226,226,246,85,85,85],"floor_reached":51,"language":"ENG","playtime":2338,"items_purged":[],"score":888,"play_id":"1c9f53a7-2402-4e01-804f-045049b9ab03","local_time":"20210120223253","is_ascension_mode":true,"campfire_choices":[{"data":"Koishi:RacingHeart","floor":7,"key":"SMITH"},{"data":"Koishi:PredatoryInstincts","floor":12,"key":"SMITH"},{"data":"Koishi:StingingMind","floor":15,"key":"SMITH"},{"data":"Koishi:ImGoingToCallYouNow","floor":24,"key":"SMITH"},{"data":"Koishi:MindStellarRelief","floor":32,"key":"SMITH"},{"data":"Koishi:TerrifyingSpectre","floor":41,"key":"SMITH"},{"data":"Koishi:RuptureMind","floor":46,"key":"SMITH"},{"data":"Koishi:BloodcurdlingScream","floor":49,"key":"SMITH"}],"circlet_count":0,"master_deck":["Koishi:BasicStrike","Koishi:BasicStrike","Koishi:BasicDefend+1","Koishi:BasicDefend","Koishi:BasicDefend","Koishi:BasicDefend","Koishi:HeartStoppingHorror+1","Koishi:RacingHeart+1","Koishi:PredatoryInstincts+1","Koishi:StingingMind+1","Koishi:PhantomBarrier+1","Koishi:MindStellarRelief+1","Koishi:PredatoryInstincts","Koishi:ImGoingToCallYouNow+1","Koishi:PredatoryInstincts+1","Koishi:RuptureMind+1","TwelveNightmare","Koishi:RacingHeart","Koishi:RacingHeart","Koishi:DreadfulBlow","Koishi:RacingHeart+1","Koishi:TerrifyingSpectre+1","Koishi:ParalyzingFear","Koishi:JumpScare+1","Koishi:DreadfulBlow","Koishi:BloodcurdlingScream+1","Koishi:BloodcurdlingScream+1","Koishi:ImGoingToCallYouNow+1"],"relics":["Koishi:ImaginaryFriend","Vajra","Dream Catcher","Bag of Marbles","Singing Bowl","Question Card","Gensokyo:YoukaiFlower","Busted Crown","theSenshi:FeatherClipsRelic","Matryoshka","Bag of Preparation","Toy Ornithopter","War Paint","Gensokyo:SpiderMask","Bottled Flame","Runic Pyramid","Ice Cream","Turnip","Meat on the Bone","Potion Belt","Nunchaku","DollysMirror"],"acts_visited":["Gensokyo:Gensokyo","Gensokyo:Gensokyoer","Gensokyo:Gensokyoest"],"potions_floor_usage":[33,33],"damage_taken":[{"damage":1,"enemies":"Gensokyo:3_Fairies","floor":1,"turns":4},{"damage":0,"enemies":"Gensokyo:Python","floor":4,"turns":4},{"damage":5,"enemies":"Gensokyo:2_Kodama","floor":5,"turns":3},{"damage":22,"enemies":"Gensokyo:Cirno","floor":6,"turns":5},{"damage":8,"enemies":"Gensokyo:Mamizou","floor":8,"turns":6},{"damage":29,"enemies":"Gensokyo:Cirno","floor":11,"turns":5},{"damage":7,"enemies":"Gensokyo:5_Fairies","floor":13,"turns":4},{"damage":1,"enemies":"Gensokyo:Yukari","floor":16,"turns":7},{"damage":4,"enemies":"Gensokyo:Chomper","floor":18,"turns":3},{"damage":14,"enemies":"Gensokyo:3_Dogs","floor":20,"turns":5},{"damage":39,"enemies":"Gensokyo:Tenshi","floor":23,"turns":4},{"damage":22,"enemies":"Gensokyo:Reisen","floor":25,"turns":4},{"damage":16,"enemies":"Gensokyo:Swordslinger","floor":27,"turns":2},{"damage":18,"enemies":"Gensokyo:Tenshi","floor":29,"turns":4},{"damage":23,"enemies":"Gensokyo:Chomper_and_Gloop","floor":30,"turns":4},{"damage":18,"enemies":"Gensokyo:Slime_Group","floor":31,"turns":3},{"damage":94,"enemies":"Gensokyo:Kaguya","floor":33,"turns":10},{"damage":14,"enemies":"Gensokyo:3_Bats","floor":35,"turns":4},{"damage":17,"enemies":"Gensokyo:3_Boulders","floor":37,"turns":5},{"damage":6,"enemies":"Gensokyo:Rafflesia","floor":38,"turns":4},{"damage":16,"enemies":"Gensokyo:SeedOfUnknown","floor":39,"turns":4},{"damage":6,"enemies":"Gensokyo:Marisa","floor":40,"turns":4},{"damage":20,"enemies":"Gensokyo:Sharpion","floor":45,"turns":3},{"damage":0,"enemies":"Gensokyo:AtlasGolem","floor":47,"turns":3},{"damage":0,"enemies":"Gensokyo:Yuyuko","floor":50,"turns":5}],"seed_played":"-7881282002721899515","potions_obtained":[{"floor":4,"key":"champ:CounterPotion"},{"floor":6,"key":"SteroidPotion"},{"floor":11,"key":"Block Potion"},{"floor":29,"key":"Strength Potion"},{"floor":35,"key":"RedTea"},{"floor":37,"key":"FearPotion"},{"floor":39,"key":"Fire Potion"},{"floor":47,"key":"SpeedPotion"}],"is_trial":false,"path_per_floor":["M","?","?","M","M","E","R","E","T","?","E","R","M","?","R","B",null,"M","?","M","?","?","E","R","E","T","M","?","E","M","M","R","B",null,"M","?","M","M","M","E","R","?","T","$","M","R","M","COS","R","B",null],"character_chosen":"KOISHI","items_purchased":["Koishi:DreadfulBlow","Nunchaku"],"campfire_rested":0,"item_purchase_floors":[44,44],"current_hp_per_floor":[59,59,59,59,54,36,36,41,41,41,31,31,36,36,36,59,60,60,56,58,58,58,60,60,62,62,62,62,62,62,62,62,20,62,62,62,64,66,66,68,68,41,41,41,68,68,68,68,68,68],"gold":85,"neow_bonus":"TRANSFORM_TWO_CARDS","is_daily":false,"chose_seed":false,"campfire_upgraded":8,"win_rate":0.0,"timestamp":1611181973,"path_taken":["M","?","?","M","M","E","R","E","T","?","E","R","M","?","R","BOSS","M","?","M","?","?","E","R","E","T","M","?","E","M","M","R","BOSS","M","?","M","M","?","E","R","?","T","$","M","R","M","COS","R","BOSS"],"items_purchased_type":["Card","Relic"],"build_version":"2020-12-22","purchased_purges":0,"victory":true,"max_hp_per_floor":[60,60,60,60,60,60,60,60,60,60,60,60,60,60,60,60,60,60,56,58,58,58,60,60,62,62,62,62,62,62,62,62,62,62,62,62,64,66,66,68,68,68,68,68,68,68,68,68,68,68],"card_choices":[{"not_picked":["Koishi:Jaunt","Koishi:SubterraneanRose"],"picked":"Koishi:Bloodlust","floor":1},{"not_picked":["Koishi:RacingHeart","Koishi:PhantomBarrier"],"picked":"Koishi:BloodcurdlingScream","floor":4},{"not_picked":["Koishi:MindNumbingTerror","Koishi:JumpScare"],"picked":"Koishi:PredatoryInstincts","floor":5},{"not_picked":["Koishi:EmbersOfLove","Koishi:Prune"],"picked":"Koishi:StingingMind","floor":6},{"not_picked":["Koishi:Jaunt","Koishi:VengefulSpirit"],"picked":"Koishi:PhantomBarrier","floor":8},{"not_picked":["Koishi:Jaunt","Koishi:EmbryosDream"],"picked":"Koishi:MindStellarRelief","floor":11},{"not_picked":["Koishi:ReflexRadar","Koishi:ParalyzingFear","Koishi:GeneticsOfTheUnconscious"],"picked":"Koishi:PredatoryInstincts","floor":13},{"not_picked":["Koishi:SilentAndRestless","Koishi:RollingInRichesHeart","Koishi:FormlessExistence"],"picked":"Koishi:ImGoingToCallYouNow","floor":16},{"not_picked":["Koishi:SubconsciousSweep"],"picked":"Koishi:PredatoryInstincts+1","floor":18},{"not_picked":["Koishi:FreudianInstinct","Koishi:CatchAndRose"],"picked":"Singing Bowl","floor":20},{"not_picked":["Koishi:SubterraneanRose+1","Koishi:TraumaticStroke+1"],"picked":"Singing Bowl","floor":23},{"not_picked":["Koishi:Jaunt+1","Koishi:Untouchable+1"],"picked":"Singing Bowl","floor":25},{"not_picked":["Koishi:ReflexRadar"],"picked":"Koishi:RacingHeart","floor":27},{"not_picked":["Koishi:PhantomStrike+1"],"picked":"Koishi:RacingHeart","floor":29},{"not_picked":["Koishi:UnconsciousUrges"],"picked":"Koishi:DreadfulBlow","floor":30},{"not_picked":["Koishi:HeartfeltFancy"],"picked":"Koishi:RacingHeart+1","floor":31},{"not_picked":["Koishi:RollingInRichesHeart"],"picked":"Koishi:TerrifyingSpectre","floor":33},{"not_picked":["Koishi:ApparitionsStalkTheNight+1"],"picked":"Koishi:ParalyzingFear","floor":35},{"not_picked":["Koishi:PhantomBarrier+1","Koishi:ReflexRadar"],"picked":"Singing Bowl","floor":37},{"not_picked":["Koishi:SprinkleStarAndHeart+1","Koishi:Prune+1"],"picked":"Singing Bowl","floor":38},{"not_picked":["Koishi:HeartfeltFancy"],"picked":"Koishi:JumpScare+1","floor":39},{"not_picked":["Koishi:FleetingPhantom+1","Koishi:UnansweredLove"],"picked":"Singing Bowl","floor":40},{"not_picked":["Koishi:Jaunt"],"picked":"Koishi:BloodcurdlingScream+1","floor":45},{"not_picked":["Koishi:ApparitionsStalkTheNight"],"picked":"Koishi:BloodcurdlingScream","floor":47}],"player_experience":279172,"relics_obtained":[{"floor":6,"key":"Vajra"},{"floor":8,"key":"Dream Catcher"},{"floor":9,"key":"Bag of Marbles"},{"floor":11,"key":"Question Card"},{"floor":23,"key":"Matryoshka"},{"floor":25,"key":"Bag of Preparation"},{"floor":26,"key":"Toy Ornithopter"},{"floor":26,"key":"War Paint"},{"floor":29,"key":"Bottled Flame"},{"floor":40,"key":"Ice Cream"},{"floor":43,"key":"Meat on the Bone"},{"floor":43,"key":"Potion Belt"}],"event_choices":[],"is_beta":false,"boss_relics":[{"not_picked":["SacredBark","theSenshi:MoonKaleidoScopeRelic"],"picked":"Busted Crown"},{"not_picked":["Empty Cage","Snecko Eye"],"picked":"Runic Pyramid"}],"items_purged_floors":[],"is_endless":false,"potions_floor_spawned":[4,6,11,20,25,29,30,35,37,39,47],"ascension_level":1}}