{"host":"07w92xc562nr1xn4","time":1611102514,"event":{"mods":["BaseMod","Colored Map","Colored Powertips","Minty Spire (QoL Compilation)","Quick Restart","Replay The Spire","StSLib","The Senshi"],"gold_per_floor":[114,132,152,169,188,188,223,192,266,63,82,82,82,114,114,211,211,223,237,237,254,254,254,287,287,314,15,28,53,64,91,91,196,196,215,215,299,311,336,348,387,410,422,434,477,489,555,567,579,591,603,615,84,111,111],"floor_reached":56,"language":"ENG","playtime":5297,"items_purged":["Defend_B","Strike_B"],"score":1481,"play_id":"9ca15bcd-313c-46b6-923e-008f989f709e","local_time":"20210119192834","is_ascension_mode":true,"campfire_choices":[{"data":"Chaos","floor":6.0,"key":"SMITH"},{"data":"Echo Form","floor":13.0,"key":"SMITH"},{"floor":15.0,"key":"DIG"},{"data":"Beam Cell","floor":23.0,"key":"SMITH"},{"data":"Zap","floor":25.0,"key":"SMITH"},{"data":"Turbo","floor":32.0,"key":"SMITH"},{"data":"Reboot","floor":40.0,"key":"SMITH"},{"floor":44.0,"key":"RECALL"},{"data":"Midas Touch","floor":49.0,"key":"SMITH"},{"data":"Barrage","floor":52.0,"key":"SMITH"}],"circlet_count":0,"master_deck":["Strike_B","Strike_B","Strike_B","Defend_B","Defend_B","Defend_B","Zap+1","Dualcast","theSenshi:SailorBlock","Strike_P","Chaos+1","Panic Button","Redo","Self Repair","Echo Form+1","Barrage+1","Coolheaded","Glacier","Steam+1","Electrodynamics","Seek+1","ReplaySort","Beam Cell+1","Compile Driver","Rip and Tear+1","FIFO Queue","ReplayTheSpireMod:Brewmster+1","Turbo+1","Skim","Force Field","Reboot+1","ReplayTheSpireMod:System Scan+1","Time Bomb+1","Shame","Creative AI","Steam Power+1","Midas Touch+1","Panic Button"],"relics":["Cracked Core","Ice Cream","theSenshi:SuperSailorFukuRelic","Matryoshka","Replay:Frozen Program","Akabeko","FossilizedHelix","Painkiller Herb","Centennial Puzzle","Replay:Antivirus Software","Mummified Hand","Bottled Tornado","Inserter","MawBank","Pear","Replay:Rubber Ducky","Art of War","TungstenRod","Vajra","CaptainsWheel","Guide Book","StoneCalendar"],"acts_visited":["Exordium","TheCity","TheBeyond","TheEnding"],"potions_floor_usage":[54,54,55,55,55,55,55,55,55],"damage_taken":[{"damage":0.0,"enemies":"2 Louse","floor":1.0,"turns":2.0},{"damage":0.0,"enemies":"Small Slimes","floor":2.0,"turns":4.0},{"damage":2.0,"enemies":"Jaw Worm","floor":3.0,"turns":4.0},{"damage":10.0,"enemies":"Exordium Wildlife","floor":4.0,"turns":3.0},{"damage":2.0,"enemies":"3 Louse","floor":5.0,"turns":5.0},{"damage":13.0,"enemies":"Replay:BlueRogue","floor":7.0,"turns":8.0},{"damage":7.0,"enemies":"Exordium Thugs","floor":8.0,"turns":5.0},{"damage":0.0,"enemies":"Looter","floor":11.0,"turns":3.0},{"damage":0.0,"enemies":"Lagavulin","floor":14.0,"turns":7.0},{"damage":0.0,"enemies":"Fading Forest","floor":16.0,"turns":11.0},{"damage":0.0,"enemies":"2 Thieves","floor":18.0,"turns":3.0},{"damage":0.0,"enemies":"Shell Parasite","floor":19.0,"turns":4.0},{"damage":0.0,"enemies":"3 Cultists","floor":21.0,"turns":3.0},{"damage":8.0,"enemies":"Slavers","floor":24.0,"turns":5.0},{"damage":0.0,"enemies":"Snecko","floor":28.0,"turns":5.0},{"damage":12.0,"enemies":"Book of Stabbing","floor":29.0,"turns":5.0},{"damage":18.0,"enemies":"Shelled Parasite and Fungi","floor":30.0,"turns":4.0},{"damage":0.0,"enemies":"Replay:Snechameleon","floor":31.0,"turns":7.0},{"damage":16.0,"enemies":"Collector","floor":33.0,"turns":7.0},{"damage":0.0,"enemies":"3 Darklings","floor":35.0,"turns":3.0},{"damage":0.0,"enemies":"3 Shapes","floor":39.0,"turns":5.0},{"damage":26.0,"enemies":"Reptomancer","floor":41.0,"turns":6.0},{"damage":0.0,"enemies":"3 Darklings","floor":42.0,"turns":4.0},{"damage":0.0,"enemies":"Giant Head","floor":45.0,"turns":8.0},{"damage":27.0,"enemies":"Time Eater","floor":50.0,"turns":10.0},{"damage":0,"enemies":"Shield and Spear","floor":54,"turns":6},{"damage":44,"enemies":"The Heart","floor":55,"turns":7}],"seed_played":"2418573461847065128","potions_obtained":[{"floor":3.0,"key":"Dexterity Potion"},{"floor":4.0,"key":"FairyPotion"},{"floor":8.0,"key":"Energy Potion"},{"floor":16.0,"key":"Block Potion"},{"floor":29.0,"key":"Cursed Concoction"},{"floor":31.0,"key":"FocusPotion"},{"floor":33.0,"key":"Energy Potion"},{"floor":35.0,"key":"Adrenaline Potion"},{"floor":37.0,"key":"GamblersBrew"},{"floor":37.0,"key":"FocusPotion"},{"floor":41.0,"key":"Death Potion"},{"floor":54,"key":"AttackPotion"}],"is_trial":false,"path_per_floor":["M","M","M","M","M","R","E","M","T","$","M","?","R","E","R_BF","B",null,"?","?","?","?","?","T","E","T","T","T","?","E","?","E","T","B",null,"?","?","?","?","?","T","E","?","T","T","E","?","T","?","T","B",null,"T","T","E","B",null],"character_chosen":"DEFECT","items_purchased":["Coolheaded","Replay:Frozen Program","FIFO Queue","ReplayTheSpireMod:Brewmster","CaptainsWheel","Guide Book"],"campfire_rested":0,"item_purchase_floors":[10,10,27,27,53,53],"current_hp_per_floor":[75,75,73,63,61,61,55,55,55,55,62,62,62,75,75,75,75,75,75,75,75,61,61,67,67,67,67,74,62,51,58,58,49,80,80,80,70,70,84,84,65,72,72,72,79,79,79,79,79,59,85,85,85,85,41],"gold":111,"neow_bonus":"ONE_RARE_RELIC","is_daily":false,"chose_seed":false,"campfire_upgraded":8,"win_rate":0.0,"timestamp":1611102514,"path_taken":["M","M","M","M","M","R","E","M","T","$","M","?","R","E","R_BF","BOSS","?","?","?","?","?","T","E","T","T","T","?","E","?","E","T","BOSS","?","?","?","?","?","T","E","?","T","T","E","?","?","?","T","BOSS","T","T","E","BOSS"],"items_purchased_type":["Card","Relic","Card","Card","Relic","Relic"],"build_version":"2020-12-22","purchased_purges":2,"victory":true,"max_hp_per_floor":[75,75,75,75,75,75,75,75,75,75,75,75,75,75,75,75,75,75,75,75,75,80,80,80,80,80,80,80,80,80,80,80,80,80,80,80,90,90,90,90,90,90,90,90,90,85,85,85,85,85,85,85,85,85,85],"card_choices":[{"not_picked":["Redo","Gash"],"picked":"Chaos","floor":1.0},{"not_picked":["Go for the Eyes","Ball Lightning"],"picked":"Panic Button","floor":2.0},{"not_picked":["Rip and Tear","Coolheaded"],"picked":"Capacitor","floor":3.0},{"not_picked":["Consume","Double Energy"],"picked":"Redo","floor":4.0},{"not_picked":["Force Field","Aggregate"],"picked":"Self Repair","floor":5.0},{"not_picked":["Steam","Go for the Eyes"],"picked":"Echo Form","floor":7.0},{"not_picked":["Undo","ReplaySolidLightProjector"],"picked":"Barrage","floor":8.0},{"not_picked":["Steam","Panic Button"],"picked":"Glacier","floor":11.0},{"not_picked":["Self Repair","Static Discharge"],"picked":"Electrodynamics","floor":14.0},{"not_picked":["Hyperbeam","Buffer"],"picked":"Seek","floor":16.0},{"not_picked":["Compile Driver","Force Field"],"picked":"ReplaySort","floor":18.0},{"not_picked":["Recycle","Doom and Gloom"],"picked":"Beam Cell","floor":19.0},{"not_picked":["Doom and Gloom","Streamline"],"picked":"Compile Driver","floor":21.0},{"not_picked":["Storm","Auto Shields+1"],"picked":"Rip and Tear+1","floor":24.0},{"not_picked":["Panic Button+1","Redo"],"picked":"Turbo","floor":28.0},{"not_picked":["Aggregate","Double Energy"],"picked":"Skim","floor":29.0},{"not_picked":["ReplaySort","Beam Cell","Rebound"],"picked":"SKIP","floor":30.0},{"not_picked":["Seek","Crystallizer"],"picked":"Force Field","floor":31.0},{"not_picked":["Thunder Strike","Amplify"],"picked":"Reboot","floor":33.0},{"not_picked":["Panic Button","ReplayGash"],"picked":"ReplayTheSpireMod:System Scan+1","floor":35.0},{"not_picked":["Stack+1","Streamline+1"],"picked":"Time Bomb+1","floor":37.0},{"not_picked":["Sweeping Beam+1","ReplayTheSpireMod:Omega Cannon"],"picked":"Steam Power+1","floor":39.0},{"not_picked":["Sweeping Beam+1","Beam Cell","ReplayTheSpireMod:Reroute Power+1"],"picked":"SKIP","floor":41.0},{"not_picked":["ReplayTheSpireMod:GoodbyeWorld+1","Chaos+1","Capacitor"],"picked":"SKIP","floor":42.0},{"not_picked":["Fusion+1","ReplayTheSpireMod:Repulse","Beam Cell"],"picked":"SKIP","floor":45.0},{"not_picked":["Replay:Sssssssssshield","HandOfGreed"],"picked":"Midas Touch","floor":48.0},{"not_picked":["Barrage","Reinforced Body"],"picked":"Panic Button","floor":54}],"player_experience":625371,"relics_obtained":[{"floor":7.0,"key":"theSenshi:SuperSailorFukuRelic"},{"floor":9.0,"key":"Matryoshka"},{"floor":14.0,"key":"Akabeko"},{"floor":15.0,"key":"FossilizedHelix"},{"floor":24.0,"key":"Centennial Puzzle"},{"floor":26.0,"key":"Replay:Antivirus Software"},{"floor":29.0,"key":"Mummified Hand"},{"floor":31.0,"key":"Bottled Tornado"},{"floor":37.0,"key":"MawBank"},{"floor":37.0,"key":"Pear"},{"floor":41.0,"key":"Replay:Rubber Ducky"},{"floor":43.0,"key":"Art of War"},{"floor":45.0,"key":"TungstenRod"},{"floor":47.0,"key":"Vajra"},{"floor":54,"key":"StoneCalendar"}],"event_choices":[{"damage_healed":0.0,"max_hp_gain":0.0,"max_hp_loss":0.0,"gold_gain":0.0,"event_name":"Ghosts","player_choice":"Ignored","floor":20.0,"gold_loss":0.0,"damage_taken":0.0},{"damage_healed":0.0,"max_hp_gain":5.0,"max_hp_loss":0.0,"gold_gain":0.0,"event_name":"Forgotten Altar","player_choice":"Shed Blood","floor":22.0,"gold_loss":0.0,"damage_taken":19.0},{"damage_healed":0.0,"max_hp_gain":0.0,"max_hp_loss":0.0,"gold_gain":0.0,"event_name":"Tomb of Lord Red Mask","player_choice":"Ignored","floor":36.0,"gold_loss":0.0,"damage_taken":0.0},{"damage_healed":0.0,"max_hp_gain":0.0,"max_hp_loss":0.0,"gold_gain":0.0,"event_name":"Match and Keep!","player_choice":"2 cards matched","floor":38.0,"gold_loss":0.0,"damage_taken":0.0,"cards_obtained":["Shame","Creative AI"]},{"damage_healed":0.0,"max_hp_gain":0.0,"max_hp_loss":5.0,"gold_gain":0.0,"event_name":"Winding Halls","player_choice":"Max HP","floor":46.0,"gold_loss":0.0,"damage_taken":0.0},{"damage_healed":0.0,"max_hp_gain":0.0,"max_hp_loss":0.0,"gold_gain":0.0,"event_name":"SensoryStone","player_choice":"Memory 1","floor":48.0,"gold_loss":0.0,"damage_taken":0.0}],"is_beta":false,"boss_relics":[{"not_picked":["Coffee Dripper","Empty Cage"],"picked":"Painkiller Herb"},{"not_picked":["Snecko Eye","Replay:Wanted Poster"],"picked":"Inserter"}],"items_purged_floors":[27,53],"is_endless":false,"potions_floor_spawned":[3,4,8,16,18,19,29,31,33,35,41,54],"ascension_level":1}}