{"host":"cxvb37eaaiijvrl4","time":1611129400,"event":{"mods":["ATMod(°¢èªMod)","BaseMod","Better Third Choice","Minty Spire (QoL Compilation)","MostiFishMod","Quick Restart","Rare Cards Sparkle","Shop Mod","Spicy Shops","StSLib","TestMod","Uncapped","²ÐÁôÖ®Îï"],"gold_per_floor":[110,35,35,49,60,94,94,121,121,146,146,164,192,202,202,279,279,295,220,236,776,793,822,822,852,852,956,1048,1048,1098,1165,1165,1317,1317,1353,1353,964,1103,706,706,761,796,796,953,953,1048,1048,1093,1093,1118,1243,1243,1243,685,761,786],"floor_reached":57,"language":"ZHS","playtime":1615,"items_purged":["Strike_G","Strike_G","MostiFishMod:Neptune","Strike_G+1","MostiFishMod:TheEndOfMoonlight"],"score":3886,"play_id":"11d3ed14-8f65-4297-ac9c-e99168f22549","local_time":"20210119235640","is_ascension_mode":true,"campfire_choices":[{"data":"AT_ArcaneSupremacy","floor":7,"key":"SMITH"},{"data":"AT_ArcaneSupremacy","floor":11,"key":"SMITH"},{"data":"Footwork","floor":15,"key":"SMITH"},{"data":"MostiFishMod:GrandStart","floor":24,"key":"SMITH"},{"data":"Flechettes","floor":29,"key":"SMITH"},{"data":"Blade Dance","floor":32,"key":"SMITH"},{"data":"MostiFishMod:FantasySummer","floor":40,"key":"SMITH"},{"data":"MostiFishMod:SparklingWater","floor":45,"key":"SMITH"},{"floor":49,"key":"RECALL"},{"data":"Footwork","floor":53,"key":"SMITH"}],"circlet_count":0,"master_deck":["AscendersBane","Defend_G","Defend_G","Defend_G","Defend_G","Survivor","Neutralize+1","AT_WindFlip","AT_ArcaneSupremacy+1","MostiFishMod:GrandStart+1","Blade Dance+1","AT_ArcaneSupremacy+1","Footwork+1","Flechettes+1","Backflip","MostiFishMod:SparklingWater+1","MostiFishMod:FantasySummer+1","MostiFishMod:NightSea","Footwork+1","Accuracy","Blur"],"relics":["testmod-TestBox","DaveBox","AT_ATBox","Transparent","testmod-SaigiyounoYou","Sozu","SynthV:TestCard","Kunai","PlaceholderMod:DeVermisMysteriis","Art of War","testmod-Motorcycle","PlaceholderMod:LiveLive","Strawberry","AT_MibuBalloonWealth","PlaceholderMod:DaolothFragment","AT_RedNoBalance","MoonlightInvasionPlan","testmod-LifeArmor","Membership Card","PreservedInsect","MerchantsRug","AT_ChloranthyRing","Shuriken","Anchor","Lizard Tail","Medical Kit","AT_ForceNature","testmod-BlackFramedGlasses","Boot","SentryEyes","Gambling Chip"],"acts_visited":["Exordium","TheCity","TheBeyond","TheEnding"],"potions_floor_usage":[],"damage_taken":[{"damage":12,"enemies":"2 Louse","floor":1,"turns":2},{"damage":6,"enemies":"Small Slimes","floor":4,"turns":1},{"damage":12,"enemies":"Jaw Worm","floor":5,"turns":2},{"damage":18,"enemies":"Lagavulin","floor":6,"turns":3},{"damage":12,"enemies":"3 Sentries","floor":8,"turns":2},{"damage":12,"enemies":"Lagavulin","floor":10,"turns":2},{"damage":6,"enemies":"2 Fungi Beasts","floor":12,"turns":1},{"damage":6,"enemies":"3 Sentries","floor":13,"turns":1},{"damage":12,"enemies":"Red Slaver","floor":14,"turns":2},{"damage":30,"enemies":"Slime Boss","floor":16,"turns":5},{"damage":12,"enemies":"Shell Parasite","floor":18,"turns":2},{"damage":12,"enemies":"Chosen","floor":20,"turns":2},{"damage":12,"enemies":"Snecko","floor":22,"turns":2},{"damage":18,"enemies":"Gremlin Leader","floor":23,"turns":3},{"damage":7,"enemies":"Slavers","floor":25,"turns":1},{"damage":14,"enemies":"Gremlin Leader","floor":27,"turns":2},{"damage":7,"enemies":"3 Cultists","floor":28,"turns":1},{"damage":14,"enemies":"Book of Stabbing","floor":30,"turns":2},{"damage":14,"enemies":"Cultist and Chosen","floor":31,"turns":2},{"damage":31,"enemies":"Automaton","floor":33,"turns":3},{"damage":7,"enemies":"Orb Walker","floor":35,"turns":1},{"damage":7,"enemies":"3 Darklings","floor":38,"turns":1},{"damage":19,"enemies":"Giant Head","floor":41,"turns":2},{"damage":7,"enemies":"Writhing Mass","floor":42,"turns":1},{"damage":13,"enemies":"Reptomancer","floor":44,"turns":2},{"damage":13,"enemies":"2 Orb Walkers","floor":46,"turns":2},{"damage":30,"enemies":"Transient","floor":48,"turns":4},{"damage":27,"enemies":"Time Eater","floor":50,"turns":4},{"damage":27,"enemies":"Awakened One","floor":51,"turns":4},{"damage":5,"enemies":"Shield and Spear","floor":55,"turns":1},{"damage":17,"enemies":"The Heart","floor":56,"turns":6}],"seed_played":"-2499014500549693541","potions_obtained":[],"is_trial":false,"path_per_floor":["M","?","?","M","M","E","R","E","T","E","R","M","E","M","R","B",null,"M","$","M","?","M","E","R","E","T","E","M","R","E","M","R","B",null,"M","?","$","M","$","R","E","M","T","E","R","?","?","M","R","B","B",null,"R","$","E","B",null],"character_chosen":"THE_SILENT","items_purchased":["testmod-LifeArmor","Membership Card","PreservedInsect","MerchantsRug","Medical Kit","AT_ForceNature","testmod-BlackFramedGlasses","Boot","SentryEyes"],"campfire_rested":0,"item_purchase_floors":[37,39,39,39,54,54,54,54,54],"current_hp_per_floor":[66,66,66,66,66,66,66,66,66,66,66,66,66,66,66,66,66,66,66,66,9,57,73,73,73,73,73,73,73,73,73,73,73,73,73,73,73,73,73,73,73,73,73,73,73,73,73,73,73,73,73,73,73,73,73,73],"gold":786,"neow_bonus":"BOSS_RELIC","is_daily":false,"chose_seed":false,"campfire_upgraded":9,"win_rate":0.0,"timestamp":1611129400,"path_taken":["M","?","?","M","?","E","R","E","T","E","R","M","E","M","R","BOSS","M","$","M","?","M","E","R","E","T","E","?","R","E","M","R","BOSS","M","?","$","M","$","R","E","M","T","E","R","?","?","M","R","BOSS","BOSS","R","$","E","BOSS"],"items_purchased_type":["Relic","Relic","Relic","Relic","Relic","Relic","Relic","Relic","Relic"],"build_version":"2020-12-22","purchased_purges":5,"victory":true,"max_hp_per_floor":[66,66,66,66,66,66,66,66,66,66,66,66,66,66,66,66,66,66,66,66,66,66,73,73,73,73,73,73,73,73,73,73,73,73,73,73,73,73,73,73,73,73,73,73,73,73,73,73,73,73,73,73,73,73,73,73],"card_choices":[{"not_picked":["Prepared","Dagger Throw"],"picked":"AT_ArcaneSupremacy","floor":1},{"not_picked":["Backstab","Masterful Stab","Predator","Quick Slash","Deflect"],"picked":"SKIP","floor":4},{"not_picked":["Noxious Fumes","Cloak And Dagger","MostiFishMod:PerfectParry","Catalyst"],"picked":"Blade Dance","floor":5},{"not_picked":["Eviscerate","Bouncing Flask","Backstab","Dash","Prepared"],"picked":"SKIP","floor":6},{"not_picked":["MostiFishMod:VineMother","Prepared","Leg Sweep","Deflect","Slice"],"picked":"SKIP","floor":8},{"not_picked":["Dagger Throw","Eviscerate","PiercingWail","Deflect"],"picked":"AT_ArcaneSupremacy","floor":10},{"not_picked":["Caltrops","Flechettes","Backflip","Deadly Poison","Doppelganger"],"picked":"SKIP","floor":12},{"not_picked":["Predator","AT_WindRun","Catalyst","Bane","Dash"],"picked":"SKIP","floor":13},{"not_picked":["Dodge and Roll","Flying Knee","Expertise","Backflip"],"picked":"Footwork","floor":14},{"not_picked":["Concentrate","Outmaneuver+1","Backstab","Skewer","Expertise"],"picked":"SKIP","floor":18},{"not_picked":["Expertise","Quick Slash+1","MostiFishMod:PerfectParry","Outmaneuver"],"picked":"Flechettes","floor":20},{"not_picked":["Caltrops","AT_ArcaneSupremacy","Quick Slash","MostiFishMod:ThornCasing","Distraction"],"picked":"SKIP","floor":22},{"not_picked":["Tactician","MostiFishMod:InvigoratingSolution+1","Prepared","Underhanded Strike","Burst"],"picked":"SKIP","floor":23},{"not_picked":["Quick Slash","AT_KneejerkReflex","Sucker Punch","Dagger Throw"],"picked":"Backflip","floor":25},{"not_picked":["Concentrate","Backflip","AT_WindFlip","Unload","Terror"],"picked":"SKIP","floor":27},{"not_picked":["Deadly Poison","Dodge and Roll","Poisoned Stab","AT_ArcaneSupremacy","All Out Attack+1"],"picked":"SKIP","floor":28},{"not_picked":["Dagger Throw","Tactician","Prepared","Blade Dance","Masterful Stab"],"picked":"SKIP","floor":30},{"not_picked":["PiercingWail","Tactician","Blade Dance","Underhanded Strike","Cloak And Dagger"],"picked":"SKIP","floor":31},{"not_picked":["Dagger Spray","Quick Slash","Cloak And Dagger","Poisoned Stab","Bane"],"picked":"SKIP","floor":35},{"not_picked":["Bouncing Flask+1","Poisoned Stab+1","Slice+1","Prepared","Outmaneuver"],"picked":"SKIP","floor":38},{"not_picked":["AT_Desolate","Quick Slash","MostiFishMod:PoisonShield","Crippling Poison","Finisher"],"picked":"SKIP","floor":41},{"not_picked":["Blade Dance","Terror","Underhanded Strike","AT_WindFlip","Sucker Punch"],"picked":"SKIP","floor":42},{"not_picked":["Blade Dance","AT_ThistleTea+1","AT_Desolate","Sucker Punch"],"picked":"Footwork","floor":44},{"not_picked":["Wraith Form v2","Quick Slash+1","Sucker Punch","Bane+1"],"picked":"Accuracy","floor":46},{"not_picked":["Predator","AT_Desolate","Crippling Poison+1","Backflip"],"picked":"Blur","floor":48},{"not_picked":["MostiFishMod:PoisonShield","AT_WindFlip+1","Terror","Cloak And Dagger","Slice"],"picked":"SKIP","floor":55}],"player_experience":706920,"relics_obtained":[{"floor":1,"key":"SynthV:TestCard"},{"floor":6,"key":"Kunai"},{"floor":8,"key":"PlaceholderMod:DeVermisMysteriis"},{"floor":10,"key":"Art of War"},{"floor":13,"key":"testmod-Motorcycle"},{"floor":23,"key":"Strawberry"},{"floor":25,"key":"AT_MibuBalloonWealth"},{"floor":26,"key":"PlaceholderMod:DaolothFragment"},{"floor":27,"key":"Whetstone"},{"floor":30,"key":"AT_SilverBalance"},{"floor":41,"key":"AT_ChloranthyRing"},{"floor":43,"key":"Shuriken"},{"floor":44,"key":"Anchor"},{"floor":46,"key":"Lizard Tail"},{"floor":55,"key":"Gambling Chip"}],"event_choices":[{"cards_removed":["Strike_G"],"damage_healed":0,"gold_gain":0,"player_choice":"Card Removal","damage_taken":0,"max_hp_gain":0,"max_hp_loss":0,"event_name":"The Cleric","floor":2,"gold_loss":75},{"damage_healed":0,"gold_gain":0,"cards_transformed":["Strike_G"],"player_choice":"Change","damage_taken":0,"max_hp_gain":0,"max_hp_loss":0,"event_name":"Living Wall","floor":3,"gold_loss":0,"cards_obtained":["MostiFishMod:GrandStart"]},{"damage_healed":0,"gold_gain":540,"player_choice":"GOLD GOLD GOLD GOLD GOLD GOLD ","damage_taken":57,"max_hp_gain":0,"max_hp_loss":0,"event_name":"Knowing Skull","floor":21,"potions_obtained":[],"gold_loss":0,"cards_obtained":[]},{"cards_removed":["Defend_G"],"damage_healed":0,"gold_gain":0,"player_choice":"Removed Skill","damage_taken":0,"max_hp_gain":0,"max_hp_loss":0,"event_name":"Falling","floor":36,"gold_loss":0},{"damage_healed":0,"gold_gain":0,"player_choice":"Fight","damage_taken":0,"max_hp_gain":0,"max_hp_loss":0,"event_name":"Mysterious Sphere","floor":46,"gold_loss":0},{"damage_healed":0,"gold_gain":0,"player_choice":"Ignored","damage_taken":0,"max_hp_gain":0,"max_hp_loss":0,"event_name":"Tomb of Lord Red Mask","floor":47,"gold_loss":0}],"is_beta":false,"boss_relics":[{"not_picked":["NightmareShop","Snecko Eye"],"picked":"PlaceholderMod:LiveLive"},{"not_picked":["BloodWine","testmod-Prudence"],"picked":"MoonlightInvasionPlan"}],"items_purged_floors":[19,37,37,39,54],"is_endless":false,"potions_floor_spawned":[5,6,8,12,18,20,23,25,31,38,41,48],"ascension_level":20}}