{"host":"baymyijz6sxaqj5s","time":1611143204,"event":{"mods":["AchievementEnabler","BaseMod","Colored Map","Colored Powertips","DeckTracker","Highlight Path","KOR Keyword Fix","Keyboard Shortcuts","Minty Spire (QoL Compilation)","StSLib","SuperFastMode","everything is the same but u backflip on backflip"],"gold_per_floor":[118,118,118,193,193,193,203,203,203,168,168,180,180,180,180,276,276,295,295,295,310,322,322,356,99,99,99,110,110,110],"floor_reached":29,"language":"KOR","playtime":497,"items_purged":[],"score":321,"play_id":"9ec863e4-d413-4ce6-8ba3-00a905c9d5d4","local_time":"20210120204644","is_ascension_mode":true,"campfire_choices":[{"data":"Dropkick","floor":6,"key":"SMITH"},{"data":"Heavy Blade","floor":8,"key":"SMITH"},{"data":"1","floor":11,"key":"LIFT"},{"data":"2","floor":13,"key":"LIFT"},{"data":"3","floor":15,"key":"LIFT"},{"floor":23,"key":"REST"},{"floor":27,"key":"REST"}],"circlet_count":0,"master_deck":["Strike_R+1","Strike_R+1","Strike_R+1","Strike_R+1","Defend_R+1","Defend_R+1","Defend_R+1","Defend_R+1","Bash","Dropkick+1","Heavy Blade+1","Thunderclap","Impervious+1","Body Slam","Spot Weakness+1","Shrug It Off+1","Armaments+1"],"relics":["Burning Blood","Girya","Toxic Egg 2","SacredBark","Pen Nib","Letter Opener","Potion Belt"],"acts_visited":["Exordium","TheCity"],"potions_floor_usage":[16],"damage_taken":[{"damage":16,"enemies":"Jaw Worm","floor":1,"turns":4},{"damage":1,"enemies":"Cultist","floor":7,"turns":3},{"damage":5,"enemies":"2 Louse","floor":12,"turns":2},{"damage":0,"enemies":"Slime Boss","floor":16,"turns":4},{"damage":35,"enemies":"2 Thieves","floor":18,"turns":4},{"damage":21,"enemies":"3 Byrds","floor":21,"turns":5},{"damage":12,"enemies":"3 Cultists","floor":22,"turns":4},{"damage":59,"enemies":"Gremlin Leader","floor":24,"turns":5},{"damage":31,"enemies":"Centurion and Healer","floor":28,"turns":7},{"damage":22,"enemies":"Chosen and Byrds","floor":29,"turns":4}],"seed_played":"4652163328822503187","potions_obtained":[{"floor":1,"key":"ElixirPotion"},{"floor":12,"key":"Strength Potion"}],"is_trial":false,"path_per_floor":["M","?","$","?","?","R","M","R","T","?","R","M","R","T","R","B",null,"M","?","?","M","M","R","E","$","T","R","M","M"],"character_chosen":"IRONCLAD","items_purchased":["Letter Opener"],"campfire_rested":2,"item_purchase_floors":[25],"current_hp_per_floor":[78,78,78,67,72,72,77,77,77,93,93,93,93,93,93,93,93,64,64,64,49,43,70,17,17,17,44,19,0,0],"gold":110,"neow_bonus":"TEN_PERCENT_HP_BONUS","is_daily":false,"chose_seed":false,"campfire_upgraded":2,"win_rate":0.0,"timestamp":1611143204,"path_taken":["M","?","?","?","?","R","M","R","T","?","R","?","R","?","R","BOSS","M","?","?","M","M","R","E","$","T","R","M","M"],"items_purchased_type":["Relic"],"build_version":"2020-12-22","purchased_purges":0,"victory":false,"max_hp_per_floor":[88,88,88,88,93,93,93,93,93,93,93,93,93,93,93,93,93,93,93,93,93,93,93,93,93,93,93,93,93,93],"card_choices":[{"not_picked":["Pummel","Headbutt","Rupture"],"picked":"SKIP","floor":1},{"not_picked":["Disarm","Armaments"],"picked":"Heavy Blade","floor":7},{"not_picked":["Wild Strike","Shockwave"],"picked":"Thunderclap","floor":12},{"not_picked":["Brutality","Reaper"],"picked":"Impervious+1","floor":16},{"not_picked":["Cleave","Twin Strike"],"picked":"Body Slam","floor":18},{"not_picked":["Body Slam","Perfected Strike","Twin Strike"],"picked":"SKIP","floor":21},{"not_picked":["Corruption","Cleave"],"picked":"Spot Weakness+1","floor":22},{"not_picked":["Disarm+1","Rage+1"],"picked":"Shrug It Off+1","floor":24},{"not_picked":["Metallicize","Body Slam"],"picked":"Armaments+1","floor":28}],"player_experience":66329,"relics_obtained":[{"floor":9,"key":"Girya"},{"floor":14,"key":"Toxic Egg 2"},{"floor":24,"key":"Pen Nib"},{"floor":26,"key":"Potion Belt"}],"event_choices":[{"damage_healed":0,"gold_gain":0,"cards_transformed":["Strike_R"],"player_choice":"Transformed","damage_taken":0,"max_hp_gain":0,"max_hp_loss":0,"event_name":"Transmorgrifier","floor":2,"gold_loss":0,"cards_obtained":["Dropkick"]},{"damage_healed":0,"gold_gain":75,"player_choice":"Gather Gold","damage_taken":11,"max_hp_gain":0,"max_hp_loss":0,"event_name":"World of Goop","floor":4,"gold_loss":0},{"damage_healed":0,"gold_gain":0,"player_choice":"Donut","damage_taken":0,"max_hp_gain":5,"max_hp_loss":0,"event_name":"Big Fish","floor":5,"gold_loss":0},{"damage_healed":23,"gold_gain":0,"player_choice":"Healed","damage_taken":0,"max_hp_gain":0,"max_hp_loss":0,"event_name":"The Cleric","floor":10,"gold_loss":35},{"damage_healed":0,"gold_gain":0,"player_choice":"Simplicity","damage_taken":0,"max_hp_gain":0,"max_hp_loss":0,"event_name":"Back to Basics","floor":19,"gold_loss":0,"cards_upgraded":["Strike_R","Strike_R","Strike_R","Strike_R","Defend_R","Defend_R","Defend_R","Defend_R"]},{"damage_healed":0,"gold_gain":0,"player_choice":"Ignored","damage_taken":0,"max_hp_gain":0,"max_hp_loss":0,"event_name":"The Mausoleum","floor":20,"gold_loss":0}],"is_beta":false,"boss_relics":[{"not_picked":["Fusion Hammer","Busted Crown"],"picked":"SacredBark"}],"items_purged_floors":[],"is_endless":false,"potions_floor_spawned":[1,12],"killed_by":"Chosen and Byrds","ascension_level":3}}