{"host":"28bpuzdckreop5i0","time":1611116897,"event":{"mods":["Aspiration","BaseMod","Challenge The Spire","Defuse TimeMaze Blight","Downfall","Energized Spire","GifTheSpireLib","Googly Eyes","Minty Spire (QoL Compilation)","Relic Stats","Shop Mod","Spicy Shops","StSLib","Stuff the Spire","The Awakened One except there are too many feathers","The IronCluck","Transform Curses","slay the spire mod where everything is the same but ironclad has a cowboy hat"],"gold_per_floor":[99,110,125,38,56,41,68,100,112,142,154,166,194,236,266,381,393,405,436,466,489,333,345,394,394,408,408,172,172,172,182,182,182,182],"floor_reached":32,"language":"ENG","playtime":1557,"items_purged":[],"score":246,"play_id":"b4cc65a6-000d-4181-b975-4a1717694554","local_time":"20210119222817","is_ascension_mode":false,"campfire_choices":[{"data":"bronze:ShipIt","floor":1,"key":"SMITH"},{"data":"bronze:BuggyMess","floor":12,"key":"SMITH"},{"data":"bronze:InfiniteLoop","floor":18,"key":"SMITH"},{"floor":27,"key":"REST"},{"floor":29,"key":"REST"}],"circlet_count":0,"master_deck":["bronze:Strike","bronze:Strike","bronze:Strike","bronze:Defend+1","bronze:Defend+1","bronze:Defend","bronze:Defend","bronze:Replicate","bronze:ShipIt+1","bronze:NullPointer","bronze:NullPointer","bronze:BuggyMess+1","bronze:MaxOutput+1","bronze:BronzeOrb","bronze:OilSpill","bronze:ChosenStrike","bronze:Break","bronze:DelayedGuard+1","bronze:Shield+1","bronze:InfiniteLoop+1","bronze:ItsAFeature","bronze:Turbo+1","bronze:BurnOut","bronze:BuggyMess+1","bronze:BurnOut","bronze:BugBarrage"],"relics":["bronze:BronzeCore","MawBank","Toxic Egg 2","energizedSpire:OgreHead","Orrery","War Paint","Happy Flower"],"acts_visited":["Exordium","TheCity"],"potions_floor_usage":[16,16,16,22],"damage_taken":[{"damage":4,"enemies":"Cultist","floor":2,"turns":4},{"damage":0,"enemies":"Jaw Worm","floor":3,"turns":3},{"damage":0,"enemies":"downfall:FleeingMerchant","floor":4,"turns":4},{"damage":0,"enemies":"2 Louse","floor":5,"turns":2},{"damage":0,"enemies":"downfall:FleeingMerchant","floor":6,"turns":4},{"damage":6,"enemies":"Exordium Thugs","floor":8,"turns":5},{"damage":6,"enemies":"2 Fungi Beasts","floor":10,"turns":2},{"damage":0,"enemies":"Lots of Slimes","floor":13,"turns":3},{"damage":26,"enemies":"Lagavulin","floor":14,"turns":6},{"damage":0,"enemies":"Large Slime","floor":15,"turns":3},{"damage":20,"enemies":"DF_ARCHETYPE_STREAMLINE","floor":16,"turns":9},{"damage":4,"enemies":"Shell Parasite","floor":19,"turns":5},{"damage":0,"enemies":"Chosen and Byrds","floor":20,"turns":3},{"damage":13,"enemies":"Snecko","floor":21,"turns":5},{"damage":5,"enemies":"downfall:FleeingMerchant","floor":22,"turns":4},{"damage":22,"enemies":"Sentry and Sphere","floor":23,"turns":4},{"damage":3,"enemies":"Snake Plant","floor":26,"turns":3},{"damage":6,"enemies":"downfall:FleeingMerchant","floor":28,"turns":4},{"damage":1,"enemies":"Centurion and Healer","floor":31,"turns":4},{"damage":60,"enemies":"3 Cultists","floor":32,"turns":5}],"seed_played":"9195489619545326993","potions_obtained":[{"floor":2,"key":"Guardian:BlockOnCardUsePotion"},{"floor":8,"key":"SpeedPotion"},{"floor":14,"key":"DistilledChaos"},{"floor":16,"key":"DuplicationPotion"},{"floor":19,"key":"SteroidPotion"},{"floor":23,"key":"FearPotion"},{"floor":31,"key":"bronze:FreeFunctionsPotion"}],"is_trial":false,"path_per_floor":["R","M","M","$","M","$","T","M","?","M","?","R","M","E","M","B",null,"R","M","M","M","$","M","T","?","M","R","$","R","?","M","M"],"character_chosen":"THE_AUTOMATON","items_purchased":["bronze:MaxOutput","Orrery","bronze:BurnOut","Happy Flower"],"campfire_rested":2,"item_purchase_floors":[4,22,28,28],"current_hp_per_floor":[70,66,66,66,66,66,66,60,60,54,54,54,54,28,28,8,70,70,66,66,53,48,26,26,26,23,44,38,59,59,58,0,0,0],"gold":182,"neow_bonus":"TRANSFORM_CARD","is_daily":false,"chose_seed":false,"campfire_upgraded":3,"win_rate":0.0,"timestamp":1611116897,"path_taken":["R","?","M","$","M","$","T","M","?","M","?","R","M","E","M","BOSS","R","M","M","M","$","M","T","?","M","R","?","R","?","?","M"],"items_purchased_type":["Card","Relic","Card","Relic"],"build_version":"2020-12-22","purchased_purges":0,"victory":false,"max_hp_per_floor":[70,70,70,70,70,70,70,70,70,70,70,70,70,70,70,70,70,70,70,70,70,70,70,70,70,70,70,70,70,70,70,70,70,70],"relic_stats":{"Happy Flower":[3],"counters":[20,82],"War Paint":["bronze:Defend","bronze:Defend"],"MawBank":180,"obtain_stats":[{"bronze:BronzeCore":0,"Happy Flower":28,"Orrery":22,"energizedSpire:OgreHead":17,"Toxic Egg 2":14,"War Paint":24,"MawBank":7},{"bronze:BronzeCore":0,"Happy Flower":18,"Orrery":15,"energizedSpire:OgreHead":11,"Toxic Egg 2":9,"War Paint":16,"MawBank":5},{"bronze:BronzeCore":0,"Happy Flower":73,"Orrery":62,"energizedSpire:OgreHead":45,"Toxic Egg 2":33,"War Paint":66,"MawBank":17}]},"card_choices":[{"not_picked":["bronze:BitShift","bronze:Deprecate"],"picked":"bronze:NullPointer","floor":2},{"not_picked":["bronze:Turbo","bronze:DelayedSlice"],"picked":"bronze:NullPointer","floor":3},{"not_picked":["bronze:Refactor","bronze:HyperBeam"],"picked":"bronze:BuggyMess","floor":4},{"not_picked":["bronze:Overheat","bronze:NullPointer"],"picked":"bronze:BronzeOrb","floor":5},{"not_picked":["bronze:Separator","bronze:FineTuning"],"picked":"bronze:OilSpill","floor":6},{"not_picked":["bronze:BitShift","bronze:Deprecate"],"picked":"bronze:ChosenStrike","floor":8},{"not_picked":["bronze:Shield","bronze:WildBeam"],"picked":"bronze:Break","floor":10},{"not_picked":["bronze:Repair","bronze:FollowUp","bronze:DelayedSlice"],"picked":"SKIP","floor":13},{"not_picked":["bronze:BugBarrage","bronze:CutThrough"],"picked":"bronze:DelayedGuard+1","floor":14},{"not_picked":["bronze:CloningBeam","bronze:WhirlingStrike"],"picked":"bronze:Shield+1","floor":15},{"not_picked":["bronze:ThunderWave","bronze:SpaghettiCode+1"],"picked":"bronze:InfiniteLoop","floor":16},{"not_picked":["bronze:DelayedGuard+1","bronze:Repair+1","bronze:Constructor+1"],"picked":"SKIP","floor":19},{"not_picked":["bronze:WildBeam","bronze:FollowUp","bronze:DelayedSlice"],"picked":"SKIP","floor":20},{"not_picked":["bronze:CloningBeam+1","bronze:Optimize","bronze:Turbo+1"],"picked":"SKIP","floor":21},{"not_picked":["bronze:DelayedGuard+1","bronze:ChildClass+1"],"picked":"bronze:ItsAFeature","floor":22},{"not_picked":["bronze:Boost+1","bronze:Allocate+1"],"picked":"bronze:Turbo+1","floor":22},{"not_picked":["bronze:ItsAFeature","bronze:Allocate+1"],"picked":"bronze:BurnOut","floor":22},{"not_picked":["bronze:Overload+1","bronze:BitShift+1"],"picked":"bronze:BuggyMess+1","floor":23},{"not_picked":["bronze:DelayedGuard+1","bronze:WhirlingStrike","bronze:BugBarrage+1"],"picked":"SKIP","floor":26},{"not_picked":["bronze:Overheat","bronze:ForceShield+1","bronze:BuggyMess+1"],"picked":"SKIP","floor":28},{"not_picked":["bronze:ItsAFeature","bronze:Frontload+1"],"picked":"bronze:BugBarrage","floor":31}],"player_experience":905751,"relics_obtained":[{"floor":7,"key":"MawBank"},{"floor":14,"key":"Toxic Egg 2"},{"floor":24,"key":"War Paint"}],"event_choices":[{"damage_healed":0,"gold_gain":0,"player_choice":"Grow","damage_taken":0,"max_hp_gain":0,"max_hp_loss":0,"event_name":"Living Wall","floor":11,"gold_loss":0,"cards_upgraded":["bronze:MaxOutput"]}],"is_beta":false,"boss_relics":[{"not_picked":["SacredBark","Black Star"],"picked":"energizedSpire:OgreHead"}],"items_purged_floors":[],"is_endless":false,"potions_floor_spawned":[2,8,14,16,19,23,31],"killed_by":"3 Cultists","ascension_level":0}}