{"host":"cxvb37eaaiijvrl4","time":1611116233,"event":{"mods":["ATMod(°¢èªMod)","BaseMod","Better Third Choice","Minty Spire (QoL Compilation)","MostiFishMod","Quick Restart","Rare Cards Sparkle","Shop Mod","Spicy Shops","StSLib","TestMod","Uncapped","²ÐÁôÖ®Îï"],"gold_per_floor":[113,113,38,54,68,68,99,99,126,146,161,196,216,243,243,316,316,328,103,28,28,46,74,88,88,112,124,155,155,155,167,167,243,243,256,275,125,140,140,140,165,165,165,195,215,215,242,260,260,260,260,260,260,260,292,317],"floor_reached":57,"language":"ZHS","playtime":1616,"items_purged":["Strike_R","Strike_R","Strike_R","Bash"],"score":3354,"play_id":"fb730783-df21-44e5-a697-a5b6443a1186","local_time":"20210119201713","is_ascension_mode":true,"campfire_choices":[{"data":"Body Slam","floor":6.0,"key":"SMITH"},{"data":"AT_BodySlamDance","floor":8.0,"key":"SMITH"},{"data":"MostiFishMod:#F4004","floor":15.0,"key":"SMITH"},{"data":"AT_BodySlamDance","floor":29.0,"key":"SMITH"},{"data":"Feel No Pain","floor":32.0,"key":"SMITH"},{"data":"Seeing Red","floor":40.0,"key":"SMITH"},{"data":"Burning Pact","floor":42.0,"key":"SMITH"},{"data":"AT_BodySlamDance","floor":46.0,"key":"SMITH"},{"floor":49.0,"key":"RECALL"},{"data":"Defend_R","floor":53.0,"key":"SMITH"}],"circlet_count":0,"master_deck":["AscendersBane","Defend_R","Defend_R","Defend_R","Defend_R+1","Burning Pact+1","Body Slam+1","AT_BodySlamDance+1","MostiFishMod:#F4004+1","Seeing Red+1","Feel No Pain+1","AT_BodySlamDance+1","MostiFishMod:#F4004+1","AT_BodySlamDance+1","Disarm+1","Entrench+1"],"relics":["Burning Blood","testmod-TestBox","DaveBox","AT_ATBox","GuanYuAspect","testmod-BouquetWithThorns","SynthV:TestCard","Centennial Puzzle","Blood Vial","Red Skull","Ornamental Fan","Transparent","Bronze Scales","Oddly Smooth Stone","testmod-LifeArmor","Pen Nib","Philosopher\u0027s Stone","Akabeko","Lantern","ThornShield","AT_MibuBalloonWealth"],"acts_visited":["Exordium","TheCity","TheBeyond","TheEnding"],"potions_floor_usage":[56],"damage_taken":[{"damage":7.0,"enemies":"Small Slimes","floor":1.0,"turns":4.0},{"damage":2.0,"enemies":"Cultist","floor":4.0,"turns":4.0},{"damage":9.0,"enemies":"Jaw Worm","floor":5.0,"turns":3.0},{"damage":31.0,"enemies":"Gremlin Nob","floor":7.0,"turns":4.0},{"damage":2.0,"enemies":"Lots of Slimes","floor":10.0,"turns":3.0},{"damage":8.0,"enemies":"Blue Slaver","floor":11.0,"turns":2.0},{"damage":8.0,"enemies":"Lagavulin","floor":12.0,"turns":7.0},{"damage":4.0,"enemies":"2 Fungi Beasts","floor":13.0,"turns":3.0},{"damage":7.0,"enemies":"3 Sentries","floor":14.0,"turns":4.0},{"damage":27.0,"enemies":"The Guardian","floor":16.0,"turns":5.0},{"damage":6.0,"enemies":"Chosen","floor":18.0,"turns":2.0},{"damage":6.0,"enemies":"3 Byrds","floor":22.0,"turns":2.0},{"damage":6.0,"enemies":"Slavers","floor":23.0,"turns":2.0},{"damage":3.0,"enemies":"Snake Plant","floor":24.0,"turns":1.0},{"damage":6.0,"enemies":"3 Cultists","floor":27.0,"turns":2.0},{"damage":6.0,"enemies":"Gremlin Leader","floor":28.0,"turns":2.0},{"damage":3.0,"enemies":"Centurion and Healer","floor":31.0,"turns":1.0},{"damage":6.0,"enemies":"Automaton","floor":33.0,"turns":2.0},{"damage":6.0,"enemies":"3 Darklings","floor":35.0,"turns":2.0},{"damage":6.0,"enemies":"Orb Walker","floor":36.0,"turns":2.0},{"damage":23.0,"enemies":"Spire Growth","floor":38.0,"turns":3.0},{"damage":9.0,"enemies":"Giant Head","floor":41.0,"turns":3.0},{"damage":6.0,"enemies":"Reptomancer","floor":44.0,"turns":2.0},{"damage":9.0,"enemies":"4 Shapes","floor":45.0,"turns":3.0},{"damage":9.0,"enemies":"Nemesis","floor":47.0,"turns":3.0},{"damage":9.0,"enemies":"Maw","floor":48.0,"turns":3.0},{"damage":12.0,"enemies":"Awakened One","floor":50.0,"turns":4.0},{"damage":12.0,"enemies":"Donu and Deca","floor":51.0,"turns":3.0},{"damage":3,"enemies":"Shield and Spear","floor":55,"turns":1},{"damage":16,"enemies":"The Heart","floor":56,"turns":5}],"seed_played":"-2395278980920021569","potions_obtained":[{"floor":1.0,"key":"EssenceOfSteel"},{"floor":4.0,"key":"Ancient Potion"},{"floor":10.0,"key":"Ancient Potion"},{"floor":12.0,"key":"Weak Potion"},{"floor":16.0,"key":"Ancient Potion"},{"floor":18.0,"key":"testmod-EscapePotion"},{"floor":31.0,"key":"SpeedPotion"},{"floor":44.0,"key":"DuplicationPotion"}],"is_trial":false,"path_per_floor":["M","?","$","M","M","R","E","R","T","M","M","E","M","E","R","B",null,"M","$","?","?","M","E","M","$","T","M","E","R","?","M","R","B",null,"M","M","$","M","$","R","E","R","T","E","M","R","E","M","R","B","B",null,"R","$","E","B",null],"character_chosen":"IRONCLAD","items_purchased":[],"campfire_rested":0,"item_purchase_floors":[],"current_hp_per_floor":[35,35,35,35,35,35,13,13,13,28,29,35,35,35,35,21,27,35,35,35,35,35,35,35,35,35,35,35,35,35,35,35,35,35,35,35,35,35,35,35,35,35,35,35,35,35,35,35,35,35,35,35,35,35,35,35],"gold":317,"neow_bonus":"TRANSFORM_TWO_CARDS","is_daily":false,"chose_seed":false,"campfire_upgraded":9,"win_rate":0.0,"timestamp":1611116233,"path_taken":["M","?","$","M","M","R","E","R","T","M","M","E","?","E","R","BOSS","M","$","?","?","?","E","M","$","T","M","E","R","?","M","R","BOSS","M","M","$","M","$","R","E","R","T","E","M","R","E","M","R","BOSS","BOSS","R","$","E","BOSS"],"items_purchased_type":[],"build_version":"2020-12-22","purchased_purges":4,"victory":true,"max_hp_per_floor":[35,35,35,35,35,35,35,35,35,35,35,35,35,35,35,35,35,35,35,35,35,35,35,35,35,35,35,35,35,35,35,35,35,35,35,35,35,35,35,35,35,35,35,35,35,35,35,35,35,35,35,35,35,35,35,35],"card_choices":[{"not_picked":["Uppercut","MostiFishMod:#F4004"],"picked":"Body Slam","floor":1.0},{"not_picked":["Warcry","Perfected Strike","Clothesline","Hemokinesis","AT_IchimonjiDouble"],"picked":"SKIP","floor":4.0},{"not_picked":["Pommel Strike","Body Slam","Thunderclap","Iron Wave","AT_BodySlamDance"],"picked":"SKIP","floor":5.0},{"not_picked":["Twin Strike","AT_DiedThrough","AT_BodySlamDance","Perfected Strike","True Grit"],"picked":"SKIP","floor":7.0},{"not_picked":["Twin Strike","AT_DiedThrough","Perfected Strike","True Grit"],"picked":"AT_BodySlamDance","floor":7.0},{"not_picked":["Armaments","Thunderclap","Limit Break","AT_IchimonjiDouble","AT_ManFootWork"],"picked":"SKIP","floor":10.0},{"not_picked":["AT_IchimonjiDouble","Pummel","Flex","Intimidate","Wild Strike"],"picked":"SKIP","floor":11.0},{"not_picked":["AT_IchimonjiDouble","Wild Strike","Shrug It Off","Anger"],"picked":"MostiFishMod:#F4004","floor":12.0},{"not_picked":["True Grit","Shrug It Off","Metallicize","Rampage","Double Tap"],"picked":"SKIP","floor":13.0},{"not_picked":["Reckless Charge","Anger","Iron Wave","Disarm"],"picked":"Seeing Red","floor":14.0},{"not_picked":["Perfected Strike","MostiFishMod:BrandingRite","Clash","Havoc","Twin Strike"],"picked":"SKIP","floor":18.0},{"not_picked":["Ghostly Armor","Metallicize","Pummel","Sever Soul","Havoc"],"picked":"SKIP","floor":22.0},{"not_picked":["Dropkick","Twin Strike","Armaments","Headbutt"],"picked":"Feel No Pain","floor":23.0},{"not_picked":["Thunderclap+1","Perfected Strike","MostiFishMod:KnuckleDown","Inflame","Twin Strike"],"picked":"SKIP","floor":24.0},{"not_picked":["Clash","Pummel","Flame Barrier","Thunderclap","Warcry"],"picked":"SKIP","floor":27.0},{"not_picked":["Battle Trance","Exhume","Flex","MostiFishMod:DarkDeal"],"picked":"AT_BodySlamDance","floor":28.0},{"not_picked":["Pummel","Heavy Blade","Spot Weakness","Flex","Body Slam"],"picked":"SKIP","floor":31.0},{"not_picked":["Metallicize","Armaments+1","AT_BodySlamDance+1","Flex","Wild Strike"],"picked":"SKIP","floor":35.0},{"not_picked":["Dark Embrace+1","Havoc","Bloodletting+1","Whirlwind"],"picked":"MostiFishMod:#F4004+1","floor":36.0},{"not_picked":["Inflame","Shrug It Off","Power Through","MostiFishMod:BrandingRite","Clash+1"],"picked":"SKIP","floor":38.0},{"not_picked":["Shrug It Off+1","AT_DrawKnifeCut","Sword Boomerang","Body Slam","Havoc+1"],"picked":"SKIP","floor":41.0},{"not_picked":["Clash","Corruption","Dual Wield","MostiFishMod:UltimateDefense","Thunderclap"],"picked":"SKIP","floor":44.0},{"not_picked":["Shrug It Off+1","MostiFishMod:BrandingRite","Battle Trance","Uppercut"],"picked":"AT_BodySlamDance","floor":45.0},{"not_picked":["Sword Boomerang","Warcry+1","Immolate","Anger","Hemokinesis"],"picked":"SKIP","floor":47.0},{"not_picked":["Shrug It Off","Twin Strike","Iron Wave+1","Body Slam"],"picked":"Disarm+1","floor":48.0},{"not_picked":["Sword Boomerang","MostiFishMod:Chiaki","True Grit","Bloodletting"],"picked":"Entrench+1","floor":55}],"player_experience":701831,"relics_obtained":[{"floor":1.0,"key":"SynthV:TestCard"},{"floor":7.0,"key":"Centennial Puzzle"},{"floor":9.0,"key":"Blood Vial"},{"floor":12.0,"key":"Red Skull"},{"floor":14.0,"key":"Ornamental Fan"},{"floor":23.0,"key":"Oddly Smooth Stone"},{"floor":26.0,"key":"testmod-LifeArmor"},{"floor":28.0,"key":"Pen Nib"},{"floor":41.0,"key":"Akabeko"},{"floor":44.0,"key":"Lantern"},{"floor":47.0,"key":"ThornShield"},{"floor":55,"key":"AT_MibuBalloonWealth"}],"event_choices":[{"damage_healed":0.0,"max_hp_gain":0.0,"max_hp_loss":0.0,"gold_gain":0.0,"event_name":"Match and Keep!","player_choice":"0 cards matched","floor":2.0,"gold_loss":0.0,"damage_taken":0.0,"cards_obtained":[]},{"cards_removed":["MostiFishMod:KnuckleDown"],"damage_healed":0.0,"max_hp_gain":0.0,"max_hp_loss":0.0,"gold_gain":0.0,"event_name":"Beggar","player_choice":"Gave Gold","floor":20.0,"gold_loss":75.0,"damage_taken":0.0},{"damage_healed":0.0,"max_hp_gain":0.0,"max_hp_loss":0.0,"gold_gain":0.0,"event_name":"WeMeetAgain","player_choice":"Gave Potion","floor":21.0,"gold_loss":0.0,"damage_taken":0.0,"relics_obtained":["Bronze Scales"]},{"damage_healed":0.0,"max_hp_gain":0.0,"max_hp_loss":0.0,"gold_gain":0.0,"event_name":"Ghosts","player_choice":"Ignored","floor":30.0,"gold_loss":0.0,"damage_taken":0.0}],"is_beta":false,"boss_relics":[{"not_picked":["ExusiaiGun","EE1DDrone"],"picked":"Transparent"},{"not_picked":["TakeMeEscape","SlaversCollar"],"picked":"Philosopher\u0027s Stone"}],"items_purged_floors":[3,19,19,37],"is_endless":false,"potions_floor_spawned":[1,4,10,12,16,18,23,31,36,44,45,47,48],"ascension_level":20}}