{"host":"qekv59dthhdg54sz","time":1611104702,"event":{"mods":["AchievementEnabler","BaseMod","Colored Map","DeckTracker","KOR Keyword Fix","Minty Spire (QoL Compilation)","Rare Cards Sparkle","StSLib","SuperFastMode"],"gold_per_floor":[112,112,112,123,36,36,36,66,89,89,89,124,199,209,209,286,286,306,306,231,251,265,265,297,297,297,327,338,338,367,206,206,280,280,297,297,309,130,146,171,181,181,229,71,71,96,96,122,122,122,122],"floor_reached":50,"language":"KOR","playtime":1677,"items_purged":["Defend_P","Strike_P"],"score":1484,"play_id":"f8111c25-0522-4eb3-8c10-3f7ba9b1c53c","local_time":"20210120100502","is_ascension_mode":true,"campfire_choices":[{"data":"Eruption","floor":6.0,"key":"SMITH"},{"data":"MentalFortress","floor":11.0,"key":"SMITH"},{"data":"InnerPeace","floor":15.0,"key":"SMITH"},{"data":"Vault","floor":23.0,"key":"SMITH"},{"data":"Meditate","floor":25.0,"key":"SMITH"},{"floor":29.0,"key":"REST"},{"data":"Tantrum","floor":32.0,"key":"SMITH"},{"data":"Adaptation","floor":49,"key":"SMITH"}],"circlet_count":0,"master_deck":["AscendersBane","Eruption+1","Vigilance","SashWhip","EmptyFist","MentalFortress+1","Judgement","InnerPeace+1","Tantrum+1","Vault+1","Meditate+1","BattleHymn+1","EmptyMind","EmptyMind","Adaptation+1","TalkToTheHand+1"],"relics":["HolyWater","NeowsBlessing","Gremlin Horn","Anchor","Juzu Bracelet","Bag of Preparation","Lantern","Lizard Tail","InkBottle","Singing Bowl","Empty Cage","Thread and Needle","PreservedInsect","Pen Nib","Ornamental Fan","StrikeDummy"],"acts_visited":["Exordium","TheCity","TheBeyond"],"potions_floor_usage":[],"damage_taken":[{"damage":0.0,"enemies":"Small Slimes","floor":1.0,"turns":1.0},{"damage":0.0,"enemies":"Jaw Worm","floor":4.0,"turns":1.0},{"damage":0.0,"enemies":"Lagavulin","floor":8.0,"turns":1.0},{"damage":0.0,"enemies":"Gremlin Nob","floor":12.0,"turns":3.0},{"damage":0.0,"enemies":"2 Louse","floor":14.0,"turns":2.0},{"damage":33.0,"enemies":"The Guardian","floor":16.0,"turns":12.0},{"damage":0.0,"enemies":"3 Byrds","floor":18.0,"turns":3.0},{"damage":8.0,"enemies":"Shell Parasite","floor":21.0,"turns":6.0},{"damage":0.0,"enemies":"Centurion and Healer","floor":22.0,"turns":6.0},{"damage":0.0,"enemies":"Slavers","floor":24.0,"turns":5.0},{"damage":0.0,"enemies":"Gremlin Leader","floor":27.0,"turns":5.0},{"damage":17.0,"enemies":"Shelled Parasite and Fungi","floor":28.0,"turns":5.0},{"damage":2.0,"enemies":"Book of Stabbing","floor":30.0,"turns":5.0},{"damage":37.0,"enemies":"Automaton","floor":33.0,"turns":9.0},{"damage":0.0,"enemies":"3 Darklings","floor":35.0,"turns":4.0},{"damage":0.0,"enemies":"Orb Walker","floor":37.0,"turns":3.0},{"damage":0.0,"enemies":"Sphere and 2 Shapes","floor":39.0,"turns":3.0},{"damage":0.0,"enemies":"Reptomancer","floor":40.0,"turns":6.0},{"damage":0.0,"enemies":"Maw","floor":41.0,"turns":7.0},{"damage":18,"enemies":"Nemesis","floor":46,"turns":5},{"damage":0,"enemies":"Reptomancer","floor":48,"turns":4},{"damage":32,"enemies":"Awakened One","floor":50,"turns":11}],"seed_played":"6044054193687104893","potions_obtained":[{"floor":1.0,"key":"SteroidPotion"},{"floor":4.0,"key":"SkillPotion"},{"floor":12.0,"key":"EntropicBrew"},{"floor":14.0,"key":"SpeedPotion"},{"floor":16.0,"key":"LiquidMemories"},{"floor":18.0,"key":"Explosive Potion"},{"floor":22.0,"key":"Block Potion"},{"floor":30.0,"key":"Strength Potion"},{"floor":35.0,"key":"Explosive Potion"}],"is_trial":false,"path_per_floor":["M","?","T","M","$","R","$","E","T","?","R","E","?","M","R","B",null,"M","?","?","M","M","R","E","R","T","E","M","R","E","$","R","B",null,"M","?","M","$","M","E","M","?","T","$","$","E","$","E","R","B"],"character_chosen":"WATCHER","items_purchased":["MentalFortress","EmptyMind","Adaptation","Pen Nib"],"campfire_rested":1,"item_purchase_floors":[5,31,38,44],"current_hp_per_floor":[61,54,54,54,54,54,54,54,54,54,54,54,43,43,43,10,54,54,54,54,46,46,46,46,46,46,46,29,49,49,49,49,14,58,60,60,62,62,64,66,66,66,66,66,66,50,50,52,52,20,20],"gold":122,"neow_bonus":"THREE_ENEMY_KILL","is_daily":false,"chose_seed":true,"campfire_upgraded":7,"win_rate":0.0,"timestamp":1611104702,"path_taken":["M","?","?","M","$","R","$","E","T","?","R","E","?","M","R","BOSS","M","?","?","M","M","R","E","R","T","E","M","R","E","$","R","BOSS","M","?","M","$","M","E","M","?","T","?","$","E","$","E","R","BOSS"],"items_purchased_type":["Card","Card","Card","Relic"],"build_version":"2020-12-22","purchased_purges":2,"victory":false,"max_hp_per_floor":[68,68,68,68,68,68,68,68,68,68,68,68,68,68,68,68,68,68,68,68,68,68,68,68,68,68,68,68,68,70,70,70,72,72,74,74,76,76,78,80,80,80,80,80,80,82,82,84,84,84,84],"card_choices":[{"not_picked":["EmptyBody","JustLucky"],"picked":"SashWhip","floor":1.0},{"not_picked":["BowlingBash","FlurryOfBlows"],"picked":"EmptyFist","floor":4.0},{"not_picked":["Weave","Sanctity"],"picked":"Judgement","floor":8.0},{"not_picked":["FlurryOfBlows","Vengeance"],"picked":"InnerPeace","floor":12.0},{"not_picked":["Consecrate","FlurryOfBlows"],"picked":"Tantrum","floor":14.0},{"not_picked":["SpiritShield","Brilliance"],"picked":"Vault","floor":16.0},{"not_picked":["EmptyFist","EmptyBody","Wireheading"],"picked":"SKIP","floor":18.0},{"not_picked":["Protect","Indignation","FollowUp"],"picked":"SKIP","floor":21.0},{"not_picked":["Vengeance","Swivel"],"picked":"Meditate","floor":22.0},{"not_picked":["Conclude","FlurryOfBlows","Consecrate"],"picked":"SKIP","floor":24.0},{"not_picked":["ClearTheMind","CrushJoints","Worship+1"],"picked":"SKIP","floor":27.0},{"not_picked":["FlyingSleeves","CrushJoints"],"picked":"BattleHymn+1","floor":28.0},{"not_picked":["FlyingSleeves","EmptyFist","Omniscience"],"picked":"Singing Bowl","floor":30.0},{"not_picked":["SpiritShield","Wish","Judgement"],"picked":"Singing Bowl","floor":33.0},{"not_picked":["Swivel","Collect+1","CrushJoints"],"picked":"Singing Bowl","floor":35.0},{"not_picked":["EmptyBody+1","FollowUp","Indignation+1"],"picked":"Singing Bowl","floor":37.0},{"not_picked":["CrushJoints","EmptyMind","WaveOfTheHand"],"picked":"Singing Bowl","floor":39.0},{"not_picked":["Sanctity","SpiritShield","Prostrate"],"picked":"Singing Bowl","floor":40.0},{"not_picked":["Evaluate","SashWhip+1"],"picked":"TalkToTheHand+1","floor":41.0},{"not_picked":["CrushJoints+1","DevaForm","Evaluate"],"picked":"Singing Bowl","floor":46},{"not_picked":["Crescendo","PathToVictory","SashWhip"],"picked":"Singing Bowl","floor":48}],"player_experience":777870,"relics_obtained":[{"floor":3.0,"key":"Gremlin Horn"},{"floor":8.0,"key":"Anchor"},{"floor":9.0,"key":"Juzu Bracelet"},{"floor":12.0,"key":"Bag of Preparation"},{"floor":24.0,"key":"Lantern"},{"floor":26.0,"key":"Lizard Tail"},{"floor":27.0,"key":"InkBottle"},{"floor":30.0,"key":"Singing Bowl"},{"floor":40.0,"key":"Thread and Needle"},{"floor":43,"key":"PreservedInsect"},{"floor":46,"key":"Ornamental Fan"},{"floor":48,"key":"StrikeDummy"}],"event_choices":[{"cards_removed":["Strike_P"],"damage_healed":0.0,"max_hp_gain":0.0,"max_hp_loss":0.0,"gold_gain":0.0,"event_name":"Golden Wing","player_choice":"Card Removal","floor":2.0,"gold_loss":0.0,"damage_taken":7.0},{"cards_removed":["Strike_P"],"damage_healed":0.0,"max_hp_gain":0.0,"max_hp_loss":0.0,"gold_gain":0.0,"event_name":"Living Wall","player_choice":"Forget","floor":10.0,"gold_loss":0.0,"damage_taken":0.0},{"damage_healed":0.0,"max_hp_gain":0.0,"max_hp_loss":0.0,"gold_gain":75.0,"event_name":"World of Goop","player_choice":"Gather Gold","floor":13.0,"gold_loss":0.0,"damage_taken":11.0},{"damage_healed":0.0,"max_hp_gain":0.0,"max_hp_loss":0.0,"gold_gain":0.0,"event_name":"Vampires","player_choice":"Ignored","floor":19.0,"gold_loss":0.0,"damage_taken":0.0},{"cards_removed":["Defend_P"],"damage_healed":0.0,"max_hp_gain":0.0,"max_hp_loss":0.0,"gold_gain":0.0,"event_name":"Beggar","player_choice":"Gave Gold","floor":20.0,"gold_loss":75.0,"damage_taken":0.0},{"damage_healed":0.0,"max_hp_gain":0.0,"max_hp_loss":0.0,"gold_gain":0.0,"event_name":"Match and Keep!","player_choice":"1 cards matched","floor":36.0,"gold_loss":0.0,"damage_taken":0.0,"cards_obtained":["EmptyMind"]},{"cards_removed":["Strike_P"],"damage_healed":0,"gold_gain":0,"player_choice":"Offered Basic","damage_taken":0,"max_hp_gain":0,"max_hp_loss":0,"event_name":"Bonfire Elementals","floor":42,"gold_loss":0}],"is_beta":false,"boss_relics":[{"not_picked":["Pandora\u0027s Box","Sozu"],"picked":"HolyWater"},{"not_picked":["Velvet Choker","Philosopher\u0027s Stone"],"picked":"Empty Cage"}],"items_purged_floors":[31,38],"is_endless":false,"potions_floor_spawned":[1,4,12,14,16,18,22,30,35,39,40,46],"killed_by":"Awakened One","ascension_level":20}}