{"host":"ojme7g6xlqwffsso","time":1611122334,"event":{"mods":["BaseMod","Downfall","Minty Spire (QoL Compilation)","StSLib"],"gold_per_floor":[99,117,417,432,447,458,507,551,551,565,565,465,481,513,528,528,528,528],"floor_reached":16,"language":"ENG","playtime":597,"items_purged":[],"score":130,"play_id":"99ae3399-0589-4cac-b167-56c203f148ec","local_time":"20210120145854","is_ascension_mode":true,"campfire_choices":[{"data":"bronze:Replicate","floor":1,"key":"SMITH"},{"data":"bronze:Goto","floor":12,"key":"SMITH"}],"circlet_count":0,"master_deck":["bronze:Strike","bronze:Strike","bronze:Strike","bronze:Strike","bronze:Defend","bronze:Defend","bronze:Defend","bronze:Defend","bronze:Replicate+1","bronze:Goto+1","bronze:Shield","bronze:Return","bronze:BronzeOrb","bronze:Frontload"],"relics":["Busted Crown","Happy Flower","CeramicFish","Spirit Poop","downfall:HeartBlessingGreen","Juzu Bracelet"],"acts_visited":["Exordium"],"potions_floor_usage":[16],"damage_taken":[{"damage":2,"enemies":"Jaw Worm","floor":2,"turns":3},{"damage":3,"enemies":"2 Louse","floor":4,"turns":2},{"damage":0,"enemies":"Cultist","floor":5,"turns":4},{"damage":3,"enemies":"Blue Slaver","floor":6,"turns":3},{"damage":49,"enemies":"3 Sentries","floor":8,"turns":14},{"damage":5,"enemies":"Lots of Slimes","floor":10,"turns":5},{"damage":0,"enemies":"Blue Slaver","floor":13,"turns":5},{"damage":2,"enemies":"Lagavulin","floor":14,"turns":6},{"damage":0,"enemies":"Large Slime","floor":15,"turns":7},{"damage":11,"enemies":"IC_STATUS_ARCHETYPE","floor":16,"turns":8}],"seed_played":"8382093330590771989","potions_obtained":[{"floor":4,"key":"FearPotion"},{"floor":6,"key":"SteroidPotion"},{"floor":8,"key":"Block Potion"}],"is_trial":false,"path_per_floor":["R","M","?","M","M","M","T","E","?","M","?","R","M","E","M","B"],"character_chosen":"THE_AUTOMATON","items_purchased":[],"campfire_rested":0,"item_purchase_floors":[],"current_hp_per_floor":[70,68,68,65,65,62,62,13,13,8,8,8,8,6,6,0,0,0],"gold":528,"neow_bonus":"BOSS_RELIC","is_daily":false,"chose_seed":false,"campfire_upgraded":2,"win_rate":0.0,"timestamp":1611122334,"path_taken":["R","M","?","M","M","M","T","E","?","?","?","R","?","E","M","BOSS"],"items_purchased_type":[],"build_version":"2020-12-22","purchased_purges":0,"victory":false,"max_hp_per_floor":[70,70,70,70,70,70,70,70,70,70,70,70,70,70,70,70,70,70],"card_choices":[{"not_picked":["bronze:FineTuning"],"picked":"SKIP","floor":2},{"not_picked":[],"picked":"bronze:Shield","floor":4},{"not_picked":[],"picked":"bronze:Return","floor":5},{"not_picked":[],"picked":"bronze:BronzeOrb","floor":6},{"not_picked":[],"picked":"bronze:Frontload","floor":8},{"not_picked":["bronze:Frontload"],"picked":"SKIP","floor":10},{"not_picked":["bronze:BitShift"],"picked":"SKIP","floor":13},{"not_picked":["bronze:Hardcode"],"picked":"SKIP","floor":14},{"not_picked":["bronze:ClassDefault"],"picked":"SKIP","floor":15}],"player_experience":894784,"relics_obtained":[{"floor":7,"key":"Happy Flower"},{"floor":8,"key":"CeramicFish"},{"floor":14,"key":"Juzu Bracelet"}],"event_choices":[{"cards_removed":["downfall:Icky"],"damage_healed":0,"gold_gain":0,"player_choice":"Offered Curse","damage_taken":0,"relics_obtained":["Spirit Poop"],"max_hp_gain":0,"max_hp_loss":0,"event_name":"Bonfire Elementals","floor":11,"gold_loss":0}],"is_beta":false,"boss_relics":[],"items_purged_floors":[],"is_endless":false,"potions_floor_spawned":[4,6,8,14],"killed_by":"IC_STATUS_ARCHETYPE","ascension_level":3}}