{"host":"jik2t8ix0jx4gxjb","time":1611183699,"event":{"mods":["AchievementEnabler","BaseMod","Colored Map","Colored Powertips","Hermit","Highlight Path","Minty Spire (QoL Compilation)","Shop Mod","StSLib","SuperFastMode"],"gold_per_floor":[1000000,1000000,1000000,1000000,1000000,1000000,1000000,1000000,1000000,1000000,1000000,1000000,1000000,1000000,1000000,1000000,1000000,1000000,1000000,1000000,1000000,1000000,1000000,1000000,1000000,1000000,1000000,1000000,1000000,1000000,1000000,1000000,1000000,1000000,1000000,1000000,1000000,1000000,1000000,1000000,1000000,1000000,1000000,1000000,1000000,1000000,1000000,1000000,1000000,1000000],"floor_reached":51,"language":"KOR","playtime":1221,"items_purged":["Defend_P","Defend_P"],"score":1139,"play_id":"30ac9490-76c4-4e1d-89ee-7b1f6ca91caf","local_time":"20210121080139","is_ascension_mode":true,"campfire_choices":[{"data":"Strike_P","floor":6,"key":"SMITH"},{"data":"Strike_P","floor":10,"key":"SMITH"},{"data":"Strike_P","floor":15,"key":"SMITH"},{"data":"Defend_P","floor":32,"key":"SMITH"},{"data":"Defend_P","floor":40,"key":"SMITH"},{"data":"Eruption","floor":47,"key":"SMITH"},{"data":"Vigilance","floor":49,"key":"SMITH"}],"circlet_count":0,"master_deck":["Strike_P+1","Strike_P+1","Strike_P+1","Strike_P+1","Defend_P+1","Defend_P+1","Eruption+1","Vigilance+1","Strike_P+1","Regret"],"relics":["PureWater","DollysMirror","Toy Ornithopter","Potion Belt","HandDrill","HornCleat","Anchor","Black Star","Meat on the Bone","Incense Burner","Membership Card","Pen Nib","Tiny Chest","Matryoshka","Mummified Hand","Letter Opener","Centennial Puzzle","Lizard Tail","Pear","Du-Vu Doll","WingedGreaves","MerchantsRug","White Beast Statue","Bronze Scales","Ornamental Fan","CaptainsWheel","TungstenRod","Old Coin","PreservedInsect","Juzu Bracelet","InkBottle","Ginger","Strange Spoon","Dead Branch","Damaru"],"acts_visited":["Exordium","TheCity","TheBeyond"],"potions_floor_usage":[50,50,50,50,50],"damage_taken":[{"damage":0,"enemies":"Small Slimes","floor":1,"turns":3},{"damage":23,"enemies":"Jaw Worm","floor":3,"turns":6},{"damage":0,"enemies":"2 Louse","floor":5,"turns":2},{"damage":11,"enemies":"Exordium Thugs","floor":7,"turns":4},{"damage":37,"enemies":"Lagavulin","floor":8,"turns":4},{"damage":4,"enemies":"3 Louse","floor":11,"turns":2},{"damage":16,"enemies":"Gremlin Nob","floor":12,"turns":3},{"damage":0,"enemies":"Looter","floor":14,"turns":2},{"damage":30,"enemies":"Hexaghost","floor":16,"turns":6},{"damage":0,"enemies":"Shell Parasite","floor":18,"turns":3},{"damage":0,"enemies":"Chosen","floor":20,"turns":3},{"damage":12,"enemies":"Snecko","floor":22,"turns":3},{"damage":67,"enemies":"Gremlin Leader","floor":23,"turns":3},{"damage":10,"enemies":"Shelled Parasite and Fungi","floor":24,"turns":3},{"damage":39,"enemies":"Slavers","floor":25,"turns":3},{"damage":4,"enemies":"Book of Stabbing","floor":27,"turns":3},{"damage":51,"enemies":"Slavers","floor":29,"turns":4},{"damage":0,"enemies":"Snake Plant","floor":30,"turns":2},{"damage":3,"enemies":"Centurion and Healer","floor":31,"turns":2},{"damage":69,"enemies":"Collector","floor":33,"turns":4},{"damage":76,"enemies":"3 Darklings","floor":35,"turns":3},{"damage":17,"enemies":"3 Shapes","floor":36,"turns":2},{"damage":20,"enemies":"3 Darklings","floor":37,"turns":3},{"damage":0,"enemies":"Jaw Worm Horde","floor":38,"turns":3},{"damage":65,"enemies":"Reptomancer","floor":41,"turns":4},{"damage":34,"enemies":"4 Shapes","floor":42,"turns":3},{"damage":95,"enemies":"Nemesis","floor":44,"turns":5},{"damage":1,"enemies":"Sphere and 2 Shapes","floor":46,"turns":3},{"damage":35,"enemies":"Donu and Deca","floor":50,"turns":6}],"seed_played":"1188421313073528894","potions_obtained":[{"floor":7,"key":"FearPotion"},{"floor":38,"key":"CultistPotion"},{"floor":42,"key":"StancePotion"}],"is_trial":false,"path_per_floor":["M","?","M","$","M","R","M","E","T","R","M","E","$","M","R","B",null,"M","?","M","$","M","E","M","E","T","E","$","E","M","M","R","B",null,"M","M","M","M","$","R","E","M","T","E","$","M","R","?","R","B",null],"character_chosen":"WATCHER","items_purchased":["DollysMirror","LiquidBronze","EssenceOfSteel","EssenceOfSteel","HandDrill","HornCleat","Anchor","StancePotion","FearPotion","Meat on the Bone","Incense Burner","Membership Card","Swift Potion","Du-Vu Doll","WingedGreaves","MerchantsRug","Ornamental Fan","CaptainsWheel","CultistPotion","Strange Spoon","Dead Branch","Damaru"],"campfire_rested":0,"item_purchase_floors":[4,4,4,4,13,13,13,13,13,21,21,21,21,28,28,28,39,39,39,45,45,45],"current_hp_per_floor":[72,72,72,72,72,72,72,72,72,72,72,72,72,72,72,72,72,72,72,72,72,72,72,72,72,72,82,82,82,82,82,82,82,82,82,82,82,82,82,82,82,82,82,82,82,82,82,82,82,82],"gold":1000000,"neow_bonus":"HUNDRED_GOLD","is_daily":false,"chose_seed":false,"campfire_upgraded":7,"win_rate":0.0,"timestamp":1611183699,"path_taken":["M","?","M","$","M","R","M","E","T","R","M","E","$","M","R","BOSS","M","?","M","$","M","E","M","E","T","E","$","E","M","M","R","BOSS","M","M","M","M","$","R","E","M","T","E","$","M","R","?","R","BOSS"],"items_purchased_type":["Relic","Potion","Potion","Potion","Relic","Relic","Relic","Potion","Potion","Relic","Relic","Relic","Potion","Relic","Relic","Relic","Relic","Relic","Potion","Relic","Relic","Relic"],"build_version":"2020-12-22","purchased_purges":2,"victory":true,"max_hp_per_floor":[72,72,72,72,72,72,72,72,72,72,72,72,72,72,72,72,72,72,72,72,72,72,72,72,72,72,82,82,82,82,82,82,82,82,82,82,82,82,82,82,82,82,82,82,82,82,82,82,82,82],"card_choices":[{"not_picked":["ReachHeaven","Weave","BowlingBash"],"picked":"SKIP","floor":1},{"not_picked":["Crescendo","Worship","ThirdEye"],"picked":"SKIP","floor":3},{"not_picked":["LikeWater","EmptyBody","Vengeance"],"picked":"SKIP","floor":5},{"not_picked":["Adaptation","TalkToTheHand","Sanctity"],"picked":"SKIP","floor":7},{"not_picked":["PathToVictory","Halt","EmptyBody"],"picked":"SKIP","floor":8},{"not_picked":["Prostrate","Protect","FollowUp"],"picked":"SKIP","floor":11},{"not_picked":["TalkToTheHand","Fasting2","WheelKick"],"picked":"SKIP","floor":12},{"not_picked":["Halt","BattleHymn","Evaluate"],"picked":"SKIP","floor":14},{"not_picked":["FollowUp","FlyingSleeves","Wallop"],"picked":"SKIP","floor":18},{"not_picked":["Evaluate","ThirdEye","ForeignInfluence"],"picked":"SKIP","floor":20},{"not_picked":["Halt","Protect+1","WreathOfFlame"],"picked":"SKIP","floor":22},{"not_picked":["FlyingSleeves","Scrawl","Evaluate"],"picked":"SKIP","floor":23},{"not_picked":["Protect","Swivel+1","PathToVictory"],"picked":"SKIP","floor":24},{"not_picked":["FollowUp","FlurryOfBlows","Crescendo"],"picked":"SKIP","floor":25},{"not_picked":["Worship","Collect","SpiritShield"],"picked":"SKIP","floor":27},{"not_picked":["Prostrate","JustLucky","ClearTheMind"],"picked":"SKIP","floor":29},{"not_picked":["WreathOfFlame+1","Halt","CutThroughFate"],"picked":"SKIP","floor":30},{"not_picked":["Weave","Evaluate","PathToVictory"],"picked":"SKIP","floor":31},{"not_picked":["FlyingSleeves","Halt+1","FlurryOfBlows"],"picked":"SKIP","floor":35},{"not_picked":["PathToVictory+1","CrushJoints+1","Protect+1"],"picked":"SKIP","floor":36},{"not_picked":["Wireheading+1","Consecrate+1","ThirdEye"],"picked":"SKIP","floor":37},{"not_picked":["WaveOfTheHand","ThirdEye","Judgement"],"picked":"SKIP","floor":38},{"not_picked":["Ragnarok","SashWhip+1","BowlingBash"],"picked":"SKIP","floor":41},{"not_picked":["Prostrate","WreathOfFlame+1","FlyingSleeves"],"picked":"SKIP","floor":42},{"not_picked":["Collect+1","Omniscience","SashWhip"],"picked":"SKIP","floor":44},{"not_picked":["CarveReality+1","ReachHeaven+1","PathToVictory"],"picked":"SKIP","floor":46}],"player_experience":112288,"relics_obtained":[{"floor":9,"key":"Toy Ornithopter"},{"floor":12,"key":"Potion Belt"},{"floor":23,"key":"Pen Nib"},{"floor":23,"key":"Tiny Chest"},{"floor":25,"key":"Matryoshka"},{"floor":25,"key":"Mummified Hand"},{"floor":26,"key":"Letter Opener"},{"floor":26,"key":"Centennial Puzzle"},{"floor":27,"key":"Lizard Tail"},{"floor":27,"key":"Pear"},{"floor":29,"key":"White Beast Statue"},{"floor":29,"key":"Bronze Scales"},{"floor":41,"key":"TungstenRod"},{"floor":41,"key":"Old Coin"},{"floor":43,"key":"PreservedInsect"},{"floor":43,"key":"Juzu Bracelet"},{"floor":44,"key":"InkBottle"},{"floor":44,"key":"Ginger"}],"event_choices":[{"damage_healed":0,"gold_gain":0,"player_choice":"Grow","damage_taken":0,"max_hp_gain":0,"max_hp_loss":0,"event_name":"Living Wall","floor":2,"gold_loss":0,"cards_upgraded":["Strike_P"]},{"damage_healed":24,"gold_gain":0,"player_choice":"Heal","damage_taken":0,"max_hp_gain":0,"max_hp_loss":0,"event_name":"The Library","floor":19,"gold_loss":0},{"damage_healed":0,"gold_gain":275,"player_choice":"Desecrate","damage_taken":0,"max_hp_gain":0,"max_hp_loss":0,"event_name":"Golden Shrine","floor":48,"gold_loss":0,"cards_obtained":["Regret"]}],"is_beta":false,"boss_relics":[{"not_picked":["Tiny House","Cursed Key"],"picked":"Black Star"},{"not_picked":["Empty Cage","Pandora\u0027s Box","SlaversCollar"]}],"items_purged_floors":[13,21],"is_endless":false,"potions_floor_spawned":[1,3,7,14,23,24,25,27,30,31,33,35,36,37,38,41,42,44,46],"ascension_level":3}}