{"host":"2d1gdrpn8mmx8hh1","time":1611118260,"event":{"mods":["AchievementEnabler","BaseMod","Hermit","Minty Spire (QoL Compilation)","Replay The Spire","StSLib"],"gold_per_floor":[110,110,122,72,86,86,102,128,128],"floor_reached":8,"language":"ENG","playtime":445,"items_purged":[],"score":83,"play_id":"a190b7fb-7bbe-4422-96e2-c674a5833b93","local_time":"20210119225100","is_ascension_mode":false,"campfire_choices":[{"data":"hermit:CursedWeapon","floor":6,"key":"SMITH"}],"circlet_count":0,"master_deck":["hermit:Strike_Hermit","hermit:Strike_Hermit","hermit:Strike_Hermit","hermit:Defend_Hermit","hermit:Defend_Hermit","hermit:Defend_Hermit","hermit:Defend_Hermit","hermit:Snapshot","hermit:Covet","hermit:Vantage","hermit:CalledShot","hermit:CursedWeapon+1","hermit:Headshot"],"relics":["hermit:BartenderGlass","InkBottle"],"acts_visited":["Exordium"],"potions_floor_usage":[5,5,8,8,8],"damage_taken":[{"damage":3,"enemies":"Small Slimes","floor":1,"turns":3},{"damage":6,"enemies":"Cultist","floor":3,"turns":4},{"damage":0,"enemies":"Jaw Worm","floor":5,"turns":2},{"damage":9,"enemies":"Blue Slaver","floor":7,"turns":3},{"damage":2,"enemies":"Gremlin Nob","floor":8,"turns":2}],"seed_played":"4892453492568496228","potions_obtained":[{"floor":7,"key":"Dexterity Potion"}],"is_trial":false,"path_per_floor":["M","?","M","$","M","R","M","E"],"character_chosen":"HERMIT","items_purchased":["BlessingOfTheForge"],"campfire_rested":0,"item_purchase_floors":[4],"current_hp_per_floor":[72,72,66,66,66,66,57,55,55],"gold":128,"neow_bonus":"BOSS_RELIC","is_daily":false,"chose_seed":false,"campfire_upgraded":1,"win_rate":0.0,"timestamp":1611118260,"path_taken":["M","?","M","$","M","R","M","E"],"items_purchased_type":["Potion"],"build_version":"2020-12-22","purchased_purges":0,"victory":false,"max_hp_per_floor":[75,75,75,75,75,75,75,75,75],"card_choices":[{"not_picked":["hermit:Horror","hermit:Grudge"],"picked":"hermit:Vantage","floor":1},{"not_picked":["hermit:SprayPray","hermit:Desperado"],"picked":"hermit:CalledShot","floor":3},{"not_picked":["hermit:Shortfuse","hermit:BigShot"],"picked":"hermit:CursedWeapon","floor":5},{"not_picked":["hermit:Feint","hermit:Vantage"],"picked":"hermit:Headshot","floor":7}],"player_experience":16426,"relics_obtained":[{"floor":8,"key":"InkBottle"}],"event_choices":[{"cards_removed":["hermit:Strike_Hermit"],"damage_healed":0,"gold_gain":0,"player_choice":"Offered Basic","damage_taken":0,"max_hp_gain":0,"max_hp_loss":0,"event_name":"Bonfire Elementals","floor":2,"gold_loss":0}],"is_beta":false,"boss_relics":[],"items_purged_floors":[],"is_endless":false,"potions_floor_spawned":[7],"killed_by":"Gremlin Nob","ascension_level":0}}