{"host":"mhzgc0zma59jtmoj","time":1611104042,"event":{"mods":["BaseMod","BetterRewards","Custom Start","Glutton Mod","Hermit","Ironclad Rager","Koishi","Luminous","Minty Spire (QoL Compilation)","Shade Mod","Somnambulant","StSLib","The Cursed","The Hierophant","The Jungle","The Necromancer","Treasure Hunter"],"gold_per_floor":[195,195,212,212,137,170,181,194,194,194,269,288,298,311,311,411,411,382,231,231,231,231],"floor_reached":21,"language":"ENG","playtime":6049,"items_purged":["Strike_W","Defend_W"],"score":181,"play_id":"8c34e0b2-9c18-4aa2-9d3a-7dc2229bb259","local_time":"20210119195402","is_ascension_mode":false,"campfire_choices":[{"floor":15,"key":"RECALL"}],"circlet_count":0,"master_deck":["Strike_W","Strike_W","Strike_W","Defend_W","Bone_Wall+1","Bone_Spikes+1","Bone_Armor+1","Skeleton_Dragon","Toxic_Smoke_Screen","Bone_Armor"],"relics":["Vampire_Amulet","War Paint","Sozu","Nilry\u0027s Codex"],"acts_visited":["Exordium","TheCity"],"potions_floor_usage":[6,16,21],"damage_taken":[{"damage":10,"enemies":"Cultist","floor":1,"turns":6},{"damage":4,"enemies":"Jaw Worm","floor":3,"turns":5},{"damage":26,"enemies":"3 Sentries","floor":6,"turns":12},{"damage":0,"enemies":"Small Slimes","floor":7,"turns":4},{"damage":0,"enemies":"2 Fungi Beasts","floor":8,"turns":6},{"damage":3,"enemies":"Exordium Thugs","floor":12,"turns":7},{"damage":0,"enemies":"Blue Slaver","floor":13,"turns":6},{"damage":4,"enemies":"3 Louse","floor":14,"turns":6},{"damage":26,"enemies":"The Guardian","floor":16,"turns":14},{"damage":35,"enemies":"2 Thieves","floor":18,"turns":5},{"damage":19,"enemies":"Spheric Guardian","floor":21,"turns":7}],"seed_played":"7982538358030881416","potions_obtained":[{"floor":3,"key":"Weak Potion"},{"floor":7,"key":"BlessingOfTheForge"},{"floor":14,"key":"ColorlessPotion"}],"is_trial":false,"path_per_floor":["M","?","M","?","$","E","M","M","T","?","?","M","M","M","R","B",null,"M","$","?","M"],"character_chosen":"NECROMANCER","items_purchased":["Bone_Armor"],"campfire_rested":0,"item_purchase_floors":[19],"current_hp_per_floor":[60,60,58,51,51,31,35,39,39,39,33,34,36,38,38,20,68,35,35,19,0,0],"gold":231,"neow_bonus":"REMOVE_TWO","is_daily":false,"chose_seed":false,"campfire_upgraded":0,"win_rate":0.0,"timestamp":1611104042,"path_taken":["M","?","M","?","?","E","M","?","T","?","?","M","M","M","R","BOSS","M","$","?","M"],"items_purchased_type":["Card"],"build_version":"2020-12-22","purchased_purges":2,"victory":false,"max_hp_per_floor":[68,68,68,68,68,68,68,68,68,68,68,68,68,68,68,68,68,68,68,68,68,68],"card_choices":[{"not_picked":["Shackles_Of_Pain","Finger_Of_Death"],"picked":"Bone_Spikes","floor":1},{"not_picked":["Consume_Illness","Vampiric_Strike"],"picked":"Bone_Armor","floor":3},{"not_picked":["Bone_Shift","Bone_Armor"],"picked":"Skeleton_Dragon","floor":6},{"not_picked":["TH:BikiniMail","TH:TreasureMap"],"picked":"SKIP","floor":6},{"not_picked":["Negative_Energy_Sphere","Blood_Whip","Life_Drain"],"picked":"SKIP","floor":7},{"not_picked":["Blood_for_Blood","Chill_Blood","Death_Coil"],"picked":"SKIP","floor":8},{"not_picked":["TH:ArmorSpikes","TH:PixieDust"],"picked":"SKIP","floor":9},{"not_picked":["Negative_Energy_Sphere","Siphon_Strength","Negative_Energy_Mist"],"picked":"SKIP","floor":12},{"not_picked":["Thousand_Bone_Knives","Life_Drain","Necromantic_Selection"],"picked":"SKIP","floor":13},{"not_picked":["Finger_Of_Death","Siphon_Strength","Negative_Energy_Sphere"],"picked":"SKIP","floor":14},{"not_picked":["Negative_Energy_Sphere","Blood_Whip"],"picked":"Toxic_Smoke_Screen","floor":18}],"player_experience":187107,"relics_obtained":[{"floor":6,"key":"War Paint"},{"floor":20,"key":"Nilry\u0027s Codex"}],"event_choices":[{"damage_healed":0,"gold_gain":0,"player_choice":"Grow","damage_taken":0,"max_hp_gain":0,"max_hp_loss":0,"event_name":"Living Wall","floor":2,"gold_loss":0,"cards_upgraded":["Bone_Spikes"]},{"cards_removed":["Defend_W"],"damage_healed":0,"gold_gain":0,"player_choice":"Card Removal","damage_taken":7,"max_hp_gain":0,"max_hp_loss":0,"event_name":"Golden Wing","floor":4,"gold_loss":0},{"damage_healed":0,"gold_gain":0,"player_choice":"Ignored","damage_taken":0,"max_hp_gain":0,"max_hp_loss":0,"event_name":"Golden Idol","floor":10,"gold_loss":0},{"damage_healed":0,"gold_gain":75,"player_choice":"Touch","damage_taken":6,"max_hp_gain":0,"max_hp_loss":0,"event_name":"FaceTrader","floor":11,"gold_loss":0},{"damage_healed":0,"gold_gain":0,"player_choice":"Obtained Book","damage_taken":16,"max_hp_gain":0,"max_hp_loss":0,"event_name":"Cursed Tome","floor":20,"gold_loss":0}],"is_beta":false,"boss_relics":[{"not_picked":["SlaversCollar","Philosopher\u0027s Stone"],"picked":"Sozu"}],"items_purged_floors":[5,19],"is_endless":false,"potions_floor_spawned":[3,7,14],"killed_by":"Spheric Guardian","ascension_level":0}}