{"host":"pletss163z7s8pvv","time":1611118733,"event":{"mods":["AchievementEnabler","BaseMod","Better Altar","CapriCore","Colored Map","Colored Powertips","Conspire","Energized Spire","GifTheSpireLib","Hermit","Ironclad Rager","Minty Spire (QoL Compilation)","Spicy Shops","StS++","StSLib"],"gold_per_floor":[150,201,101,149,188,188,239,239,239,239,290,380,464,464,464,752,752,800,800,725,9,108,204,204,249,249,327,372,372,429,480,480,774,774,831,20,20,68,104,185,13,13,13,61,61,61,109,154,154,154],"floor_reached":51,"language":"ENG","playtime":1422,"items_purged":["conspire:Blindness"],"score":994,"play_id":"9a7ee226-6d32-4881-955d-58ca8657bccc","local_time":"20210119225853","daily_mods":["SealedDeck","Vintage","Cursed Run","Midas"],"is_ascension_mode":false,"campfire_choices":[{"floor":6,"key":"REST"},{"floor":8,"key":"REST"},{"floor":15,"key":"REST"},{"floor":24,"key":"REST"},{"floor":32,"key":"REST"},{"data":"conspire:Blindness","floor":45,"key":"PURGE"},{"floor":49,"key":"REST"}],"circlet_count":0,"master_deck":["hermit:Ricochet","hermit:LowProfile+1","hermit:Horror","hermit:Quickdraw","hermit:Determination","hermit:Deadeye","hermit:Ricochet","hermit:Quickdraw","hermit:CursedWeapon","Ghostly+1","hermit:Malice","hermit:Roulette","hermit:Magnum","hermit:GoldenBullet","hermit:GoldenBullet","Regret","hermit:HighCaliber+1","hermit:RoundhouseKick","Mind Blast+1","hermit:HighCaliber","hermit:Coalescence+1","hermit:BodyArmor+1","hermit:Dive+1","hermit:Dive+1","Writhe"],"relics":["Cursed Key","Darkstone Periapt","Du-Vu Doll","hermit:RyeStalk","StSpp:TwinEgg","Akabeko","Toy Ornithopter","StoneCalendar","Omamori","The Courier","StSpp:WoodenPendulum","conspire:DecoderRing","Question Card","SacredBark","InkBottle","Frozen Eye","Sling","Singing Bowl","War Paint","Frozen Egg 2","Lizard Tail","Matryoshka","StrikeDummy","Ancient Tea Set","conspire:Flyswatter","Girya","Orichalcum","Dream Catcher","StSpp:WoodenStick","hermit:CharredGlove","energizedSpire:StickyHand","Pen Nib","ClockworkSouvenir","Bottled Lightning","Toxic Egg 2","Centennial Puzzle","Oddly Smooth Stone","Thread and Needle","Bottled Tornado","Unceasing Top","Juzu Bracelet","Peace Pipe","StSpp:Monolith","Molten Egg 2","Blue Candle"],"acts_visited":["Exordium","TheCity","TheBeyond"],"potions_floor_usage":[33,50,50],"damage_taken":[{"damage":2,"enemies":"Cultist","floor":1,"turns":2},{"damage":9,"enemies":"conspire:RoseBush","floor":2,"turns":1},{"damage":1,"enemies":"2 Louse","floor":4,"turns":1},{"damage":3,"enemies":"Exordium Thugs","floor":5,"turns":2},{"damage":3,"enemies":"Looter","floor":7,"turns":2},{"damage":0,"enemies":"3 Louse","floor":11,"turns":1},{"damage":3,"enemies":"conspire:MimicChest","floor":12,"turns":4},{"damage":2,"enemies":"Lagavulin","floor":13,"turns":3},{"damage":43,"enemies":"The Guardian","floor":16,"turns":6},{"damage":2,"enemies":"Spheric Guardian","floor":18,"turns":2},{"damage":30,"enemies":"conspire:SneckoGhost","floor":23,"turns":4},{"damage":3,"enemies":"2 Thieves","floor":25,"turns":3},{"damage":22,"enemies":"Book of Stabbing","floor":27,"turns":3},{"damage":11,"enemies":"Sentry and Sphere","floor":28,"turns":3},{"damage":14,"enemies":"conspire:HollyBat","floor":30,"turns":6},{"damage":3,"enemies":"Snecko","floor":31,"turns":2},{"damage":23,"enemies":"conspire:MysteriousRune","floor":33,"turns":5},{"damage":2,"enemies":"3 Darklings","floor":35,"turns":3},{"damage":1,"enemies":"Orb Walker","floor":38,"turns":2},{"damage":1,"enemies":"Spire Growth","floor":39,"turns":2},{"damage":25,"enemies":"Nemesis","floor":40,"turns":3},{"damage":2,"enemies":"Maw","floor":44,"turns":3},{"damage":2,"enemies":"Writhing Mass","floor":47,"turns":2},{"damage":14,"enemies":"Sphere and 2 Shapes","floor":48,"turns":2},{"damage":3,"enemies":"Donu and Deca","floor":50,"turns":3}],"seed_played":"-6436565672137660782","potions_obtained":[{"floor":2,"key":"FearPotion"},{"floor":11,"key":"GamblersBrew"},{"floor":12,"key":"FairyPotion"},{"floor":18,"key":"SkillPotion"},{"floor":38,"key":"Swift Potion"},{"floor":40,"key":"PowerPotion"}],"is_trial":true,"path_per_floor":["M","M","?","M","M","R","M","R","T","?","M","?","E","T","R","B",null,"M","?","?","$","?","E","R","M","T","E","M","?","M","M","R","B",null,"M","$","?","M","M","E","$","?","T","M","R","?","M","M","R","B",null],"character_chosen":"HERMIT","items_purchased":["Frozen Eye","Sling","Singing Bowl","War Paint","Frozen Egg 2","Lizard Tail","ClockworkSouvenir","Bottled Lightning","Mind Blast","hermit:Desperado","Toxic Egg 2","Centennial Puzzle","hermit:HighCaliber","hermit:Coalescence+1","hermit:BodyArmor+1","hermit:Dive+1","hermit:Dive+1"],"campfire_rested":6,"item_purchase_floors":[21,21,21,21,21,21,36,36,36,36,36,36,36,36,41,41,41],"current_hp_per_floor":[73,64,64,63,60,75,72,75,81,81,81,78,76,76,81,38,81,79,79,79,79,79,49,73,70,76,56,45,45,31,28,54,42,95,93,93,93,92,91,68,68,68,74,72,72,74,72,58,91,104],"gold":154,"neow_bonus":"","is_daily":false,"chose_seed":false,"campfire_upgraded":0,"win_rate":0.0,"timestamp":1611118733,"path_taken":["M","?","?","M","M","R","M","R","T","?","?","?","E","?","R","BOSS","M","?","?","$","?","E","R","M","T","E","M","?","M","M","R","BOSS","M","$","?","?","M","E","?","?","T","M","R","?","M","M","R","BOSS"],"items_purchased_type":["Relic","Relic","Relic","Relic","Relic","Relic","Relic","Relic","Card","Card","Relic","Relic","Card","Card","Card","Card","Card"],"build_version":"2020-12-22","purchased_purges":1,"victory":true,"max_hp_per_floor":[75,75,75,75,75,75,75,75,81,81,81,81,81,81,81,81,81,81,81,81,81,81,81,81,81,87,89,89,89,89,89,89,95,95,95,95,95,95,95,97,97,97,103,103,103,105,105,105,107,113],"card_choices":[{"not_picked":["hermit:Shortfuse","hermit:Grudge"],"picked":"hermit:Malice","floor":12},{"not_picked":["hermit:LuckOfTheDraw","hermit:Purgatory","hermit:Coalescence","hermit:Showdown"],"picked":"hermit:Roulette","floor":13},{"not_picked":["hermit:HeroicBravado","hermit:HighNoon","hermit:Adapt","hermit:FatalDesire","hermit:EternalForm"],"picked":"hermit:Magnum","floor":16},{"not_picked":["hermit:BodyArmor","hermit:PistolWhip","hermit:Ricochet","hermit:LowProfile","hermit:GhostlyPresence"],"picked":"hermit:GoldenBullet","floor":23},{"not_picked":["hermit:LowProfile+1","hermit:Maintenance","hermit:Adapt+1","hermit:Showdown","hermit:Glare+1","hermit:Virtue"],"picked":"Singing Bowl","floor":27},{"not_picked":["hermit:TrackingShot","hermit:Vantage","hermit:DeadMansHand","hermit:Adapt+1","hermit:ItchyTrigger"],"picked":"hermit:HighCaliber+1","floor":32},{"not_picked":["hermit:FinalCanter","hermit:Adapt+1","hermit:Reprieve","hermit:HighNoon+1","hermit:Magnum"],"picked":"hermit:RoundhouseKick","floor":33},{"not_picked":["hermit:Brawl+1","hermit:Vantage+1","hermit:Shortfuse","hermit:Glare+1","hermit:Misfire+1","hermit:Dissolve+1"],"picked":"Singing Bowl","floor":40},{"not_picked":["StSpp:Unbreakable","Good Instincts+1","Swift Strike","Mind Blast","StSpp:Cataclysm","HandOfGreed"],"picked":"Singing Bowl","floor":46},{"not_picked":["hermit:LuckOfTheDraw+1","hermit:CalledShot+1","hermit:Maintenance+1","hermit:LoneWolf+1","hermit:LowProfile+1","hermit:TakeAim+1"],"picked":"Singing Bowl","floor":49}],"player_experience":424586,"relics_obtained":[{"floor":1,"key":"hermit:RyeStalk"},{"floor":2,"key":"StSpp:TwinEgg"},{"floor":4,"key":"Akabeko"},{"floor":5,"key":"Toy Ornithopter"},{"floor":7,"key":"StoneCalendar"},{"floor":9,"key":"Omamori"},{"floor":11,"key":"The Courier"},{"floor":12,"key":"StSpp:WoodenPendulum"},{"floor":13,"key":"conspire:DecoderRing"},{"floor":14,"key":"Question Card"},{"floor":18,"key":"InkBottle"},{"floor":23,"key":"Matryoshka"},{"floor":25,"key":"StrikeDummy"},{"floor":26,"key":"Ancient Tea Set"},{"floor":26,"key":"conspire:Flyswatter"},{"floor":27,"key":"Girya"},{"floor":28,"key":"Orichalcum"},{"floor":30,"key":"StSpp:WoodenStick"},{"floor":31,"key":"hermit:CharredGlove"},{"floor":35,"key":"Pen Nib"},{"floor":38,"key":"Oddly Smooth Stone"},{"floor":39,"key":"Thread and Needle"},{"floor":40,"key":"Bottled Tornado"},{"floor":43,"key":"Juzu Bracelet"},{"floor":43,"key":"Peace Pipe"},{"floor":44,"key":"StSpp:Monolith"},{"floor":47,"key":"Molten Egg 2"},{"floor":48,"key":"Blue Candle"}],"event_choices":[{"damage_healed":0,"gold_gain":0,"player_choice":"Argue","damage_taken":0,"max_hp_gain":0,"max_hp_loss":0,"event_name":"conspire:LoneGhost","floor":3,"gold_loss":0},{"cards_removed":["hermit:Midnight"],"damage_healed":0,"gold_gain":0,"player_choice":"Offered Uncommon","damage_taken":0,"max_hp_gain":0,"max_hp_loss":0,"event_name":"Bonfire Elementals","floor":10,"gold_loss":0},{"damage_healed":0,"gold_gain":0,"player_choice":"Read","damage_taken":0,"max_hp_gain":0,"max_hp_loss":0,"event_name":"The Library","floor":19,"gold_loss":0,"cards_obtained":["hermit:GoldenBullet"]},{"cards_removed":["Clumsy"],"damage_healed":0,"gold_gain":0,"player_choice":"Gave Gold","damage_taken":0,"max_hp_gain":0,"max_hp_loss":0,"event_name":"Beggar","floor":20,"gold_loss":75},{"damage_healed":0,"gold_gain":99,"player_choice":"Stole From Cult","damage_taken":0,"max_hp_gain":0,"max_hp_loss":0,"event_name":"Nest","floor":22,"gold_loss":0},{"damage_healed":0,"gold_gain":0,"player_choice":"Opened","damage_taken":0,"relics_obtained":["Dream Catcher"],"max_hp_gain":0,"max_hp_loss":0,"event_name":"The Mausoleum","floor":29,"gold_loss":0},{"damage_healed":0,"gold_gain":0,"player_choice":"Forge","damage_taken":0,"max_hp_gain":0,"max_hp_loss":0,"event_name":"Accursed Blacksmith","floor":37,"gold_loss":0,"cards_upgraded":["Mind Blast"]},{"cards_removed":["hermit:Desperado"],"damage_healed":0,"gold_gain":0,"player_choice":"Gave Card","damage_taken":0,"relics_obtained":["Unceasing Top"],"max_hp_gain":0,"max_hp_loss":0,"event_name":"WeMeetAgain","floor":42,"gold_loss":0},{"damage_healed":0,"gold_gain":0,"player_choice":"Memory 1","damage_taken":0,"max_hp_gain":0,"max_hp_loss":0,"event_name":"SensoryStone","floor":46,"gold_loss":0}],"is_beta":false,"boss_relics":[{"not_picked":["energizedSpire:RedRose","Empty Cage"],"picked":"SacredBark"},{"not_picked":["conspire:SlowCooker","conspire:SeveredTorchhead"],"picked":"energizedSpire:StickyHand"}],"items_purged_floors":[36],"is_endless":false,"potions_floor_spawned":[2,11,12,18,25,30,38,39,40,44,48],"ascension_level":0}}