{"host":"qekv59dthhdg54sz","time":1611117403,"event":{"mods":["AchievementEnabler","BaseMod","Colored Map","DeckTracker","KOR Keyword Fix","Minty Spire (QoL Compilation)","Rare Cards Sparkle","StSLib","SuperFastMode"],"gold_per_floor":[117,133,143,158,158,158,185,185,233,266,279,354,366,395,395,472,472,482,532,457,467,467,467,495,119,142,142,142],"floor_reached":27,"language":"KOR","playtime":615,"items_purged":["MasterReality","Strike_P"],"score":602,"play_id":"db332478-a76e-4e05-862d-e479e4679f4f","local_time":"20210120133643","is_ascension_mode":true,"campfire_choices":[{"data":"Eruption","floor":6.0,"key":"SMITH"},{"data":"Wallop","floor":8.0,"key":"SMITH"},{"floor":15,"key":"REST"},{"floor":23,"key":"REST"}],"circlet_count":0,"master_deck":["AscendersBane","Strike_P","Strike_P+1","Strike_P","Defend_P+1","Defend_P","Defend_P","Defend_P+1","Eruption+1","Vigilance+1","SashWhip","LessonLearned+1","InnerPeace","Wallop+1","Halt","Swivel","SandsOfTime","EmptyFist+1","EmptyMind","Study","MentalFortress","Panache"],"relics":["PureWater","NeowsBlessing","Bottled Lightning","Centennial Puzzle","Nunchaku","PreservedInsect","Fusion Hammer","Regal Pillow","Smiling Mask"],"acts_visited":["Exordium","TheCity"],"potions_floor_usage":[16,18,27],"damage_taken":[{"damage":0.0,"enemies":"2 Louse","floor":1.0,"turns":1.0},{"damage":0.0,"enemies":"Small Slimes","floor":2.0,"turns":1.0},{"damage":0.0,"enemies":"Jaw Worm","floor":3.0,"turns":1.0},{"damage":22.0,"enemies":"Exordium Wildlife","floor":4.0,"turns":5.0},{"damage":0.0,"enemies":"Gremlin Nob","floor":7.0,"turns":3.0},{"damage":0.0,"enemies":"Lagavulin","floor":10.0,"turns":3.0},{"damage":11.0,"enemies":"Blue Slaver","floor":11.0,"turns":5.0},{"damage":4,"enemies":"Large Slime","floor":13,"turns":6},{"damage":4,"enemies":"Gremlin Nob","floor":14,"turns":3},{"damage":17,"enemies":"Slime Boss","floor":16,"turns":8},{"damage":17,"enemies":"3 Byrds","floor":18,"turns":5},{"damage":18,"enemies":"Shell Parasite","floor":21,"turns":2},{"damage":31,"enemies":"Gremlin Leader","floor":24,"turns":7},{"damage":0,"enemies":"Snake Plant","floor":27,"turns":2}],"seed_played":"-4522636515947731984","potions_obtained":[{"floor":3.0,"key":"Swift Potion"},{"floor":4.0,"key":"PowerPotion"},{"floor":7.0,"key":"FearPotion"},{"floor":13,"key":"Weak Potion"},{"floor":14,"key":"GamblersBrew"},{"floor":24,"key":"DuplicationPotion"}],"is_trial":false,"path_per_floor":["M","M","M","M","?","R","E","R","T","E","M","?","M","E","R","B",null,"M","?","$","M","?","R","E","$","T","M"],"character_chosen":"WATCHER","items_purchased":["MentalFortress","Panache"],"campfire_rested":2,"item_purchase_floors":[25,25],"current_hp_per_floor":[61,61,61,39,39,39,39,39,39,39,28,17,13,9,29,12,54,37,37,37,19,19,39,8,8,8,8,8],"gold":142,"neow_bonus":"THREE_ENEMY_KILL","is_daily":false,"chose_seed":false,"campfire_upgraded":2,"win_rate":0.0,"timestamp":1611117403,"path_taken":["M","M","M","M","?","R","E","R","T","E","M","?","M","E","R","BOSS","M","?","$","M","?","R","E","$","T","M"],"items_purchased_type":["Card","Card"],"build_version":"2020-12-22","purchased_purges":2,"victory":false,"max_hp_per_floor":[68,68,68,68,68,68,68,68,68,68,68,68,68,68,68,68,68,68,68,68,68,68,68,68,68,68,68,68],"card_choices":[{"not_picked":["CutThroughFate","PathToVictory"],"picked":"SashWhip","floor":1.0},{"not_picked":["PathToVictory","SashWhip"],"picked":"LessonLearned","floor":2.0},{"not_picked":["CarveReality","FlurryOfBlows"],"picked":"InnerPeace","floor":3.0},{"not_picked":["Prostrate","JustLucky"],"picked":"Wallop","floor":4.0},{"not_picked":["JustLucky","Conclude"],"picked":"Halt","floor":7.0},{"not_picked":["Worship","ThirdEye"],"picked":"Swivel","floor":10.0},{"not_picked":["SashWhip","PathToVictory","Establishment"],"picked":"SKIP","floor":11.0},{"not_picked":["PathToVictory","SashWhip"],"picked":"SandsOfTime","floor":13},{"not_picked":["Pray","ReachHeaven"],"picked":"EmptyFist","floor":14},{"not_picked":["Blasphemy","DevaForm"],"picked":"MasterReality","floor":16},{"not_picked":["Weave+1","EmptyBody"],"picked":"EmptyMind","floor":18},{"not_picked":["JustLucky","WaveOfTheHand","Swivel"],"picked":"SKIP","floor":21},{"not_picked":["LikeWater","CutThroughFate+1"],"picked":"Study","floor":24}],"player_experience":782202,"relics_obtained":[{"floor":7.0,"key":"Bottled Lightning"},{"floor":9.0,"key":"Centennial Puzzle"},{"floor":10.0,"key":"Nunchaku"},{"floor":14,"key":"PreservedInsect"},{"floor":24,"key":"Regal Pillow"},{"floor":26,"key":"Smiling Mask"}],"event_choices":[{"damage_healed":0.0,"max_hp_gain":0.0,"max_hp_loss":0.0,"gold_gain":0.0,"event_name":"Liars Game","player_choice":"Ignored","floor":5.0,"gold_loss":0.0,"damage_taken":0.0},{"damage_healed":0.0,"max_hp_gain":0.0,"max_hp_loss":0.0,"gold_gain":75.0,"event_name":"World of Goop","player_choice":"Gather Gold","floor":12.0,"gold_loss":0.0,"damage_taken":11.0},{"damage_healed":0,"gold_gain":50,"player_choice":"Stole From Cult","damage_taken":0,"max_hp_gain":0,"max_hp_loss":0,"event_name":"Nest","floor":19,"gold_loss":0},{"damage_healed":0,"gold_gain":0,"player_choice":"Ignored","damage_taken":0,"max_hp_gain":0,"max_hp_loss":0,"event_name":"Vampires","floor":22,"gold_loss":0}],"is_beta":false,"boss_relics":[{"not_picked":["SlaversCollar","Velvet Choker"],"picked":"Fusion Hammer"}],"items_purged_floors":[20,25],"is_endless":false,"potions_floor_spawned":[3,4,7,13,14,24],"killed_by":"Snake Plant","ascension_level":20}}