{"host":"6a92uynocv4elkyp","time":1611171939,"event":{"mods":["AchievementEnabler","BaseMod","Hubris","Infinite Spire","Minty Spire (QoL Compilation)","Quick Restart","Replay The Spire","StSLib"],"gold_per_floor":[99,99,99,141,171,276,366,444,491,584,677,785,836,941,941,1187,1187,1256,1283,1283,1355,1355,1442,1541,1643,1643,1652,954,307,421,505,505,733,833,887,887,950,1199,1292,1382,1466,1577,1600,1618,2017,2101,1388,1502,1502,1534,1564],"floor_reached":52,"language":"ENG","playtime":3859,"items_purged":["Poisoned Stab"],"score":3608,"play_id":"74c28fad-e8a5-4644-b094-7ea9ee6bc2c3","local_time":"20210120204539","daily_mods":["SealedDeck","Heirloom","Flight","DeadlyEvents","Elite Swarm","Midas"],"is_ascension_mode":true,"campfire_choices":[{"floor":15,"key":"REST"},{"floor":27,"key":"REST"},{"data":"Redo","floor":32,"key":"PURGE"}],"circlet_count":0,"master_deck":["AscendersBane","Coolheaded","Glacier","Double Energy+1","Go for the Eyes+1","FIFO Queue","BootSequence","Gash","Gash","Scrape","Chill+1","Compile Driver","FIFO Queue","All For One","Barricade","Creative AI","Seek","Creative AI","Redo+1","Aggregate","Machine Learning","Limit Break","Conserve Battery","Redo+1","infinitespire:NeuralNetwork","infinitespire:Collect+1","Coolheaded","Gash","Mirror Shield","ReplayTheSpireMod:Calculation Training","hubris:EnhanceAbility","Fission","Violence","Panacea","Scrape","Pain","A Thousand Cuts","Envenom","Electrodynamics","Chill","ReplayTheSpireMod:??????????????????????","Heatsinks","Replay:Bag of Tricks"],"relics":["replay:Trail_Library","hubris:CuriousFeather","Iron Core","Gremlin Food","Bag of Preparation","Prayer Wheel","Bird Faced Urn","CeramicFish","DataDisk","Gambling Chip","ReplayTheSpireMod:Lightbulb","Pocketwatch","Runic Pyramid","Black Star","Bottled Flame","TungstenRod","infinitespire:Freezer","Happy Flower","Potion Belt","Pet Ghost","Smiling Mask","infinitespire:Magic Flask","Strange Spoon","Akabeko","infinitespire:Lucky Rock","Blue Doll","Magic Flower","PrismaticShard","Lantern","Replay:Wax Seal","War Paint","PreservedInsect","Prayer Wheel","Replay:Wanted Poster","ReplayTheSpireMod:Ninjato","Onion Ring","hubris:BallOfYels","Replay:Mystery Machine","StoneCalendar","Replay:Ringing Soul","Centennial Puzzle","infinitespire:Beetle Shell","Blood Vial","Old Coin","MawBank","Replay:Bandana","Mummified Hand","Anchor","Sling","hubris:ToyBattleship","hubris:Teleporter","ReplayTheSpireMod:Ring of Exchange","Ring of Hypnosis"],"acts_visited":["Exordium","TheCity","TheBeyond"],"potions_floor_usage":[24,24,25,25,25,40,50,50],"damage_taken":[{"damage":1,"enemies":"Small Slimes","floor":4,"turns":3},{"damage":0,"enemies":"2 Louse","floor":5,"turns":3},{"damage":0,"enemies":"Lagavulin","floor":6,"turns":4},{"damage":0,"enemies":"Gremlin Nob","floor":7,"turns":2},{"damage":1,"enemies":"3 Sentries","floor":8,"turns":7},{"damage":0,"enemies":"Gremlin Nob","floor":10,"turns":3},{"damage":1,"enemies":"3 Sentries","floor":11,"turns":5},{"damage":4,"enemies":"Lagavulin","floor":12,"turns":4},{"damage":0,"enemies":"Cultist","floor":13,"turns":3},{"damage":0,"enemies":"Gremlin Nob","floor":14,"turns":3},{"damage":0,"enemies":"The Guardian","floor":16,"turns":6},{"damage":9,"enemies":"Chosen","floor":18,"turns":6},{"damage":6,"enemies":"2 Thieves","floor":21,"turns":4},{"damage":69,"enemies":"Gremlin Leader","floor":23,"turns":8},{"damage":6,"enemies":"Slavers","floor":24,"turns":3},{"damage":0,"enemies":"Book of Stabbing","floor":25,"turns":3},{"damage":0,"enemies":"Slavers","floor":30,"turns":12},{"damage":0,"enemies":"Book of Stabbing","floor":31,"turns":4},{"damage":12,"enemies":"Collector","floor":33,"turns":5},{"damage":0,"enemies":"3 Darklings","floor":35,"turns":3},{"damage":0,"enemies":"Orb Walker","floor":37,"turns":2},{"damage":0,"enemies":"Reptomancer","floor":39,"turns":7},{"damage":0,"enemies":"Nightmare","floor":40,"turns":2},{"damage":0,"enemies":"Nemesis","floor":41,"turns":3},{"damage":0,"enemies":"R_Hoarder","floor":42,"turns":2},{"damage":0,"enemies":"Reptomancer","floor":45,"turns":3},{"damage":23,"enemies":"Giant Head","floor":46,"turns":8},{"damage":0,"enemies":"R_Hoarder","floor":48,"turns":2},{"damage":0,"enemies":"Donu and Deca","floor":50,"turns":2},{"damage":0,"enemies":"hubris:GrandSnecko","floor":51,"turns":2}],"seed_played":"1033994047612713443","potions_obtained":[{"floor":6,"key":"EntropicBrew"},{"floor":7,"key":"Elixir"},{"floor":11,"key":"Fire Potion"},{"floor":16,"key":"infinitespire:BlackPotion"},{"floor":31,"key":"Explosive Potion"},{"floor":33,"key":"Death Potion"},{"floor":35,"key":"PotionOfCapacity"},{"floor":40,"key":"Fruit Juice"},{"floor":45,"key":"ColorlessPotion"}],"is_trial":true,"path_per_floor":["?","?","?","M","M","E","E","E","T","E","E","E","M","E","R","B",null,"M","AVR","?","M","T","E","E","E","T","R","$","$","E","E","R","B",null,"M","?","M","?","E","NM","E","E","T","?","E","E","$","E","R","B","B",null],"character_chosen":"DEFECT","items_purchased":["hubris:EnhanceAbility","Strange Spoon","Akabeko","infinitespire:Lucky Rock","Blue Doll","Magic Flower","PrismaticShard","Heatsinks","Mummified Hand","Anchor","Sling"],"campfire_rested":2,"item_purchase_floors":[28,28,28,28,29,29,29,47,47,47,47],"current_hp_per_floor":[64,64,64,63,63,63,63,62,62,64,65,63,65,69,71,71,71,70,70,70,69,69,8,10,18,18,39,39,39,71,71,71,71,71,71,71,71,71,71,76,76,79,79,65,82,82,85,88,88,88,88],"gold":1564,"neow_bonus":"","is_daily":false,"chose_seed":false,"campfire_upgraded":0,"win_rate":0.0,"timestamp":1611171939,"path_taken":["?","?","?","M","M","E","E","E","T","E","E","E","?","E","R","BOSS","M","AVR","?","?","?","E","?","E","T","R","$","$","E","E","R","BOSS","M","?","?","?","?","NM","E","E","T","?","E","E","$","E","R","BOSS","BOSS"],"items_purchased_type":["Card","Relic","Relic","Relic","Relic","Relic","Relic","Card","Relic","Relic","Relic"],"build_version":"2020-12-22","purchased_purges":1,"victory":true,"max_hp_per_floor":[71,71,71,71,71,71,71,71,71,71,71,71,71,71,71,71,71,71,71,71,71,71,71,71,71,71,71,71,71,71,71,71,71,71,71,71,71,71,71,76,76,79,79,82,82,82,85,88,88,88,88],"card_choices":[{"not_picked":["Reinforced Body","Body Slam"],"picked":"Compile Driver","floor":4},{"not_picked":["Leap","Conserve Battery"],"picked":"FIFO Queue","floor":5},{"not_picked":["Multi-Cast","ReplayTheSpireMod:Omega Cannon"],"picked":"All For One","floor":6},{"not_picked":["Offering","Hyperbeam"],"picked":"Barricade","floor":7},{"not_picked":["Mirror Shield","Firewall"],"picked":"Creative AI","floor":8},{"not_picked":["Fission","Rainbow"],"picked":"Seek","floor":10},{"not_picked":["Meteor Strike","Double Tap","hubris:Prefetch"],"picked":"SKIP","floor":11},{"not_picked":["Offering","Amplify"],"picked":"Creative AI","floor":12},{"not_picked":["Compile Driver","Stack"],"picked":"Redo","floor":13},{"not_picked":["Beam Cell","WeaponsOverheat"],"picked":"Aggregate","floor":13},{"not_picked":["Rainbow","Amplify"],"picked":"Machine Learning","floor":14},{"not_picked":["Offering","Amplify"],"picked":"Limit Break","floor":16},{"not_picked":["Rebound","Sunder"],"picked":"Conserve Battery","floor":18},{"not_picked":["Gash","ReplaySolidLightProjector"],"picked":"Redo+1","floor":18},{"not_picked":["Sunder","Rip and Tear"],"picked":"Coolheaded","floor":21},{"not_picked":["hubris:PowerSurge","Compile Driver"],"picked":"Gash","floor":21},{"not_picked":["Electrodynamics","ReplayRNGCard","hubris:DoWhile"],"picked":"SKIP","floor":23},{"not_picked":["hubris:Prefetch","Hyperbeam","Biased Cognition"],"picked":"SKIP","floor":24},{"not_picked":["Amplify","Creative AI"],"picked":"Mirror Shield","floor":25},{"not_picked":["Corpse Explosion","Brilliance"],"picked":"Fission","floor":30},{"not_picked":["Immolate","ReplayTheSpireMod:Brewmster"],"picked":"ReplayTheSpireMod:Fabricate Wheel","floor":31},{"not_picked":["SpiritShield","Thunder Strike"],"picked":"Violence","floor":33},{"not_picked":["Rebound","Flex"],"picked":"Poisoned Stab","floor":35},{"not_picked":["Thunderclap+1","Quick Slash","Halt"],"picked":"SKIP","floor":35},{"not_picked":["Outmaneuver+1","Conserve Battery","hubris:CleavingFinish"],"picked":"SKIP","floor":35},{"not_picked":["Thunderclap+1","Quick Slash","Halt"],"picked":"SKIP","floor":35},{"not_picked":["Outmaneuver+1","Conserve Battery","hubris:CleavingFinish"],"picked":"SKIP","floor":35},{"not_picked":["Twin Strike","Deadly Poison"],"picked":"Panacea","floor":37},{"not_picked":["Replay:ManipulateFuture","Thunder Strike"],"picked":"Scrape","floor":37},{"not_picked":["Flying Knee","ReplayTheSpireMod:Corrosion Curse","Backflip"],"picked":"SKIP","floor":37},{"not_picked":["ReplayUltimateDefense","Replay:AllIn"],"picked":"A Thousand Cuts","floor":39},{"not_picked":["Crow Ritual","Rainbow"],"picked":"Envenom","floor":40},{"not_picked":["Bludgeon","Transmutation","Die Die Die"],"picked":"SKIP","floor":41},{"not_picked":["Mirror Shield","Rainbow"],"picked":"Electrodynamics","floor":42},{"not_picked":["infinitespire:SealOfDarkness+","hubris:InfiniteBlow"],"picked":"ReplayTheSpireMod:??????????????????????","floor":44},{"not_picked":["Magnetism","Grand Finale","Metamorphosis"],"picked":"SKIP","floor":45},{"not_picked":["Electrodynamics","Burst","infinitespire:Neurotoxin"],"picked":"SKIP","floor":46},{"not_picked":["Scrawl","ReplayRNGCard"],"picked":"Replay:Bag of Tricks","floor":48}],"player_experience":128979,"relics_obtained":[{"floor":3,"key":"Gremlin Food"},{"floor":6,"key":"Bag of Preparation"},{"floor":7,"key":"Prayer Wheel"},{"floor":8,"key":"Bird Faced Urn"},{"floor":9,"key":"CeramicFish"},{"floor":10,"key":"DataDisk"},{"floor":11,"key":"Gambling Chip"},{"floor":12,"key":"ReplayTheSpireMod:Lightbulb"},{"floor":14,"key":"Pocketwatch"},{"floor":22,"key":"Bottled Flame"},{"floor":23,"key":"TungstenRod"},{"floor":23,"key":"infinitespire:Freezer"},{"floor":24,"key":"Happy Flower"},{"floor":24,"key":"Potion Belt"},{"floor":25,"key":"Pet Ghost"},{"floor":25,"key":"Smiling Mask"},{"floor":26,"key":"infinitespire:Magic Flask"},{"floor":30,"key":"Lantern"},{"floor":30,"key":"Replay:Wax Seal"},{"floor":31,"key":"War Paint"},{"floor":31,"key":"PreservedInsect"},{"floor":39,"key":"ReplayTheSpireMod:Ninjato"},{"floor":39,"key":"Onion Ring"},{"floor":40,"key":"hubris:BallOfYels"},{"floor":40,"key":"Replay:Mystery Machine"},{"floor":41,"key":"StoneCalendar"},{"floor":41,"key":"Replay:Ringing Soul"},{"floor":42,"key":"Centennial Puzzle"},{"floor":42,"key":"infinitespire:Beetle Shell"},{"floor":43,"key":"Blood Vial"},{"floor":45,"key":"Old Coin"},{"floor":46,"key":"MawBank"},{"floor":46,"key":"Replay:Bandana"},{"floor":48,"key":"hubris:ToyBattleship"},{"floor":48,"key":"hubris:Teleporter"},{"floor":49,"key":"ReplayTheSpireMod:Ring of Exchange"},{"floor":49,"key":"Ring of Hypnosis"}],"event_choices":[{"damage_healed":0,"gold_gain":0,"player_choice":"Upgraded","damage_taken":0,"max_hp_gain":0,"max_hp_loss":0,"event_name":"Upgrade Shrine","floor":20,"gold_loss":0,"cards_upgraded":["infinitespire:Collect"]},{"damage_healed":0,"gold_gain":0,"player_choice":"Ignored","damage_taken":0,"max_hp_gain":0,"max_hp_loss":0,"event_name":"SecretPortal","floor":36,"gold_loss":0}],"is_beta":false,"boss_relics":[{"not_picked":["Coffee Dripper","Painkiller Herb"],"picked":"Runic Pyramid"},{"not_picked":["Kintsugi","hubris:RunicObelisk"],"picked":"Replay:Wanted Poster"}],"items_purged_floors":[47],"is_endless":false,"potions_floor_spawned":[6,7,10,11,16,21,23,31,33,35,40,45],"ascension_level":20}}