{"host":"vyjryxuuuxkt43k4","time":1611158979,"event":{"mods":["AchievementEnabler","BaseMod","Colored Map","DeckTracker","Keyboard Shortcuts","Minty Spire (QoL Compilation)","Permanent Neow","Quick Restart","StSLib","SuperFastMode","everything is the same but u backflip on backflip"],"gold_per_floor":[118,135,85,95,41,41,116,142,192,33,49,49,69,81,81,81,81],"floor_reached":16,"language":"KOR","playtime":579,"items_purged":["Strike_G"],"score":133,"play_id":"79d5e010-b28d-4ef1-a28a-1d61ecbfed3e","local_time":"20210121010939","is_ascension_mode":true,"campfire_choices":[{"data":"Blade Dance","floor":6,"key":"SMITH"},{"floor":15,"key":"REST"}],"circlet_count":0,"master_deck":["Strike_G","Strike_G","Strike_G","Defend_G","Defend_G","Defend_G","Defend_G","Defend_G","Survivor","Neutralize","Predator","Acrobatics","PiercingWail","Blade Dance+1","Reflex","Dash","PiercingWail","Flechettes","After Image","Well Laid Plans"],"relics":["Ring of the Snake","Bag of Marbles","Odd Mushroom","Smiling Mask","Toxic Egg 2"],"acts_visited":["Exordium"],"potions_floor_usage":[16],"damage_taken":[{"damage":1,"enemies":"Jaw Worm","floor":1,"turns":3},{"damage":6,"enemies":"Small Slimes","floor":2,"turns":2},{"damage":0,"enemies":"Cultist","floor":4,"turns":3},{"damage":21,"enemies":"The Mushroom Lair","floor":8,"turns":4},{"damage":0,"enemies":"Looter","floor":11,"turns":3},{"damage":0,"enemies":"Gremlin Gang","floor":13,"turns":6},{"damage":0,"enemies":"Red Slaver","floor":14,"turns":5},{"damage":45,"enemies":"Slime Boss","floor":16,"turns":8}],"seed_played":"-8562444854551865137","potions_obtained":[{"floor":2,"key":"FairyPotion"},{"floor":13,"key":"CunningPotion"}],"is_trial":false,"path_per_floor":["M","M","?","M","$","R","?","?","T","$","M","?","M","M","R","B"],"character_chosen":"THE_SILENT","items_purchased":["Blade Dance","Dash","PiercingWail"],"campfire_rested":1,"item_purchase_floors":[5,10,10],"current_hp_per_floor":[62,56,56,56,56,56,45,24,24,24,24,24,24,24,45,0,0],"gold":81,"neow_bonus":"RANDOM_COMMON_RELIC","is_daily":false,"chose_seed":false,"campfire_upgraded":1,"win_rate":0.0,"timestamp":1611158979,"path_taken":["M","M","?","M","$","R","?","?","T","$","M","?","M","M","R","BOSS"],"items_purchased_type":["Card","Card","Card"],"build_version":"2020-12-22","purchased_purges":1,"victory":false,"max_hp_per_floor":[70,70,70,70,70,70,70,70,70,70,70,70,70,70,70,70,70],"card_choices":[{"not_picked":["Deadly Poison","Slice"],"picked":"Predator","floor":1},{"not_picked":["Finisher","Bane"],"picked":"Acrobatics","floor":2},{"not_picked":["Poisoned Stab","Eviscerate"],"picked":"PiercingWail","floor":4},{"not_picked":["Masterful Stab","Quick Slash"],"picked":"Reflex","floor":8},{"not_picked":["Poisoned Stab","Caltrops"],"picked":"Flechettes","floor":11},{"not_picked":["Heel Hook","Backflip+1"],"picked":"After Image","floor":13},{"not_picked":["Underhanded Strike","Poisoned Stab"],"picked":"Well Laid Plans","floor":14}],"player_experience":172119,"relics_obtained":[{"floor":8,"key":"Odd Mushroom"},{"floor":9,"key":"Smiling Mask"}],"event_choices":[{"cards_removed":["Strike_G"],"damage_healed":0,"gold_gain":0,"player_choice":"Card Removal","damage_taken":0,"max_hp_gain":0,"max_hp_loss":0,"event_name":"The Cleric","floor":3,"gold_loss":50},{"damage_healed":0,"gold_gain":75,"player_choice":"Gather Gold","damage_taken":11,"max_hp_gain":0,"max_hp_loss":0,"event_name":"World of Goop","floor":7,"gold_loss":0},{"damage_healed":0,"gold_gain":0,"player_choice":"Fought Mushrooms","damage_taken":0,"max_hp_gain":0,"max_hp_loss":0,"event_name":"Mushrooms","floor":8,"gold_loss":0},{"damage_healed":0,"gold_gain":0,"player_choice":"Gave Potion","damage_taken":0,"relics_obtained":["Toxic Egg 2"],"max_hp_gain":0,"max_hp_loss":0,"event_name":"WeMeetAgain","floor":12,"gold_loss":0}],"is_beta":false,"boss_relics":[],"items_purged_floors":[10],"is_endless":false,"potions_floor_spawned":[2,13],"killed_by":"Slime Boss","ascension_level":9}}