{"host":"8i4doyxqctgl5qb0","time":1611134980,"event":{"mods":["AchievementEnabler","BaseMod","Block Reminder","Colored Powertips","Downfall","Minty Spire (QoL Compilation)","Permanent Neow","Potion Indicator Mod","Rare Cards Sparkle","StSLib","SuperFastMode","The Jungle"],"gold_per_floor":[99,110,120,175,188,188,188,212,212,112,97,124,141,141,151,247,247,147,162,162,176,15,15,41,41,70,82,82,94,94,110,128,230,280,180,191,34,34,50,63,63,73,52,52,52,52,52],"floor_reached":45,"language":"ZHS","playtime":2080,"items_purged":["Slimebound:Strike_Slimebound"],"score":535,"play_id":"fa3a428b-8be9-4e7b-bfce-9de68aa21aaa","local_time":"20210120172940","is_ascension_mode":false,"campfire_choices":[{"data":"Slimebound:Split","floor":1.0,"key":"SMITH"},{"data":"Slimebound:MassFeed","floor":6.0,"key":"SMITH"},{"data":"Slimebound:GoopSpray","floor":10.0,"key":"SMITH"},{"floor":18.0,"key":"RECALL"},{"data":"Slimebound:Equalize","floor":28.0,"key":"SMITH"},{"data":"Slimebound:WasteNot","floor":30.0,"key":"SMITH"},{"data":"Slimebound:RainOfGoop","floor":35.0,"key":"SMITH"}],"circlet_count":0,"master_deck":["Slimebound:Strike_Slimebound","Slimebound:Tackle","Slimebound:Defend_Slimebound","Slimebound:Defend_Slimebound+1","Slimebound:Defend_Slimebound","Slimebound:Defend_Slimebound+1","Slimebound:Split+1","Slimebound:CorrosiveSpit+1","Slimebound:LivingWall","Slimebound:Equalize+1","Slimebound:MassFeed+1","Slimebound:GoopSpray+1","Slimebound:Overexert","Slimebound:Gluttony","Slimebound:RainOfGoop+1","Slimebound:SlimeSpikes","Slimebound:GrowthPunch","Slimebound:Recycling","CurseOfTheBell","Slimebound:Replication","Slimebound:GoopSpray+1","Slimebound:MegaLick","Slimebound:LeechingTouch","Slimebound:Nibble+1","Pride","Slimebound:Gluttony+1","Slimebound:SlimeSpikes","Slimebound:HungryTackle","Slimebound:WasteNot+1","Slimebound:Dissolve","Slimebound:LeadByExample+1","Slimebound:ItLooksTasty+1","Slimebound:Recollect","Slimebound:ItLooksTasty","Slimebound:Recycling","Slimebound:LivingWall+1","Slimebound:SpikyOuterGoop","Slimebound:AcidTongue+1","Slimebound:SamplingLick","Slimebound:SpikyOuterGoop","expansioncontent:Chronoboost","expansioncontent:Hexaburn","expansioncontent:PolyBeam","Slimebound:GoopSpray","Slimebound:Schlurp","Slimebound:LeadByExample","Slimebound:Repurpose+1","Slimebound:MinionMaster","Slimebound:LivingWall+1","Slimebound:ProtectTheBoss+1","Slimebound:TagTeam","Slimebound:Schlurp"],"relics":["Slimebound:AbsorbEndCombat","Lantern","Orichalcum","downfall:HeartBlessingBlue","War Paint","Calling Bell","Strawberry","Letter Opener","Prayer Wheel","downfall:HeartBlessingGreen","Oddly Smooth Stone","hexamod:CandleOfCauterizing","Omamori","Centennial Puzzle","Tiny House","downfall:HeartBlessingRed","Shuriken"],"acts_visited":["Exordium","TheCity","TheBeyond"],"potions_floor_usage":[45],"damage_taken":[{"damage":0.0,"enemies":"2 Louse","floor":2.0,"turns":2.0},{"damage":3.0,"enemies":"Jaw Worm","floor":3.0,"turns":5.0},{"damage":32.0,"enemies":"Gremlin Nob","floor":4.0,"turns":4.0},{"damage":3.0,"enemies":"Small Slimes","floor":5.0,"turns":2.0},{"damage":0.0,"enemies":"downfall:FleeingMerchant","floor":11.0,"turns":4.0},{"damage":7.0,"enemies":"Gremlin Nob","floor":12.0,"turns":3.0},{"damage":10.0,"enemies":"3 Louse","floor":13.0,"turns":4.0},{"damage":3.0,"enemies":"Exordium Thugs","floor":15.0,"turns":4.0},{"damage":30.0,"enemies":"SI_SHIV_ARCHETYPE","floor":16.0,"turns":9.0},{"damage":20.0,"enemies":"Spheric Guardian","floor":19.0,"turns":5.0},{"damage":4.0,"enemies":"Shell Parasite","floor":21.0,"turns":5.0},{"damage":0.0,"enemies":"downfall:FleeingMerchant","floor":22.0,"turns":4.0},{"damage":24.0,"enemies":"Gremlin Leader","floor":26.0,"turns":6.0},{"damage":2.0,"enemies":"Shelled Parasite and Fungi","floor":27.0,"turns":6.0},{"damage":14.0,"enemies":"Snake Plant","floor":29.0,"turns":4.0},{"damage":14.0,"enemies":"Centurion and Healer","floor":31.0,"turns":5.0},{"damage":4.0,"enemies":"Cultist and Chosen","floor":32.0,"turns":4.0},{"damage":62.0,"enemies":"DF_ARCHETYPE_CLAW","floor":33.0,"turns":8.0},{"damage":15.0,"enemies":"Orb Walker","floor":36.0,"turns":4.0},{"damage":9.0,"enemies":"downfall:FleeingMerchant","floor":37.0,"turns":4.0},{"damage":26.0,"enemies":"3 Darklings","floor":39.0,"turns":5.0},{"damage":11.0,"enemies":"4 Shapes","floor":40.0,"turns":6.0},{"damage":61.0,"enemies":"Transient","floor":42.0,"turns":5.0},{"damage":20.0,"enemies":"downfall:FleeingMerchant","floor":43.0,"turns":4.0},{"damage":52,"enemies":"Writhing Mass","floor":45,"turns":5}],"seed_played":"7922177750482909331","potions_obtained":[{"floor":0.0,"key":"BlessingOfTheForge"},{"floor":0.0,"key":"Slimebound:ThreeZeroPotion"},{"floor":0.0,"key":"EntropicBrew"},{"floor":2.0,"key":"LiquidBronze"},{"floor":4.0,"key":"LiquidMemories"},{"floor":13.0,"key":"BlessingOfTheForge"},{"floor":21.0,"key":"SkillPotion"},{"floor":34.0,"key":"LiquidMemories"}],"is_trial":false,"path_per_floor":["R","M","M","?","M","R","T","T","?","R","$","E","M","?","M","B",null,"R","M","?","M","$","?","T","?","E","M","R","M","R","M","M","B",null,"R","M","$","?","M","M","T","M","$","?","M"],"character_chosen":"SLIMEBOUND","items_purchased":["Oddly Smooth Stone","Slimebound:SamplingLick","Slimebound:SpikyOuterGoop","Fire Potion","Slimebound:TagTeam","Slimebound:Schlurp","DistilledChaos"],"campfire_rested":0,"item_purchase_floors":[22,37,37,37,43,43,43],"current_hp_per_floor":[65,65,65,39,46,46,46,46,51,61,67,68,68,68,85,67,105,105,97,97,101,109,109,109,109,95,107,107,103,103,97,109,55,118,118,105,104,94,82,83,83,38,26,26,0,0,0],"gold":52,"neow_bonus":"THREE_SMALL_POTIONS","is_daily":false,"chose_seed":false,"campfire_upgraded":6,"win_rate":0.0,"timestamp":1611134980,"path_taken":["R","M","M","?","M","R","T","?","?","R","$","E","M","?","M","BOSS","R","M","?","M","$","?","T","?","E","M","R","M","R","?","M","BOSS","R","M","$","?","M","M","T","M","$","?","?"],"items_purchased_type":["Relic","Card","Card","Potion","Card","Card","Potion"],"build_version":"2020-12-22","purchased_purges":1,"victory":false,"max_hp_per_floor":[65,65,65,65,71,71,71,71,76,86,86,86,90,90,98,98,105,105,109,109,109,109,109,109,109,109,113,113,113,113,113,113,113,118,118,118,118,118,118,118,118,118,118,118,118,118,118],"card_choices":[{"not_picked":["Slimebound:SplitAcid","Slimebound:SplitMire"],"picked":"Slimebound:LivingWall","floor":2.0},{"not_picked":["Slimebound:MegaLick","Slimebound:Prepare"],"picked":"Slimebound:Equalize","floor":3.0},{"not_picked":["Slimebound:ItLooksTasty","Slimebound:LivingWall"],"picked":"Slimebound:MassFeed","floor":4.0},{"not_picked":["Slimebound:SamplingLick","Slimebound:MegaLick"],"picked":"Slimebound:GoopSpray","floor":5.0},{"not_picked":["Slimebound:LeadByExample","Slimebound:ItLooksTasty"],"picked":"Slimebound:Overexert","floor":11.0},{"not_picked":["Slimebound:AcidTongue","Slimebound:BestDefense"],"picked":"Slimebound:Gluttony","floor":12.0},{"not_picked":["Slimebound:ItLooksTasty","Slimebound:PressTheAttack"],"picked":"Slimebound:RainOfGoop","floor":13.0},{"not_picked":["Slimebound:RollThrough","Slimebound:HungryTackle"],"picked":"Slimebound:GrowthPunch","floor":15.0},{"not_picked":["Slimebound:MassRepurpose","Slimebound:DuplicatedForm"],"picked":"Slimebound:Recycling","floor":16.0},{"not_picked":["Slimebound:Prepare","Slimebound:SplitMire"],"picked":"Slimebound:Replication","floor":19.0},{"not_picked":["Slimebound:CheckThePlaybook","Slimebound:Repurpose"],"picked":"Slimebound:GoopSpray+1","floor":19.0},{"not_picked":["Slimebound:LeechEnergy","Slimebound:Repurpose"],"picked":"Slimebound:MegaLick","floor":21.0},{"not_picked":["Slimebound:GoopTackle","Slimebound:RollThrough"],"picked":"Slimebound:LeechingTouch","floor":21.0},{"not_picked":["Slimebound:SlimeTap","Slimebound:Chomp"],"picked":"Slimebound:Nibble+1","floor":22.0},{"not_picked":["Slimebound:GrowthPunch+1","Slimebound:SplitAcid"],"picked":"Slimebound:Gluttony+1","floor":26.0},{"not_picked":["Slimebound:ServeAndProtect","Slimebound:ComboTackle"],"picked":"Slimebound:SlimeSpikes","floor":27.0},{"not_picked":["Slimebound:ComboTackle","Slimebound:SplitLeeching"],"picked":"Slimebound:HungryTackle","floor":27.0},{"not_picked":["Slimebound:Gluttony+1","Slimebound:ProtectTheBoss"],"picked":"Slimebound:WasteNot","floor":29.0},{"not_picked":["Slimebound:FlameTackle+1","Slimebound:ForwardTackle"],"picked":"Slimebound:Dissolve","floor":29.0},{"not_picked":["Slimebound:Chomp","Slimebound:GoopSpray"],"picked":"Slimebound:LeadByExample+1","floor":31.0},{"not_picked":["Slimebound:LeechingTouch","Slimebound:SlimeTap+1"],"picked":"Slimebound:ItLooksTasty+1","floor":31.0},{"not_picked":["Slimebound:PressTheAttack+1","Slimebound:SplitAcid"],"picked":"Slimebound:Recollect","floor":32.0},{"not_picked":["Slimebound:ComboTackle","Slimebound:LevelUp"],"picked":"Slimebound:ItLooksTasty","floor":32.0},{"not_picked":["Slimebound:CheckThePlaybook","Slimebound:FirmFortitude"],"picked":"Slimebound:Recycling","floor":33.0},{"not_picked":["Slimebound:Schlurp","Slimebound:SplitBruiser"],"picked":"Slimebound:LivingWall+1","floor":34.0},{"not_picked":["Slimebound:Schlurp","Slimebound:SplitLeeching+1"],"picked":"Slimebound:SpikyOuterGoop","floor":36.0},{"not_picked":["Slimebound:ServeAndProtect+1","Slimebound:SplitBruiser","Slimebound:SlimeBarrage+1"],"picked":"SKIP","floor":36.0},{"not_picked":["Slimebound:LivingWall","Slimebound:ComboTackle+1"],"picked":"Slimebound:AcidTongue+1","floor":37.0},{"not_picked":["expansioncontent:Hexaburn","expansioncontent:YouAreMine"],"picked":"expansioncontent:Chronoboost","floor":38.0},{"not_picked":["expansioncontent:GuardianWhirl","expansioncontent:HyperBeam"],"picked":"expansioncontent:Hexaburn","floor":38.0},{"not_picked":["expansioncontent:LastStand","expansioncontent:HyperBeam"],"picked":"expansioncontent:PolyBeam","floor":38.0},{"not_picked":["Slimebound:LeadByExample","Slimebound:AcidTongue"],"picked":"Slimebound:GoopSpray","floor":39.0},{"not_picked":["Slimebound:ItLooksTasty","Slimebound:RollThrough+1"],"picked":"Slimebound:Schlurp","floor":39.0},{"not_picked":["Slimebound:ComboTackle+1","Slimebound:Prepare+1"],"picked":"Slimebound:LeadByExample","floor":40.0},{"not_picked":["Slimebound:LeechingTouch","Slimebound:LeadByExample"],"picked":"Slimebound:Repurpose+1","floor":40.0},{"not_picked":["Slimebound:ComboTackle+1","Slimebound:BestDefense+1"],"picked":"Slimebound:MinionMaster","floor":42.0},{"not_picked":["Slimebound:Grow+1","Slimebound:GoopTackle"],"picked":"Slimebound:LivingWall+1","floor":42.0},{"not_picked":["Slimebound:FlameTackle","Slimebound:LivingWall+1"],"picked":"Slimebound:ProtectTheBoss+1","floor":43.0}],"player_experience":229559,"relics_obtained":[{"floor":4.0,"key":"Lantern"},{"floor":7.0,"key":"Orichalcum"},{"floor":12.0,"key":"War Paint"},{"floor":17.0,"key":"Strawberry"},{"floor":17.0,"key":"Letter Opener"},{"floor":17.0,"key":"Prayer Wheel"},{"floor":24.0,"key":"Omamori"},{"floor":26.0,"key":"Centennial Puzzle"},{"floor":41.0,"key":"Shuriken"}],"event_choices":[{"damage_healed":0.0,"max_hp_gain":5.0,"max_hp_loss":0.0,"gold_gain":0.0,"event_name":"Big Fish","player_choice":"Donut","floor":9.0,"gold_loss":0.0,"damage_taken":0.0},{"damage_healed":0.0,"max_hp_gain":0.0,"max_hp_loss":0.0,"gold_gain":0.0,"cards_transformed":["Slimebound:Strike_Slimebound"],"event_name":"Living Wall","player_choice":"Change","floor":14.0,"gold_loss":0.0,"damage_taken":0.0,"cards_obtained":["Slimebound:SlimeSpikes"]},{"damage_healed":0.0,"max_hp_gain":0.0,"max_hp_loss":0.0,"gold_gain":0.0,"event_name":"Addict","player_choice":"Stole Relic","floor":23.0,"gold_loss":0.0,"damage_taken":0.0,"relics_obtained":["hexamod:CandleOfCauterizing"],"cards_obtained":["Pride"]},{"damage_healed":0.0,"max_hp_gain":0.0,"max_hp_loss":0.0,"gold_gain":0.0,"event_name":"Vampires","player_choice":"Ignored","floor":25.0,"gold_loss":0.0,"damage_taken":0.0},{"damage_healed":0.0,"max_hp_gain":0.0,"max_hp_loss":0.0,"gold_gain":0.0,"event_name":"NoteForYourself","player_choice":"Ignored","floor":44.0,"gold_loss":0.0,"damage_taken":0.0}],"is_beta":false,"boss_relics":[{"not_picked":["Black Star","Slimebound:AbsorbEndCombatUpgraded"],"picked":"Calling Bell"},{"not_picked":["Fusion Hammer","Pandora\u0027s Box"],"picked":"Tiny House"}],"items_purged_floors":[43],"is_endless":false,"potions_floor_spawned":[2,4,5,13,21,31,32,33,40],"killed_by":"Writhing Mass","ascension_level":0}}