{"host":"0o4jkshs65tojivq","time":1611118135,"event":{"mods":["BaseMod","Downfall","Minty Spire (QoL Compilation)","Quick Restart","Slay the Relics Exporter","StSLib"],"gold_per_floor":[99,119,134,134,150,162,162,62,92,92,117,117,117,135,148,148,148,148],"floor_reached":16,"language":"ENG","playtime":1759,"items_purged":[],"score":112,"play_id":"abd94642-2261-4824-bfd9-7f1759680ff3","local_time":"20210119204855","is_ascension_mode":false,"campfire_choices":[{"floor":1,"key":"RECALL"},{"data":"champ:BerserkersShout","floor":8,"key":"SMITH"},{"data":"champ:EnGarde","floor":12,"key":"SMITH"}],"circlet_count":0,"master_deck":["champ:Strike","champ:Strike","champ:Defend","champ:Defend","champ:Defend","champ:Execute","champ:Taunt","champ:BerserkersShout+1","champ:Encircle","Regret","champ:BladeFlurry","champ:PerfectedStrike","champ:EnGarde+1","champ:TripleStrike","champ:Lariat","champ:BladeFlurry"],"relics":["champ:ChampionCrown","Singing Bowl","downfall:HeartBlessingRed","Matryoshka","Du-Vu Doll","Nunchaku"],"acts_visited":["Exordium"],"potions_floor_usage":[15],"damage_taken":[{"damage":10,"enemies":"Small Slimes","floor":2,"turns":4},{"damage":16,"enemies":"Cultist","floor":3,"turns":4},{"damage":3,"enemies":"2 Louse","floor":5,"turns":3},{"damage":56,"enemies":"Exordium Wildlife","floor":6,"turns":6},{"damage":54,"enemies":"Lagavulin","floor":9,"turns":5},{"damage":44,"enemies":"3 Sentries","floor":11,"turns":6},{"damage":10,"enemies":"3 Louse","floor":14,"turns":3},{"damage":33,"enemies":"Lots of Slimes","floor":15,"turns":3},{"damage":36,"enemies":"IC_STATUS_ARCHETYPE","floor":16,"turns":4}],"seed_played":"-715507487935956700","potions_obtained":[{"floor":3,"key":"champ:OpenerPotion"},{"floor":11,"key":"hexamod:SoulburnPotion"}],"is_trial":false,"path_per_floor":["R","M","M","?","M","M","T","R","E","?","E","R","?","M","M","B"],"character_chosen":"THE_CHAMP","items_purchased":[],"campfire_rested":0,"item_purchase_floors":[],"current_hp_per_floor":[99,99,98,98,95,74,74,74,40,73,54,54,36,36,23,0,0,0],"gold":148,"neow_bonus":"TEN_PERCENT_HP_BONUS","is_daily":false,"chose_seed":false,"campfire_upgraded":2,"win_rate":0.0,"timestamp":1611118135,"path_taken":["R","M","M","?","?","M","T","R","E","?","E","R","?","?","M","BOSS"],"items_purchased_type":[],"build_version":"2020-12-22","purchased_purges":0,"victory":false,"max_hp_per_floor":[99,99,99,99,99,99,99,99,99,99,99,99,99,99,99,99,99,99],"card_choices":[{"not_picked":["champ:Encircle","champ:FlashCut"],"picked":"champ:BerserkersShout","floor":2},{"not_picked":["champ:Backstep","champ:BringItOn"],"picked":"champ:Encircle","floor":3},{"not_picked":["champ:PreemptiveStrike","champ:SetATrap"],"picked":"champ:BladeFlurry","floor":5},{"not_picked":["champ:Haymaker","champ:StanceDance"],"picked":"champ:PerfectedStrike","floor":6},{"not_picked":["champ:Shatter","champ:FocusedDefense"],"picked":"champ:EnGarde","floor":9},{"not_picked":["champ:TornadoPunch","champ:Encircle"],"picked":"champ:TripleStrike","floor":11},{"not_picked":["champ:DefensiveShout","champ:BerserkersShout"],"picked":"champ:Lariat","floor":14},{"not_picked":["champ:Parry","champ:TornadoPunch"],"picked":"champ:BladeFlurry","floor":15}],"player_experience":1129722,"relics_obtained":[{"floor":7,"key":"Singing Bowl"},{"floor":9,"key":"Matryoshka"},{"floor":11,"key":"Du-Vu Doll"}],"event_choices":[{"damage_healed":33,"gold_gain":0,"player_choice":"Banana","damage_taken":0,"max_hp_gain":0,"max_hp_loss":0,"event_name":"Big Fish","floor":10,"gold_loss":0},{"damage_healed":0,"gold_gain":0,"player_choice":"Success","damage_taken":18,"relics_obtained":["Nunchaku"],"max_hp_gain":0,"max_hp_loss":0,"event_name":"Scrap Ooze","floor":13,"gold_loss":0}],"is_beta":false,"boss_relics":[],"items_purged_floors":[],"is_endless":false,"potions_floor_spawned":[3,11],"killed_by":"IC_STATUS_ARCHETYPE","ascension_level":0}}