{"host":"ypphcgdomtfqpc2w","time":1611130681,"event":{"mods":["BaseMod","DeckTracker","Minty Spire (QoL Compilation)","Relic Stats","StSLib"],"gold_per_floor":[163,176,196,56,56,56,56,56,56,70,99,114,145,164,164,164,164],"floor_reached":16,"language":"ENG","playtime":1027,"items_purged":[],"score":324,"play_id":"9920471e-e76d-47ee-b0fa-7fcdc7281a3e","local_time":"20210120171801","is_ascension_mode":true,"campfire_choices":[{"data":"Perfected Strike","floor":6.0,"key":"SMITH"},{"floor":8.0,"key":"REST"},{"data":"Pommel Strike","floor":15.0,"key":"SMITH"}],"circlet_count":0,"master_deck":["AscendersBane","Strike_R","Strike_R","Strike_R","Strike_R","Strike_R","Defend_R","Defend_R","Defend_R","Defend_R+1","Bash","Shrug It Off","Perfected Strike+1","True Grit+1","Wild Strike","Pommel Strike+1","Feel No Pain","Inflame","Impervious","Second Wind","Ghostly Armor"],"relics":["Tiny House","PreservedInsect","Thread and Needle","Centennial Puzzle","White Beast Statue"],"acts_visited":["Exordium"],"potions_floor_usage":[16,16],"damage_taken":[{"damage":7.0,"enemies":"Small Slimes","floor":1.0,"turns":3.0},{"damage":0.0,"enemies":"Cultist","floor":2.0,"turns":3.0},{"damage":2.0,"enemies":"Jaw Worm","floor":3.0,"turns":5.0},{"damage":1.0,"enemies":"Blue Slaver","floor":10.0,"turns":4.0},{"damage":0.0,"enemies":"3 Sentries","floor":11.0,"turns":9.0},{"damage":0.0,"enemies":"Large Slime","floor":12.0,"turns":6.0},{"damage":0.0,"enemies":"Lagavulin","floor":13.0,"turns":4.0},{"damage":13.0,"enemies":"Exordium Wildlife","floor":14.0,"turns":5.0},{"damage":39,"enemies":"Hexaghost","floor":16,"turns":11}],"seed_played":"8751297678260775373","potions_obtained":[{"floor":0.0,"key":"Weak Potion"},{"floor":3.0,"key":"LiquidMemories"},{"floor":14.0,"key":"SpeedPotion"}],"is_trial":false,"path_per_floor":["M","M","M","$","?","R","?","R","T","M","E","M","E","M","R","B"],"character_chosen":"IRONCLAD","items_purchased":["Pommel Strike","Feel No Pain"],"campfire_rested":1,"item_purchase_floors":[4,4],"current_hp_per_floor":[66,66,64,64,29,29,29,53,53,52,52,52,52,39,39,0,0],"gold":164,"neow_bonus":"BOSS_RELIC","is_daily":false,"chose_seed":false,"campfire_upgraded":2,"win_rate":0.0,"timestamp":1611130681,"path_taken":["M","M","M","$","?","R","?","R","T","M","E","M","E","M","R","BOSS"],"items_purchased_type":["Card","Card"],"build_version":"2020-12-22","purchased_purges":0,"victory":false,"max_hp_per_floor":[80,80,80,80,80,80,80,80,80,80,80,80,80,80,80,80,80],"relic_stats":{"Centennial Puzzle":[6],"counters":[9,50],"PreservedInsect":61,"obtain_stats":[{"Centennial Puzzle":11,"Tiny House":0,"Thread and Needle":9,"PreservedInsect":5,"Burning Blood":0,"White Beast Statue":13},{"Centennial Puzzle":5,"Tiny House":0,"Thread and Needle":3,"PreservedInsect":3,"Burning Blood":0,"White Beast Statue":7},{"Centennial Puzzle":24,"Tiny House":0,"Thread and Needle":11,"PreservedInsect":11,"Burning Blood":0,"White Beast Statue":34}]},"card_choices":[{"not_picked":["Warcry","Clash"],"picked":"Shrug It Off","floor":0.0},{"not_picked":["Heavy Blade","Twin Strike"],"picked":"Perfected Strike","floor":1.0},{"not_picked":["Dropkick","Rage"],"picked":"True Grit","floor":2.0},{"not_picked":["Body Slam","Pummel"],"picked":"Wild Strike","floor":3.0},{"not_picked":["Carnage","Anger"],"picked":"Inflame","floor":10.0},{"not_picked":["Headbutt","Sword Boomerang"],"picked":"Impervious","floor":11.0},{"not_picked":["Warcry","Flex","Havoc"],"picked":"SKIP","floor":12.0},{"not_picked":["Warcry","Flex","Havoc"],"picked":"SKIP","floor":12.0},{"not_picked":["Uppercut","Pommel Strike"],"picked":"Second Wind","floor":13.0},{"not_picked":["Clothesline","Anger"],"picked":"Ghostly Armor","floor":14.0}],"player_experience":2066205,"relics_obtained":[{"floor":9.0,"key":"Thread and Needle"},{"floor":11.0,"key":"Centennial Puzzle"},{"floor":13.0,"key":"White Beast Statue"}],"event_choices":[{"damage_healed":0.0,"max_hp_gain":0.0,"max_hp_loss":0.0,"gold_gain":0.0,"event_name":"Scrap Ooze","player_choice":"Success","floor":5.0,"gold_loss":0.0,"damage_taken":35.0,"relics_obtained":["PreservedInsect"]},{"damage_healed":0.0,"max_hp_gain":0.0,"max_hp_loss":0.0,"gold_gain":0.0,"event_name":"Living Wall","player_choice":"Grow","floor":7.0,"gold_loss":0.0,"damage_taken":0.0,"cards_upgraded":["True Grit"]}],"is_beta":false,"boss_relics":[],"items_purged_floors":[],"is_endless":false,"potions_floor_spawned":[3,10,11,14],"killed_by":"Hexaghost","ascension_level":20}}