{"host":"ao4lxi9bhtts409i","time":1611181830,"event":{"mods":["AchievementEnabler","BaseMod","Colored Map","Colored Powertips","Minty Spire (QoL Compilation)","SuperFastMode"],"gold_per_floor":[112,112,126,126,126,126,136,156,156,156,171,187,187,215,215,310,310,320,336,355,445,461,461,135,135,135,135,59,89,103,121,121,121,121],"floor_reached":33,"language":"ENG","playtime":1320,"items_purged":[],"score":323,"play_id":"318d5236-10e8-4a3e-afe7-a15793c59d47","local_time":"20210120233030","is_ascension_mode":true,"campfire_choices":[{"floor":6,"key":"DIG"},{"floor":10,"key":"DIG"},{"floor":13,"key":"REST"},{"floor":15,"key":"DIG"},{"floor":23,"key":"DIG"},{"floor":27,"key":"DIG"},{"floor":32,"key":"DIG"}],"circlet_count":0,"master_deck":["Strike_B","Strike_B","Strike_B","Defend_B","Defend_B","Defend_B","Defend_B","Zap","Dualcast","Defragment","Double Energy","Ball Lightning","Tempest+1","Steam+1","Steam+1","Cold Snap","Lockon","Electrodynamics","Compile Driver","Capacitor+1","Go for the Eyes","Self Repair","Seek+1","Self Repair","Cold Snap","Conserve Battery+1"],"relics":["Cracked Core","Shovel","Bottled Tornado","Toxic Egg 2","Sundial","Symbiotic Virus","Matryoshka","Pear","Busted Crown","Bag of Preparation","Lee\u0027s Waffle","Happy Flower","Torii","Letter Opener","Dream Catcher","Meat on the Bone"],"acts_visited":["Exordium","TheCity"],"potions_floor_usage":[3,14,14,16,30,30,33],"damage_taken":[{"damage":2,"enemies":"2 Louse","floor":1,"turns":3},{"damage":0,"enemies":"Jaw Worm","floor":3,"turns":3},{"damage":0,"enemies":"Cultist","floor":7,"turns":3},{"damage":32,"enemies":"Large Slime","floor":8,"turns":4},{"damage":11,"enemies":"Exordium Wildlife","floor":11,"turns":5},{"damage":16,"enemies":"Lots of Slimes","floor":12,"turns":3},{"damage":0,"enemies":"3 Sentries","floor":14,"turns":4},{"damage":33,"enemies":"The Guardian","floor":16,"turns":10},{"damage":0,"enemies":"Spheric Guardian","floor":18,"turns":3},{"damage":1,"enemies":"2 Thieves","floor":19,"turns":3},{"damage":7,"enemies":"3 Cultists","floor":20,"turns":3},{"damage":18,"enemies":"Centurion and Healer","floor":22,"turns":6},{"damage":14,"enemies":"Book of Stabbing","floor":29,"turns":4},{"damage":13,"enemies":"Chosen and Byrds","floor":30,"turns":5},{"damage":16,"enemies":"Snecko","floor":31,"turns":6},{"damage":75,"enemies":"Champ","floor":33,"turns":9}],"seed_played":"-5768207945503400990","potions_obtained":[{"floor":1,"key":"Block Potion"},{"floor":7,"key":"PotionOfCapacity"},{"floor":11,"key":"EssenceOfDarkness"},{"floor":12,"key":"PowerPotion"},{"floor":16,"key":"Explosive Potion"},{"floor":19,"key":"PotionOfCapacity"},{"floor":29,"key":"SkillPotion"}],"is_trial":false,"path_per_floor":["M","?","M","T","?","R","M","M","T","R","M","M","R","E","R","B",null,"M","M","M","?","M","R","$","?","T","R","$","E","M","M","R","B"],"character_chosen":"DEFECT","items_purchased":["Self Repair","Lee\u0027s Waffle","Seek+1","Self Repair"],"campfire_rested":1,"item_purchase_floors":[24,24,24,28],"current_hp_per_floor":[66,66,66,66,66,66,66,34,34,34,23,7,27,27,37,4,78,78,77,70,58,40,40,85,76,76,76,76,76,77,75,75,0,0],"gold":121,"neow_bonus":"ONE_RARE_RELIC","is_daily":false,"chose_seed":false,"campfire_upgraded":0,"win_rate":0.0,"timestamp":1611181830,"path_taken":["M","?","M","?","?","R","M","M","T","R","M","M","R","E","R","BOSS","M","M","M","?","?","R","$","?","T","R","$","E","M","M","R","BOSS"],"items_purchased_type":["Card","Relic","Card","Card"],"build_version":"2020-12-22","purchased_purges":0,"victory":false,"max_hp_per_floor":[68,68,68,68,68,68,68,68,68,68,68,68,68,68,78,78,78,78,78,78,78,78,78,85,85,85,85,85,85,85,85,85,85,85],"card_choices":[{"not_picked":["Beam Cell","Sunder"],"picked":"Defragment","floor":1},{"not_picked":["White Noise","Compile Driver"],"picked":"Ball Lightning","floor":3},{"not_picked":["Gash","Redo+1"],"picked":"Tempest+1","floor":7},{"not_picked":["Tempest+1","Rebound"],"picked":"Steam+1","floor":8},{"not_picked":["Blizzard","Ball Lightning"],"picked":"Steam+1","floor":11},{"not_picked":["Compile Driver","Redo+1"],"picked":"Cold Snap","floor":12},{"not_picked":["Compile Driver","Reboot+1"],"picked":"Lockon","floor":14},{"not_picked":["Meteor Strike","Reboot+1"],"picked":"Electrodynamics","floor":16},{"not_picked":[],"picked":"Compile Driver","floor":18},{"not_picked":[],"picked":"Capacitor+1","floor":19},{"not_picked":[],"picked":"Go for the Eyes","floor":20},{"not_picked":["White Noise+1"],"picked":"SKIP","floor":22},{"not_picked":[],"picked":"Cold Snap","floor":29},{"not_picked":["Undo+1"],"picked":"SKIP","floor":30},{"not_picked":[],"picked":"Conserve Battery+1","floor":31}],"player_experience":229790,"relics_obtained":[{"floor":4,"key":"Bottled Tornado"},{"floor":6,"key":"Toxic Egg 2"},{"floor":9,"key":"Sundial"},{"floor":10,"key":"Symbiotic Virus"},{"floor":14,"key":"Matryoshka"},{"floor":15,"key":"Pear"},{"floor":23,"key":"Bag of Preparation"},{"floor":26,"key":"Happy Flower"},{"floor":26,"key":"Torii"},{"floor":27,"key":"Letter Opener"},{"floor":29,"key":"Dream Catcher"},{"floor":32,"key":"Meat on the Bone"}],"event_choices":[{"damage_healed":0,"gold_gain":0,"cards_transformed":["Strike_B"],"player_choice":"Change","damage_taken":0,"max_hp_gain":0,"max_hp_loss":0,"event_name":"Living Wall","floor":2,"gold_loss":0,"cards_obtained":["Double Energy"]},{"damage_healed":0,"gold_gain":0,"player_choice":"Ignored","damage_taken":0,"max_hp_gain":0,"max_hp_loss":0,"event_name":"Liars Game","floor":5,"gold_loss":0},{"damage_healed":0,"gold_gain":90,"player_choice":"GOLD ","damage_taken":12,"max_hp_gain":0,"max_hp_loss":0,"event_name":"Knowing Skull","floor":21,"potions_obtained":[],"gold_loss":0,"cards_obtained":[]},{"damage_healed":0,"gold_gain":0,"player_choice":"Stopped","damage_taken":9,"max_hp_gain":0,"max_hp_loss":0,"event_name":"Cursed Tome","floor":25,"gold_loss":0}],"is_beta":false,"boss_relics":[{"not_picked":["Tiny House","Pandora\u0027s Box"],"picked":"Busted Crown"}],"items_purged_floors":[],"is_endless":false,"potions_floor_spawned":[1,7,11,12,16,19,29],"killed_by":"Champ","ascension_level":2}}