{"host":"y8cpnk8u7pqs5ve6","time":1611146723,"event":{"mods":["Act Like it!","BaseMod","Gold Saver","Hallownest","Hermit","Minty Spire (QoL Compilation)","Quick Restart","StSLib","The Alterego","The Cursed","The Servant 0.9.4","WarShipGirlsR/’ΩΩ¢…Ÿ≈ÆR mod","Yakumo Yukari mod"],"gold_per_floor":[560,580,580,580,596,596,614,614,691,346,123,136,211,230,230,330,330,341,360,285,298,298,298,298,311,311,288,288,288],"floor_reached":28,"language":"ZHS","playtime":1528,"items_purged":["Decay"],"score":310,"play_id":"97694ff1-b402-46ad-86a0-4a9ec429eecc","local_time":"20210120204523","is_ascension_mode":false,"campfire_choices":[{"data":"alterego_mod:Tantrum","floor":6,"key":"SMITH"},{"data":"alterego_mod:SideboobHour","floor":15,"key":"SMITH"},{"data":"alterego_mod:DiscoLights","floor":24,"key":"SMITH"}],"circlet_count":0,"master_deck":["alterego_mod:Strike","alterego_mod:Defend","alterego_mod:Defend","alterego_mod:Impale","alterego_mod:BigMeatyClaws","alterego_mod:BrynhildrsRune","alterego_mod:DiscoLights+1","alterego_mod:BusterCard","alterego_mod:Tantrum+1","alterego_mod:SideboobHour+1","alterego_mod:Undulate","alterego_mod:Cooking","alterego_mod:ClassAdvantage","alterego_mod:BiFurious","alterego_mod:Cooking","alterego_mod:BiFurious","alterego_mod:Bounce","alterego_mod:DeftHands","alterego_mod:Pet"],"relics":["Astrolabe","Eternal Feather","Vajra","Lee\u0027s Waffle","Sozu","Matryoshka"],"acts_visited":["Exordium","TheCity"],"potions_floor_usage":[12,16],"damage_taken":[{"damage":8.0,"enemies":"Small Slimes","floor":1.0,"turns":5.0},{"damage":12,"enemies":"Jaw Worm","floor":2,"turns":5},{"damage":8,"enemies":"Cultist","floor":5,"turns":4},{"damage":26,"enemies":"3 Louse","floor":7,"turns":4},{"damage":39,"enemies":"Exordium Thugs","floor":12,"turns":6},{"damage":8,"enemies":"2 Fungi Beasts","floor":14,"turns":4},{"damage":16,"enemies":"Hexaghost","floor":16,"turns":6},{"damage":23,"enemies":"Shell Parasite","floor":18,"turns":4},{"damage":9,"enemies":"Spheric Guardian","floor":19,"turns":5},{"damage":49,"enemies":"Shelled Parasite and Fungi","floor":21,"turns":5},{"damage":42,"enemies":"Cultist and Chosen","floor":25,"turns":5},{"damage":22,"enemies":"Chosen and Byrds","floor":28,"turns":4}],"seed_played":"-223581667774488865","potions_obtained":[{"floor":1.0,"key":"SteroidPotion"},{"floor":7,"key":"PowerPotion"},{"floor":14,"key":"PowerPotion"},{"floor":16,"key":"Regen Potion"}],"is_trial":false,"path_per_floor":["M","M","?","?","M","R","M","?","T","$","$","M","?","M","R","B",null,"M","M","?","M","?","?","R","M","T","$","M"],"character_chosen":"The_Alterego","items_purchased":["Vajra","alterego_mod:Cooking","Lee\u0027s Waffle","alterego_mod:ClassAdvantage","alterego_mod:Pet"],"campfire_rested":0,"item_purchase_floors":[10,10,10,11,27],"current_hp_per_floor":[62,50,50,50,42,42,16,16,16,77,77,38,27,22,28,15,77,54,51,51,15,40,40,49,13,13,13,0,0],"gold":288,"neow_bonus":"BOSS_RELIC","is_daily":false,"chose_seed":false,"campfire_upgraded":3,"win_rate":0.0,"timestamp":1611146723,"path_taken":["M","M","?","?","?","R","M","?","T","?","$","M","?","M","R","BOSS","M","M","?","M","?","?","R","?","T","$","M"],"items_purchased_type":["Relic","Card","Relic","Card","Card"],"build_version":"2020-12-22","purchased_purges":1,"victory":false,"max_hp_per_floor":[70,70,70,70,70,70,70,70,70,77,77,77,77,77,77,77,77,77,77,77,77,77,77,77,77,77,77,77,77],"card_choices":[{"not_picked":["alterego_mod:DestructionOfProperty","alterego_mod:Mirror"],"picked":"alterego_mod:DiscoLights","floor":1.0},{"not_picked":["alterego_mod:Lingerie","alterego_mod:GoddessCore","alterego_mod:DiscoLights"],"picked":"SKIP","floor":2},{"not_picked":["alterego_mod:Mirror","alterego_mod:Punishment"],"picked":"alterego_mod:SideboobHour","floor":5},{"not_picked":["alterego_mod:SuperDuperMasochism","alterego_mod:BreastValley"],"picked":"alterego_mod:Undulate","floor":7},{"not_picked":["alterego_mod:GachaTicket","alterego_mod:Jiggle"],"picked":"alterego_mod:BiFurious","floor":12},{"not_picked":["alterego_mod:IdEs","alterego_mod:Stockings","alterego_mod:Jiggle"],"picked":"SKIP","floor":14},{"not_picked":["alterego_mod:Tantrum","alterego_mod:SideboobHour"],"picked":"alterego_mod:ClassAdvantage","floor":16},{"not_picked":["alterego_mod:Table","alterego_mod:Rip"],"picked":"alterego_mod:Cooking","floor":18},{"not_picked":["alterego_mod:1TonWallop","alterego_mod:Punishment"],"picked":"alterego_mod:BiFurious","floor":19},{"not_picked":["alterego_mod:Belle","alterego_mod:Stockings"],"picked":"alterego_mod:Bounce","floor":21},{"not_picked":["alterego_mod:Bounce","alterego_mod:Belts"],"picked":"alterego_mod:DeftHands","floor":25}],"player_experience":227784,"relics_obtained":[{"floor":9,"key":"Eternal Feather"},{"floor":26,"key":"Matryoshka"}],"event_choices":[{"damage_healed":0,"gold_gain":0,"cards_transformed":["alterego_mod:Defend"],"player_choice":"Change","damage_taken":0,"max_hp_gain":0,"max_hp_loss":0,"event_name":"Living Wall","floor":3,"gold_loss":0,"cards_obtained":["alterego_mod:BusterCard"]},{"damage_healed":0,"gold_gain":0,"cards_transformed":["alterego_mod:Strike"],"player_choice":"Transformed","damage_taken":0,"max_hp_gain":0,"max_hp_loss":0,"event_name":"Transmorgrifier","floor":4,"gold_loss":0,"cards_obtained":["alterego_mod:Tantrum"]},{"damage_healed":0,"gold_gain":0,"player_choice":"Cursed","damage_taken":0,"max_hp_gain":0,"max_hp_loss":0,"event_name":"Wheel of Change","floor":8,"gold_loss":0,"cards_obtained":["Decay"]},{"damage_healed":0,"gold_gain":75,"player_choice":"Gather Gold","damage_taken":11,"max_hp_gain":0,"max_hp_loss":0,"event_name":"World of Goop","floor":13,"gold_loss":0},{"cards_removed":["alterego_mod:ClassAdvantage"],"damage_healed":0,"gold_gain":0,"player_choice":"Gave Gold","damage_taken":0,"max_hp_gain":0,"max_hp_loss":0,"event_name":"Beggar","floor":20,"gold_loss":75},{"damage_healed":25,"gold_gain":0,"player_choice":"Heal","damage_taken":0,"max_hp_gain":0,"max_hp_loss":0,"event_name":"The Library","floor":22,"gold_loss":0},{"damage_healed":0,"gold_gain":0,"player_choice":"Ignored","damage_taken":0,"max_hp_gain":0,"max_hp_loss":0,"event_name":"NoteForYourself","floor":23,"gold_loss":0}],"is_beta":false,"boss_relics":[{"not_picked":["Fusion Hammer","Runic Pyramid"],"picked":"Sozu"}],"items_purged_floors":[11],"is_endless":false,"potions_floor_spawned":[1,7,14,16,19,21,25],"killed_by":"Chosen and Byrds","ascension_level":0}}