{"host":"sn8w3lpoio0gnvh3","time":1611108052,"event":{"mods":["Act Like it!","BaseMod","Colored Map","Downfall","Energized Spire","GifTheSpireLib","HololiveMod","Lobotomy","Marisa????????","Minty Spire (QoL Compilation)","StSLib","The Animator"],"gold_per_floor":[199,210,226,243,261,280,280,280,294,294,304,331,344,355,371,476,476,476,489,474,493,56,56,56,56,75,75,91,91,91,91,107,202,502,502,512,532,547,564,614,614,535,99,99,99,127,143,161,176,176,176],"floor_reached":52,"language":"ENG","playtime":5993,"items_purged":["Madness","champ:Strike","champ:Defend"],"score":744,"play_id":"d9af58d7-ebe1-4086-af0a-095100482ce7","local_time":"20210119210052","is_ascension_mode":false,"campfire_choices":[{"data":"champ:Taunt","floor":1.0,"key":"SMITH"},{"data":"champ:CrookedStrike","floor":8.0,"key":"SMITH"},{"data":"champ:CrookedStrike","floor":10.0,"key":"SMITH"},{"data":"champ:ArenaPreparation","floor":18.0,"key":"SMITH"},{"data":"champ:EnGarde","floor":23,"key":"SMITH"},{"data":"1","floor":25,"key":"LIFT"},{"data":"champ:FaceSlap","floor":27,"key":"SMITH"},{"data":"champ:Devastate","floor":35,"key":"SMITH"},{"data":"champ:GladiatorForm","floor":44,"key":"SMITH"}],"circlet_count":0,"master_deck":["champ:Strike+1","champ:Strike","champ:Strike","champ:Defend","champ:Defend","champ:Defend","champ:Execute","champ:Taunt+1","champ:BringItOn","champ:CrookedStrike+1","champ:Backstep","champ:AdrenalArmor","champ:CrookedStrike+1","champ:FanOfKnives","champ:ArenaPreparation+1","champ:EnragedBash","champ:BringItOn","champ:RapidStrikes","champ:ShieldSlam","champ:StanceDance+1","champ:AdrenalArmor","champ:PerfectedStrike+1","champ:PreciseThrust+1","champ:RecklessLeap","champ:BladeFlurry","champ:EnGarde+1","champ:FaceSlap+1","champ:GladiatorStyle","champ:FaceSlap","champ:Devastate+1","CurseOfTheBell","champ:GladiatorForm+1","champ:PreemptiveStrike+1","champ:ShieldWall","champ:CalledShot","champ:IronFortress","champ:MurderStrike","champ:DancingMaster"],"relics":["champ:ChampionCrown","Matryoshka","Blood Vial","Philosopher\u0027s Stone","Lee\u0027s Waffle","Anchor","Girya","Enchiridion","Calling Bell","Bag of Marbles","Blue Candle","Old Coin","Bird Faced Urn","Darkstone Periapt","Whetstone","Art of War","Happy Flower"],"acts_visited":["Exordium","TheCity","TheBeyond"],"potions_floor_usage":[22,33,33,39,42,42,46,49,50,50,50],"damage_taken":[{"damage":14.0,"enemies":"Cultist","floor":2.0,"turns":5.0},{"damage":1.0,"enemies":"Jaw Worm","floor":3.0,"turns":6.0},{"damage":0.0,"enemies":"Small Slimes","floor":4.0,"turns":4.0},{"damage":9.0,"enemies":"2 Fungi Beasts","floor":5.0,"turns":4.0},{"damage":0.0,"enemies":"Red Slaver","floor":6.0,"turns":4.0},{"damage":7.0,"enemies":"Blue Slaver","floor":9.0,"turns":4.0},{"damage":7.0,"enemies":"2 Fungi Beasts","floor":11.0,"turns":5.0},{"damage":30.0,"enemies":"3 Sentries","floor":12.0,"turns":8.0},{"damage":12.0,"enemies":"Red Slaver","floor":13.0,"turns":4.0},{"damage":9.0,"enemies":"3 Louse","floor":14.0,"turns":3.0},{"damage":14.0,"enemies":"Lots of Slimes","floor":15.0,"turns":4.0},{"damage":30.0,"enemies":"downfall:Defect","floor":16.0,"turns":7.0},{"damage":65.0,"enemies":"Chosen","floor":19.0,"turns":9.0},{"damage":21.0,"enemies":"downfall:FleeingMerchant","floor":20.0,"turns":4.0},{"damage":26,"enemies":"Centurion and Healer","floor":21,"turns":7},{"damage":27,"enemies":"downfall:FleeingMerchant","floor":22,"turns":4},{"damage":45,"enemies":"Shelled Parasite and Fungi","floor":26,"turns":4},{"damage":38,"enemies":"Snake Plant","floor":28,"turns":3},{"damage":35,"enemies":"Centurion and Healer","floor":32,"turns":3},{"damage":61,"enemies":"IC_MUSHROOM_ARCHETYPE","floor":33,"turns":4},{"damage":73,"enemies":"3 Darklings","floor":36,"turns":5},{"damage":32,"enemies":"3 Shapes","floor":37,"turns":5},{"damage":35,"enemies":"Maw","floor":38,"turns":5},{"damage":73,"enemies":"Spire Growth","floor":39,"turns":5},{"damage":62,"enemies":"Spire Growth","floor":40,"turns":4},{"damage":30,"enemies":"downfall:FleeingMerchant","floor":42,"turns":3},{"damage":68,"enemies":"Giant Head","floor":46,"turns":6},{"damage":12,"enemies":"Writhing Mass","floor":47,"turns":3},{"damage":65,"enemies":"Transient","floor":48,"turns":5},{"damage":32,"enemies":"3 Darklings","floor":49,"turns":5},{"damage":21,"enemies":"SI_POISON_ARCHETYPE","floor":50,"turns":10}],"seed_played":"-3674045219392305094","potions_obtained":[{"floor":4.0,"key":"DistilledChaos"},{"floor":6.0,"key":"SpeedPotion"},{"floor":11.0,"key":"ColorlessPotion"},{"floor":13.0,"key":"PowerPotion"},{"floor":19.0,"key":"Swift Potion"},{"floor":26,"key":"DistilledChaos"},{"floor":28,"key":"SkillPotion"},{"floor":33,"key":"Ancient Potion"},{"floor":38,"key":"ColorlessPotion"},{"floor":40,"key":"champ:CounterPotion"},{"floor":46,"key":"hexamod:SoulburnPotion"},{"floor":49,"key":"Weak Potion"}],"is_trial":false,"path_per_floor":["R","M","M","M","M","M","T","R","M","R","M","E","M","M","M","B",null,"R","M","$","M","$","R","T","R","M","R","M","?","?","?","M","B",null,"R","M","M","M","M","?","T","?","$","R","?","E","M","M","M","B",null,null],"character_chosen":"THE_CHAMP","items_purchased":["champ:RecklessLeap","Lee\u0027s Waffle","champ:BladeFlurry","BlessingOfTheForge","champ:EnGarde","Whetstone","champ:ShieldWall","champ:CounterPotion","Fire Potion","Art of War","champ:CalledShot","champ:IronFortress"],"campfire_rested":0,"item_purchase_floors":[22,22,22,22,22,42,42,42,42,43,43,43],"current_hp_per_floor":[90,81,80,80,76,76,76,76,76,76,76,57,59,60,62,50,90,90,42,44,40,97,97,97,97,87,87,86,86,70,65,67,58,97,97,74,74,76,40,25,25,31,31,31,31,28,22,30,31,42,42],"gold":176,"neow_bonus":"HUNDRED_GOLD","is_daily":false,"chose_seed":false,"campfire_upgraded":8,"win_rate":0.0,"timestamp":1611108052,"path_taken":["R","M","M","?","?","M","T","R","M","R","M","E","M","M","M","BOSS","R","M","$","M","?","R","T","R","M","R","M","?","?","?","M","BOSS","R","M","M","M","M","?","T","?","$","R","?","E","M","M","M","BOSS"],"items_purchased_type":["Card","Relic","Card","Potion","Card","Relic","Card","Potion","Potion","Relic","Card","Card"],"build_version":"2020-12-22","purchased_purges":3,"victory":true,"max_hp_per_floor":[90,90,90,90,90,90,90,90,90,90,90,90,90,90,90,90,90,90,90,90,90,97,97,97,97,97,97,97,97,97,97,97,97,97,97,97,97,97,97,97,97,97,97,97,97,97,97,97,97,97,97],"card_choices":[{"not_picked":["champ:EndlessRage","champ:GutPunch"],"picked":"champ:BringItOn","floor":2.0},{"not_picked":["champ:RapidStrikes","champ:GladiatorsShout"],"picked":"champ:FocusedGladiator","floor":3.0},{"not_picked":["champ:TornadoPunch","champ:FalseCounter"],"picked":"champ:CrookedStrike","floor":4.0},{"not_picked":["champ:Duel","champ:BerserkersShout"],"picked":"champ:Backstep","floor":5.0},{"not_picked":["champ:GladiatorsShout","champ:BladeFlurry"],"picked":"champ:AdrenalArmor","floor":6.0},{"not_picked":["champ:TornadoPunch","champ:BladeFlurry"],"picked":"champ:CrookedStrike","floor":9.0},{"not_picked":["champ:StrikeOfGenius","champ:PerfectedStrike"],"picked":"champ:FanOfKnives","floor":11.0},{"not_picked":["champ:FlashCut","champ:BladeFlurry"],"picked":"champ:ArenaPreparation","floor":12.0},{"not_picked":["champ:PerfectForm","champ:PerfectedStrike"],"picked":"champ:EnragedBash","floor":13.0},{"not_picked":["champ:Duel","champ:DefensiveShout"],"picked":"champ:BringItOn","floor":14.0},{"not_picked":["champ:BerserkerStyle","champ:FlashCut"],"picked":"champ:RapidStrikes","floor":15.0},{"not_picked":["champ:CheapShot","champ:SwordThrow"],"picked":"champ:ShieldSlam","floor":16.0},{"not_picked":["champ:Circumvent","champ:TornadoPunch"],"picked":"champ:StanceDance+1","floor":19.0},{"not_picked":["champ:CrownThrow","champ:Lariat"],"picked":"champ:AdrenalArmor","floor":20},{"not_picked":["champ:BerserkersShout","champ:DefensiveShout"],"picked":"champ:PerfectedStrike+1","floor":21},{"not_picked":["champ:EndlessRage","champ:FanOfKnives"],"picked":"champ:PreciseThrust","floor":22},{"not_picked":["champ:FancyFootwork","champ:FlashCut"],"picked":"champ:FaceSlap","floor":26},{"not_picked":["champ:PreciseThrust+1","champ:TornadoPunch"],"picked":"champ:GladiatorStyle","floor":28},{"not_picked":["champ:BringItOn","champ:TornadoPunch"],"picked":"champ:FaceSlap","floor":32},{"not_picked":["champ:HoldFirm","champ:Improvising"],"picked":"champ:Devastate","floor":33},{"not_picked":["champ:CrownThrow+1","champ:BringItOn+1","champ:EndlessRage+1"],"picked":"SKIP","floor":36},{"not_picked":["champ:RecklessLeap+1","champ:Parry+1"],"picked":"champ:GladiatorForm","floor":37},{"not_picked":["champ:SkillfulDodge","champ:EndlessRage","champ:PreciseThrust+1"],"picked":"SKIP","floor":38},{"not_picked":["champ:Lariat+1","champ:BladeFlurry","champ:BerserkersShout+1"],"picked":"SKIP","floor":39},{"not_picked":["champ:AdrenalArmor","champ:Shatter"],"picked":"champ:PreemptiveStrike+1","floor":42},{"not_picked":["champ:Duel+1","champ:BladeFlurry+1"],"picked":"champ:DancingMaster","floor":46},{"not_picked":["champ:PreciseThrust+1","champ:FocusedBerserking","champ:Haymaker"],"picked":"SKIP","floor":47},{"not_picked":["champ:Backstep+1","champ:RapidStrikes","champ:GutPunch+1"],"picked":"SKIP","floor":48},{"not_picked":["champ:ShieldSlam","champ:CrownThrow","champ:GutPunch"],"picked":"SKIP","floor":49}],"player_experience":1539849,"relics_obtained":[{"floor":7.0,"key":"Matryoshka"},{"floor":12.0,"key":"Blood Vial"},{"floor":24,"key":"Anchor"},{"floor":24,"key":"Girya"},{"floor":30,"key":"Enchiridion"},{"floor":34,"key":"Bag of Marbles"},{"floor":34,"key":"Blue Candle"},{"floor":34,"key":"Old Coin"},{"floor":40,"key":"Bird Faced Urn"},{"floor":41,"key":"Omamori"},{"floor":41,"key":"Darkstone Periapt"},{"floor":46,"key":"Happy Flower"}],"event_choices":[],"is_beta":false,"boss_relics":[{"not_picked":["SlaversCollar","Fusion Hammer"],"picked":"Philosopher\u0027s Stone"},{"not_picked":["Busted Crown","energizedSpire:StickyHand"],"picked":"Calling Bell"}],"items_purged_floors":[22,42,43],"is_endless":false,"potions_floor_spawned":[4,6,11,13,14,19,26,28,33,38,40,46,49],"ascension_level":0}}