{"host":"l4kdldlios54gl54","time":1611109593,"event":{"mods":["AchievementEnabler","BaseMod","Colored Map","Colored Powertips","Minty Spire (QoL Compilation)","Random Character Button"],"gold_per_floor":[118,133,148,36,55,55,55,65,65,65,90,90,49,62,62,135,135,155,173,73,73,22,22,22,48,72,72,122,69,69,86,86,160,160,173,193,21,21,21,21,53,67,112,112,112,127,152,171,171,171,171,171],"floor_reached":51,"language":"ENG","playtime":2510,"items_purged":["Defend_R","Strike_R"],"score":1286,"play_id":"ec3ec053-df2c-4ab8-a8f8-5c0a246befa0","local_time":"20210120032633","is_ascension_mode":true,"campfire_choices":[{"data":"Fire Breathing","floor":6,"key":"SMITH"},{"data":"Wild Strike","floor":10,"key":"SMITH"},{"data":"Shrug It Off","floor":12,"key":"SMITH"},{"data":"Carnage","floor":15,"key":"SMITH"},{"data":"Fiend Fire","floor":23,"key":"SMITH"},{"data":"Dual Wield","floor":30,"key":"SMITH"},{"floor":32,"key":"REST"},{"data":"True Grit","floor":40,"key":"SMITH"},{"data":"Power Through","floor":45,"key":"SMITH"},{"data":"Bash","floor":49,"key":"SMITH"}],"circlet_count":0,"master_deck":["AscendersBane","Strike_R","Defend_R","Defend_R","Defend_R","Bash+1","Wild Strike+1","Fire Breathing+1","Shrug It Off+1","Power Through+1","Thunderclap","Carnage+1","Fiend Fire+1","Dark Embrace","Dual Wield+1","True Grit+1","Brutality","Power Through+1","Writhe","Parasite","Shockwave"],"relics":["Burning Blood","Calipers","Charon\u0027s Ashes","Snecko Eye","Champion Belt","Nunchaku","Cursed Key","ClockworkSouvenir","Ancient Tea Set","Smiling Mask","Dead Branch"],"acts_visited":["Exordium","TheCity","TheBeyond"],"potions_floor_usage":[8,14,33,33,41],"damage_taken":[{"damage":2,"enemies":"Cultist","floor":1,"turns":4},{"damage":8,"enemies":"2 Louse","floor":2,"turns":3},{"damage":7,"enemies":"Small Slimes","floor":3,"turns":4},{"damage":11,"enemies":"Blue Slaver","floor":5,"turns":4},{"damage":14,"enemies":"Red Slaver","floor":8,"turns":4},{"damage":20,"enemies":"3 Sentries","floor":11,"turns":4},{"damage":0,"enemies":"3 Louse","floor":14,"turns":2},{"damage":38,"enemies":"Slime Boss","floor":16,"turns":7},{"damage":6,"enemies":"2 Thieves","floor":18,"turns":4},{"damage":0,"enemies":"Chosen","floor":19,"turns":2},{"damage":14,"enemies":"Slavers","floor":25,"turns":2},{"damage":15,"enemies":"Centurion and Healer","floor":31,"turns":4},{"damage":73,"enemies":"Champ","floor":33,"turns":17},{"damage":1,"enemies":"3 Darklings","floor":35,"turns":3},{"damage":0,"enemies":"Orb Walker","floor":36,"turns":1},{"damage":46,"enemies":"Reptomancer","floor":41,"turns":5},{"damage":4,"enemies":"Maw","floor":42,"turns":5},{"damage":0,"enemies":"Spire Growth","floor":46,"turns":4},{"damage":8,"enemies":"Mind Bloom Boss Battle","floor":47,"turns":5},{"damage":6,"enemies":"Writhing Mass","floor":48,"turns":5},{"damage":56,"enemies":"Time Eater","floor":50,"turns":6},{"damage":15,"enemies":"Awakened One","floor":51,"turns":3}],"seed_played":"-7928443440952468491","potions_obtained":[{"floor":5,"key":"BlessingOfTheForge"},{"floor":8,"key":"Dexterity Potion"},{"floor":11,"key":"DistilledChaos"},{"floor":14,"key":"Dexterity Potion"},{"floor":16,"key":"Swift Potion"},{"floor":35,"key":"Explosive Potion"},{"floor":46,"key":"SpeedPotion"}],"is_trial":false,"path_per_floor":["M","M","M","$","M","R","$","M","T","R","E","R","$","M","R","B",null,"M","M","$","?","$","R","?","E","T","$","?","$","R","M","R","B",null,"M","M","$","?","?","R","E","M","T","?","R","M","?","M","R","B","B"],"character_chosen":"IRONCLAD","items_purchased":["Power Through","Carnage","True Grit","PowerPotion","ClockworkSouvenir"],"campfire_rested":1,"item_purchase_floors":[4,13,22,29,37],"current_hp_per_floor":[79,77,76,76,71,71,71,63,63,63,49,49,49,55,55,23,67,67,73,73,73,73,73,73,65,65,65,65,65,65,56,80,13,65,70,76,76,76,76,76,36,38,38,64,64,64,62,62,62,12,0,0],"gold":171,"neow_bonus":"TEN_PERCENT_HP_BONUS","is_daily":false,"chose_seed":false,"campfire_upgraded":9,"win_rate":0.0,"timestamp":1611109593,"path_taken":["M","M","?","$","M","R","$","?","T","R","E","R","?","M","R","BOSS","M","M","$","?","$","R","?","E","T","$","?","?","R","M","R","BOSS","M","M","$","?","?","R","E","M","T","?","R","M","?","?","R","BOSS","BOSS"],"items_purchased_type":["Card","Card","Card","Potion","Relic"],"build_version":"2020-12-22","purchased_purges":2,"victory":false,"max_hp_per_floor":[82,82,82,82,82,82,82,82,82,82,82,82,82,82,82,82,82,82,82,82,82,82,82,82,82,82,82,82,82,82,82,82,82,82,82,82,82,78,78,78,78,78,78,64,64,64,64,64,64,64,64,64],"card_choices":[{"not_picked":["Headbutt","Havoc"],"picked":"Wild Strike","floor":1},{"not_picked":["Feel No Pain","Inflame"],"picked":"Fire Breathing","floor":2},{"not_picked":["Clash","Dark Embrace"],"picked":"Shrug It Off","floor":3},{"not_picked":["Heavy Blade","Havoc","Perfected Strike"],"picked":"SKIP","floor":5},{"not_picked":["Clothesline","True Grit"],"picked":"Thunderclap","floor":8},{"not_picked":["Sentinel","Dark Embrace","Power Through"],"picked":"SKIP","floor":11},{"not_picked":["Warcry","Bloodletting","Cleave"],"picked":"SKIP","floor":14},{"not_picked":["Immolate","Corruption"],"picked":"Fiend Fire","floor":16},{"not_picked":["Sword Boomerang","Whirlwind","Shrug It Off"],"picked":"SKIP","floor":18},{"not_picked":["Wild Strike","Thunderclap","Perfected Strike"],"picked":"SKIP","floor":19},{"not_picked":["Thunderclap","Warcry","Second Wind"],"picked":"SKIP","floor":25},{"not_picked":["Juggernaut","Havoc","Cleave"],"picked":"SKIP","floor":31},{"not_picked":["Feed","Corruption"],"picked":"Brutality","floor":33},{"not_picked":["Ghostly Armor+1","Flex+1","Clothesline"],"picked":"SKIP","floor":35},{"not_picked":["Flex","Warcry+1","Battle Trance"],"picked":"SKIP","floor":36},{"not_picked":["Havoc","Shockwave"],"picked":"Power Through+1","floor":41},{"not_picked":["Clothesline","Clash","Iron Wave"],"picked":"SKIP","floor":42},{"not_picked":["Flex+1","Blood for Blood","Body Slam"],"picked":"SKIP","floor":46},{"not_picked":["Rage","Body Slam"],"picked":"Shockwave","floor":48}],"player_experience":879530,"relics_obtained":[{"floor":9,"key":"Calipers"},{"floor":11,"key":"Charon\u0027s Ashes"},{"floor":25,"key":"Champion Belt"},{"floor":26,"key":"Nunchaku"},{"floor":41,"key":"Ancient Tea Set"},{"floor":43,"key":"Smiling Mask"},{"floor":47,"key":"Dead Branch"}],"event_choices":[{"damage_healed":0,"gold_gain":0,"cards_transformed":["Strike_R","Strike_R"],"player_choice":"Became Test Subject","damage_taken":0,"max_hp_gain":0,"max_hp_loss":0,"event_name":"Drug Dealer","floor":21,"gold_loss":0,"cards_obtained":["Dark Embrace","Dual Wield"]},{"damage_healed":0,"gold_gain":0,"player_choice":"Ignored","damage_taken":0,"max_hp_gain":0,"max_hp_loss":0,"event_name":"Vampires","floor":24,"gold_loss":0},{"damage_healed":0,"gold_gain":50,"player_choice":"Stole From Cult","damage_taken":0,"max_hp_gain":0,"max_hp_loss":0,"event_name":"Nest","floor":28,"gold_loss":0},{"damage_healed":0,"gold_gain":0,"player_choice":"Max HP","damage_taken":0,"max_hp_gain":0,"max_hp_loss":4,"event_name":"Winding Halls","floor":38,"gold_loss":0},{"cards_removed":["Strike_R"],"damage_healed":0,"gold_gain":0,"player_choice":"Removed Attack","damage_taken":0,"max_hp_gain":0,"max_hp_loss":0,"event_name":"Falling","floor":39,"gold_loss":0},{"damage_healed":64,"gold_gain":0,"player_choice":"Heal","damage_taken":0,"max_hp_gain":0,"max_hp_loss":14,"event_name":"The Moai Head","floor":44,"gold_loss":0},{"damage_healed":0,"gold_gain":0,"player_choice":"Fight","damage_taken":0,"max_hp_gain":0,"max_hp_loss":0,"event_name":"MindBloom","floor":47,"gold_loss":0}],"is_beta":false,"boss_relics":[{"not_picked":["Runic Pyramid","Ectoplasm"],"picked":"Snecko Eye"},{"not_picked":["SlaversCollar","Black Blood"],"picked":"Cursed Key"}],"items_purged_floors":[4,20],"is_endless":false,"potions_floor_spawned":[5,8,11,14,16,25,35,46],"killed_by":"Awakened One","ascension_level":20}}