{"host":"Charlie","time":1611121653,"event":{"mods":["100% Spire Juice","Aspiration","BaseMod","Better Match","Better Skull","Better Third Choice","BetterRewards","ChefMod","Colored Map","Colored Powertips","Conspire","Curses Come First","Dota2Spire","Downfall","Ekko","Evolution","Fox Events","Friendly Minions","Halation","Hermit","Hubris","Infinite Spire","Luminous","Melee Mod","Minty Spire (QoL Compilation)","Quick Restart","Rare Cards Sparkle","Relic Stats","Robot Space Explorer","Shade Mod","Spicy Shops","Spire Arcade","StSLib","SuperFastMode","Synergy Search","The Animator","The Blue Laboratory","The Caster","The Cursed","The Dragon Tamer","The Factory","The Gatherer","The Jungle","The Marked","The Necromancer","Unceasing Turn Reminder","vexMod"],"gold_per_floor":[114,114,134,166,183,215,233,233,311,49,49,49],"floor_reached":11,"language":"ENG","playtime":482,"items_purged":["caster:strike"],"score":73,"play_id":"3decf7c6-7c47-4ce6-b7d8-6635c28e50a0","local_time":"20210119214733","is_ascension_mode":false,"campfire_choices":[],"circlet_count":0,"master_deck":["caster:Meteor+1","caster:DivertFocus","caster:strike","caster:strike","caster:strike","caster:defend","caster:defend","caster:defend","caster:defend","caster:defend","caster:GaiasBlessing","caster:SpontaneousCombustion","caster:Grimoire","caster:MagicAttunement","caster:Unearth","caster:Incantation"],"relics":["caster:MagicBook","EVO:Axolotl","NeowsBlessing","hubris:DeckOfHolding","Dota2Spire:PowerTreads","Vajra","Meat on the Bone","aspiration:ChemicalBlood"],"acts_visited":["Exordium"],"potions_floor_usage":[6],"damage_taken":[{"damage":0,"enemies":"Small Slimes","floor":1,"turns":1},{"damage":0,"enemies":"Cultist","floor":3,"turns":1},{"damage":0,"enemies":"conspire:MimicChest","floor":4,"turns":1},{"damage":0,"enemies":"Jaw Worm","floor":5,"turns":4},{"damage":11,"enemies":"Lagavulin","floor":6,"turns":7},{"damage":51,"enemies":"Gremlin Gang","floor":7,"turns":6},{"damage":15,"enemies":"3 Sentries","floor":11,"turns":4}],"seed_played":"5635118739172570007","potions_obtained":[{"floor":1,"key":"LiquidBronze"},{"floor":6,"key":"SteroidPotion"}],"is_trial":false,"path_per_floor":["M","?","M","?","M","E","M","?","T","$","E"],"character_chosen":"THE_CASTER","items_purchased":["caster:Incantation","aspiration:ChemicalBlood"],"campfire_rested":0,"item_purchase_floors":[10,10],"current_hp_per_floor":[64,64,64,64,64,53,8,8,8,8,0,0],"gold":49,"neow_bonus":"THREE_ENEMY_KILL","is_daily":false,"chose_seed":false,"campfire_upgraded":0,"win_rate":0.0,"timestamp":1611121653,"path_taken":["M","?","?","?","M","E","M","?","T","$","E"],"items_purchased_type":["Card","Relic"],"build_version":"2020-12-18","purchased_purges":1,"victory":false,"max_hp_per_floor":[64,64,64,64,64,64,64,64,64,64,64,64],"relic_stats":{"counters":[7,24],"obtain_stats":[{"Dota2Spire:PowerTreads":6,"NeowsBlessing":0,"Vajra":8,"hubris:DeckOfHolding":4,"EVO:Axolotl":0,"caster:MagicBook":0,"Meat on the Bone":9,"aspiration:ChemicalBlood":10},{"Dota2Spire:PowerTreads":5,"NeowsBlessing":0,"Vajra":6,"hubris:DeckOfHolding":3,"EVO:Axolotl":0,"caster:MagicBook":0,"Meat on the Bone":6,"aspiration:ChemicalBlood":6},{"Dota2Spire:PowerTreads":14,"NeowsBlessing":0,"Vajra":20,"hubris:DeckOfHolding":3,"EVO:Axolotl":0,"caster:MagicBook":0,"Meat on the Bone":20,"aspiration:ChemicalBlood":20}],"Meat on the Bone":0},"card_choices":[{"not_picked":["caster:MagicResonance","caster:AbsoluteZero"],"picked":"caster:GaiasBlessing","floor":1},{"not_picked":["caster:FlashFrost","caster:WallOfMirrors"],"picked":"caster:SpontaneousCombustion","floor":3},{"not_picked":["caster:FrigidBeam","caster:Charge"],"picked":"caster:Grimoire","floor":4},{"not_picked":["caster:FireWall","caster:JupitelThunder"],"picked":"caster:MagicAttunement","floor":5},{"not_picked":["caster:QuickCast","caster:Enfeeble","caster:LAZER"],"picked":"SKIP","floor":6},{"not_picked":["caster:GlacialShield","caster:BookThrow"],"picked":"caster:Unearth","floor":7}],"player_experience":487812,"relics_obtained":[{"floor":4,"key":"hubris:DeckOfHolding"},{"floor":6,"key":"Dota2Spire:PowerTreads"},{"floor":9,"key":"Meat on the Bone"}],"event_choices":[{"damage_healed":0,"gold_gain":0,"player_choice":"Upgraded","damage_taken":0,"max_hp_gain":0,"max_hp_loss":0,"event_name":"Upgrade Shrine","floor":2,"gold_loss":0,"cards_upgraded":["caster:Meteor"]}],"is_beta":true,"boss_relics":[],"items_purged_floors":[10],"is_endless":false,"potions_floor_spawned":[1,6],"killed_by":"3 Sentries","ascension_level":0}}