{"host":"q8mjpf3krl0t4p3x","time":1611138290,"event":{"mods":["BaseMod","Colored Map","Colored Powertips","Googly Eyes","Minty Spire (QoL Compilation)","Quick Restart","StSLib","everything is the same but u backflip on backflip","slay the spire mod where everything is the same but ironclad has a cowboy hat"],"gold_per_floor":[113,129,129,139,139,166,135,152,200,200,46,60,76,41,41,41,41],"floor_reached":16,"language":"ENG","playtime":416,"items_purged":[],"score":253,"play_id":"bf1947d6-a1fa-4608-b4b1-b8da9c538038","local_time":"20210120022450","is_ascension_mode":true,"campfire_choices":[{"data":"Rampage","floor":10,"key":"SMITH"},{"floor":15,"key":"REST"}],"circlet_count":0,"master_deck":["AscendersBane","Strike_R","Strike_R","Strike_R","Strike_R","Strike_R","Defend_R","Defend_R","Defend_R","Defend_R","Bash","Twin Strike","Rampage+1","Metallicize"],"relics":["Burning Blood","Singing Bowl","Lantern","PreservedInsect"],"acts_visited":["Exordium"],"potions_floor_usage":[13,16,16,16],"damage_taken":[{"damage":10,"enemies":"Cultist","floor":1,"turns":5},{"damage":11,"enemies":"2 Louse","floor":2,"turns":3},{"damage":9,"enemies":"Jaw Worm","floor":4,"turns":3},{"damage":40,"enemies":"Gremlin Nob","floor":6,"turns":5},{"damage":10,"enemies":"3 Louse","floor":8,"turns":3},{"damage":16,"enemies":"Blue Slaver","floor":12,"turns":5},{"damage":28,"enemies":"Lots of Slimes","floor":13,"turns":4}],"seed_played":"4024969940438627230","potions_obtained":[{"floor":1,"key":"PowerPotion"},{"floor":2,"key":"Strength Potion"},{"floor":4,"key":"SneckoOil"},{"floor":13,"key":"DistilledChaos"}],"is_trial":false,"path_per_floor":["M","M","?","M","?","E","?","M","T","R","$","M","M","?","R","B"],"character_chosen":"IRONCLAD","items_purchased":["PreservedInsect"],"campfire_rested":1,"item_purchase_floors":[11],"current_hp_per_floor":[76,71,76,73,73,41,41,39,39,39,39,31,11,36,66,0,0],"gold":41,"neow_bonus":"TEN_PERCENT_HP_BONUS","is_daily":false,"chose_seed":false,"campfire_upgraded":1,"win_rate":0.0,"timestamp":1611138290,"path_taken":["M","?","?","M","?","E","?","M","T","R","?","?","M","?","R","BOSS"],"items_purchased_type":["Relic"],"build_version":"2020-12-22","purchased_purges":0,"victory":false,"max_hp_per_floor":[88,88,93,93,93,95,95,97,97,97,97,99,101,101,101,101,101],"card_choices":[{"not_picked":["Heavy Blade","Flex"],"picked":"Twin Strike","floor":1},{"not_picked":["Metallicize","Fire Breathing"],"picked":"Rampage","floor":2},{"not_picked":["Rupture","Clash"],"picked":"Metallicize","floor":4},{"not_picked":["Sword Boomerang","Warcry","Immolate"],"picked":"Singing Bowl","floor":6},{"not_picked":["True Grit","Iron Wave","Combust"],"picked":"Singing Bowl","floor":8},{"not_picked":["Carnage","Burning Pact","Rupture"],"picked":"Singing Bowl","floor":12},{"not_picked":["Ghostly Armor","Anger","Armaments"],"picked":"Singing Bowl","floor":13}],"player_experience":308673,"relics_obtained":[{"floor":6,"key":"Singing Bowl"},{"floor":9,"key":"Lantern"}],"event_choices":[{"damage_healed":0,"gold_gain":0,"player_choice":"Donut","damage_taken":0,"max_hp_gain":5,"max_hp_loss":0,"event_name":"Big Fish","floor":3,"gold_loss":0},{"damage_healed":0,"gold_gain":0,"player_choice":"Ignored","damage_taken":0,"max_hp_gain":0,"max_hp_loss":0,"event_name":"Golden Idol","floor":5,"gold_loss":0},{"damage_healed":0,"gold_gain":0,"player_choice":"Left Gold","damage_taken":0,"max_hp_gain":0,"max_hp_loss":0,"event_name":"World of Goop","floor":7,"gold_loss":31},{"damage_healed":25,"gold_gain":0,"player_choice":"Healed","damage_taken":0,"max_hp_gain":0,"max_hp_loss":0,"event_name":"The Cleric","floor":14,"gold_loss":35}],"is_beta":false,"boss_relics":[],"items_purged_floors":[],"is_endless":false,"potions_floor_spawned":[1,2,4,13],"killed_by":"The Guardian","ascension_level":10}}