{"host":"khm4we1ijduz33xh","time":1611103021,"event":{"mods":["AchievementEnabler","BaseMod","Colored Map","Minty Spire (QoL Compilation)","Rare Cards Sparkle","StSLib","SuperFastMode"],"gold_per_floor":[116,116,131,145,69,69,107,107,107,107,131,131,167,181,181,310,310,326,350,364,218,232,272,4,17,17,17,50,50,69,94,94,213,213,231,90,90,449,449,484,484,499,499,523,523,562,562,185,185,185],"floor_reached":51,"language":"KOR","playtime":2267,"items_purged":["Prostrate","LessonLearned+1","Defend_P","Defend_P+1"],"score":1050,"play_id":"845424c8-8193-4def-9266-f8674f7ddd0f","local_time":"20210120093701","is_ascension_mode":true,"campfire_choices":[{"data":"Eruption","floor":6,"key":"SMITH"},{"floor":12,"key":"REST"},{"data":"MentalFortress","floor":15,"key":"SMITH"},{"floor":27,"key":"REST"},{"floor":32,"key":"REST"},{"floor":45,"key":"REST"},{"floor":47,"key":"REST"},{"floor":49,"key":"REST"}],"circlet_count":0,"master_deck":["Strike_P+1","Strike_P+1","Defend_P+1","Defend_P+1","Eruption+1","Vigilance","Tantrum+1","MentalFortress+1","Halt","Scrawl+1","FearNoEvil+1","TalkToTheHand","Adaptation+1","ClearTheMind+1","Flash of Steel","MentalFortress+1","Scrawl+1"],"relics":["PureWater","NeowsBlessing","Golden Idol","Bag of Marbles","Letter Opener","Omamori","VioletLotus","Gremlin Horn","Membership Card","Lantern","HornCleat","StrikeDummy","Bottled Lightning","Empty Cage","TheAbacus","Old Coin","War Paint","Ancient Tea Set","PreservedInsect","Mummified Hand","DollysMirror","Regal Pillow"],"acts_visited":["Exordium","TheCity","TheBeyond"],"potions_floor_usage":[13,16,16,23,23,31,33,38,50,50],"damage_taken":[{"damage":0,"enemies":"2 Louse","floor":1,"turns":1},{"damage":0,"enemies":"Small Slimes","floor":3,"turns":1},{"damage":0,"enemies":"Cultist","floor":4,"turns":1},{"damage":4,"enemies":"Gremlin Nob","floor":7,"turns":3},{"damage":16,"enemies":"Red Slaver","floor":11,"turns":5},{"damage":4,"enemies":"3 Sentries","floor":13,"turns":10},{"damage":1,"enemies":"Blue Slaver","floor":14,"turns":2},{"damage":4,"enemies":"Slime Boss","floor":16,"turns":9},{"damage":9,"enemies":"2 Thieves","floor":18,"turns":3},{"damage":7,"enemies":"Shell Parasite","floor":19,"turns":4},{"damage":24,"enemies":"Snake Plant","floor":20,"turns":6},{"damage":0,"enemies":"Chosen and Byrds","floor":22,"turns":3},{"damage":17,"enemies":"Book of Stabbing","floor":23,"turns":4},{"damage":0,"enemies":"3 Cultists","floor":25,"turns":2},{"damage":18,"enemies":"Slavers","floor":28,"turns":2},{"damage":0,"enemies":"Cultist and Chosen","floor":30,"turns":2},{"damage":0,"enemies":"Shelled Parasite and Fungi","floor":31,"turns":1},{"damage":0,"enemies":"Champ","floor":33,"turns":5},{"damage":4,"enemies":"3 Shapes","floor":35,"turns":1},{"damage":28,"enemies":"2 Orb Walkers","floor":38,"turns":5},{"damage":0,"enemies":"Reptomancer","floor":40,"turns":4},{"damage":0,"enemies":"3 Darklings","floor":42,"turns":1},{"damage":0,"enemies":"Jaw Worm Horde","floor":44,"turns":2},{"damage":17,"enemies":"Nemesis","floor":46,"turns":5},{"damage":62,"enemies":"Time Eater","floor":50,"turns":9}],"seed_played":"-5693823723551572727","potions_obtained":[{"floor":1,"key":"EssenceOfSteel"},{"floor":11,"key":"Block Potion"},{"floor":13,"key":"Swift Potion"},{"floor":14,"key":"Energy Potion"},{"floor":20,"key":"PowerPotion"},{"floor":28,"key":"LiquidBronze"},{"floor":30,"key":"Ambrosia"},{"floor":31,"key":"LiquidBronze"},{"floor":42,"key":"StancePotion"},{"floor":44,"key":"Swift Potion"},{"floor":46,"key":"Dexterity Potion"}],"is_trial":false,"path_per_floor":["M","?","M","M","$","R","E","?","T","?","M","R","E","M","R","B",null,"M","M","M","$","M","E","$","M","T","R","E","T","M","M","R","B",null,"M","$","?","?","?","E","?","M","T","M","R","E","R","$","R","B",null],"character_chosen":"WATCHER","items_purchased":["LessonLearned","Study","Membership Card","Lantern","TheAbacus","Mummified Hand","DollysMirror","PowerPotion","Regal Pillow"],"campfire_rested":6,"item_purchase_floors":[5,21,24,24,36,48,48,48,48],"current_hp_per_floor":[72,54,54,54,54,54,50,43,43,43,27,48,44,43,43,39,64,55,48,24,24,24,7,7,7,7,28,10,10,10,10,31,31,62,58,58,58,30,30,30,30,30,30,30,51,34,55,55,72,10],"gold":185,"neow_bonus":"THREE_ENEMY_KILL","is_daily":false,"chose_seed":false,"campfire_upgraded":2,"win_rate":0.0,"timestamp":1611103021,"path_taken":["M","?","M","M","$","R","E","?","T","?","?","R","E","M","R","BOSS","M","M","M","$","M","E","$","M","T","R","E","?","M","M","R","BOSS","M","$","?","?","?","E","?","?","T","M","R","E","R","$","R","BOSS"],"items_purchased_type":["Card","Card","Relic","Relic","Relic","Relic","Relic","Potion","Relic"],"build_version":"2020-12-22","purchased_purges":4,"victory":true,"max_hp_per_floor":[72,72,72,72,72,72,72,72,72,72,72,72,72,72,72,72,72,72,72,72,72,72,72,72,72,72,72,72,72,72,72,72,72,72,72,72,72,72,72,72,72,72,72,72,72,72,72,72,72,72],"card_choices":[{"not_picked":["WreathOfFlame","EmptyFist","JustLucky"],"picked":"SKIP","floor":1},{"not_picked":["FlyingSleeves","CrushJoints"],"picked":"Tantrum","floor":3},{"not_picked":["FlyingSleeves","Collect","EmptyFist"],"picked":"SKIP","floor":4},{"not_picked":["WreathOfFlame","EmptyBody"],"picked":"Meditate","floor":7},{"not_picked":["FlyingSleeves","FollowUp"],"picked":"MentalFortress","floor":11},{"not_picked":["Establishment","Protect"],"picked":"Halt","floor":13},{"not_picked":["Sanctity","FollowUp"],"picked":"Prostrate","floor":14},{"not_picked":["Ragnarok","SpiritShield"],"picked":"Scrawl","floor":16},{"not_picked":["CutThroughFate","Worship","Sanctity"],"picked":"SKIP","floor":18},{"not_picked":["Consecrate+1","ForeignInfluence","Vengeance"],"picked":"SKIP","floor":19},{"not_picked":["EmptyFist","FollowUp"],"picked":"FearNoEvil","floor":20},{"not_picked":["PathToVictory","FollowUp"],"picked":"TalkToTheHand","floor":22},{"not_picked":["JustLucky","EmptyBody","ForeignInfluence"],"picked":"SKIP","floor":23},{"not_picked":["Study","Establishment"],"picked":"Adaptation+1","floor":25},{"not_picked":["Crescendo","JustLucky","CrushJoints"],"picked":"SKIP","floor":28},{"not_picked":["Consecrate","Protect","ForeignInfluence+1"],"picked":"SKIP","floor":30},{"not_picked":["Consecrate","EmptyBody"],"picked":"ClearTheMind","floor":31},{"not_picked":["LikeWater","Crescendo+1","Halt"],"picked":"SKIP","floor":35},{"not_picked":["Protect+1","Worship+1","Wallop"],"picked":"SKIP","floor":40},{"not_picked":["Transmutation","Mind Blast"],"picked":"Flash of Steel","floor":41},{"not_picked":["WreathOfFlame","Evaluate","PathToVictory+1"],"picked":"SKIP","floor":42},{"not_picked":["Sanctity+1","JustLucky+1","CrushJoints+1"],"picked":"SKIP","floor":44},{"not_picked":["CrushJoints+1","Nirvana+1"],"picked":"MentalFortress+1","floor":46}],"player_experience":232272,"relics_obtained":[{"floor":7,"key":"Bag of Marbles"},{"floor":9,"key":"Letter Opener"},{"floor":13,"key":"Omamori"},{"floor":23,"key":"Gremlin Horn"},{"floor":26,"key":"HornCleat"},{"floor":28,"key":"StrikeDummy"},{"floor":29,"key":"Bottled Lightning"},{"floor":38,"key":"Old Coin"},{"floor":40,"key":"War Paint"},{"floor":43,"key":"Ancient Tea Set"},{"floor":46,"key":"PreservedInsect"}],"event_choices":[{"damage_healed":0,"gold_gain":0,"player_choice":"Take Damage","damage_taken":18,"relics_obtained":["Golden Idol"],"max_hp_gain":0,"max_hp_loss":0,"event_name":"Golden Idol","floor":2,"gold_loss":0},{"cards_removed":["Strike_P"],"damage_healed":0,"gold_gain":0,"player_choice":"Card Removal","damage_taken":7,"max_hp_gain":0,"max_hp_loss":0,"event_name":"Golden Wing","floor":8,"gold_loss":0},{"damage_healed":0,"gold_gain":0,"player_choice":"0 cards matched","damage_taken":0,"max_hp_gain":0,"max_hp_loss":0,"event_name":"Match and Keep!","floor":10,"gold_loss":0,"cards_obtained":[]},{"cards_removed":["Meditate"],"damage_healed":0,"gold_gain":0,"player_choice":"Removed Skill","damage_taken":0,"max_hp_gain":0,"max_hp_loss":0,"event_name":"Falling","floor":37,"gold_loss":0},{"damage_healed":0,"gold_gain":0,"player_choice":"Fight","damage_taken":0,"max_hp_gain":0,"max_hp_loss":0,"event_name":"Mysterious Sphere","floor":38,"gold_loss":0},{"damage_healed":0,"gold_gain":0,"player_choice":"Ignored","damage_taken":0,"max_hp_gain":0,"max_hp_loss":0,"event_name":"Tomb of Lord Red Mask","floor":39,"gold_loss":0},{"damage_healed":0,"gold_gain":0,"player_choice":"Memory 1","damage_taken":0,"max_hp_gain":0,"max_hp_loss":0,"event_name":"SensoryStone","floor":41,"gold_loss":0}],"is_beta":false,"boss_relics":[{"not_picked":["Astrolabe","SacredBark"],"picked":"VioletLotus"},{"not_picked":["Busted Crown","HolyWater"],"picked":"Empty Cage"}],"items_purged_floors":[21,24,36,48],"is_endless":false,"potions_floor_spawned":[1,11,13,14,20,28,30,31,42,44,46],"ascension_level":5}}