{"host":"3y2rtlgteqp2nuo3","time":1611146459,"event":{"mods":["2.2 Compatiblity","AchievementEnabler","BaseMod","Colored Map","DeckTracker","Highlight Path","Keyboard Shortcuts","Minty Spire (QoL Compilation)","Permanent Neow","Quick Restart","StSLib","SuperFastMode","everything is the same but u backflip on backflip"],"gold_per_floor":[117,134,134,147,103,138,138,169,169,169,344,363,380,380,380,380,380],"floor_reached":16,"language":"KOR","playtime":379,"items_purged":[],"score":187,"play_id":"2b63bf6d-3e8c-4840-9c53-14c01f85f880","local_time":"20210120214059","is_ascension_mode":true,"campfire_choices":[{"data":"Poisoned Stab","floor":7,"key":"SMITH"},{"data":"Sucker Punch","floor":10,"key":"SMITH"},{"data":"Blade Dance","floor":15,"key":"SMITH"}],"circlet_count":0,"master_deck":["AscendersBane","Strike_G","Strike_G","Strike_G","Strike_G","Strike_G","Defend_G","Defend_G","Defend_G","Defend_G","Defend_G","Survivor","Neutralize+1","Riddle With Holes+1","Sucker Punch+1","Poisoned Stab+1","Dagger Spray+1","Finisher+1","Doubt","Dash+1","Blade Dance+1","Parasite"],"relics":["Ring of the Snake","Molten Egg 2","Kunai"],"acts_visited":["Exordium"],"potions_floor_usage":[],"damage_taken":[{"damage":0,"enemies":"Jaw Worm","floor":1,"turns":6},{"damage":2,"enemies":"2 Louse","floor":2,"turns":4},{"damage":2,"enemies":"Small Slimes","floor":4,"turns":4},{"damage":18,"enemies":"Gremlin Nob","floor":6,"turns":4},{"damage":24,"enemies":"3 Sentries","floor":8,"turns":8},{"damage":0,"enemies":"3 Louse","floor":12,"turns":2},{"damage":0,"enemies":"Large Slime","floor":13,"turns":6},{"damage":12,"enemies":"Slime Boss","floor":16,"turns":6}],"seed_played":"-3644954036646602742","potions_obtained":[{"floor":2,"key":"Weak Potion"},{"floor":4,"key":"Swift Potion"}],"is_trial":false,"path_per_floor":["M","M","?","M","?","E","R","E","T","R","?","M","M","?","R","B"],"character_chosen":"THE_SILENT","items_purchased":[],"campfire_rested":0,"item_purchase_floors":[],"current_hp_per_floor":[59,57,57,55,55,37,37,13,13,13,13,13,13,29,29,17,17],"gold":380,"neow_bonus":"UPGRADE_CARD","is_daily":false,"chose_seed":false,"campfire_upgraded":3,"win_rate":0.0,"timestamp":1611146459,"path_taken":["M","M","?","M","?","E","R","E","T","R","?","M","M","?","R","BOSS"],"items_purchased_type":[],"build_version":"2020-12-22","purchased_purges":0,"victory":false,"max_hp_per_floor":[66,66,66,66,66,66,66,66,66,66,66,66,66,66,66,66,66],"card_choices":[{"not_picked":["Quick Slash","Distraction"],"picked":"Riddle With Holes","floor":1},{"not_picked":["Prepared","Tools of the Trade"],"picked":"Sucker Punch","floor":2},{"not_picked":["Quick Slash","Footwork"],"picked":"Poisoned Stab","floor":4},{"not_picked":["Corpse Explosion","Acrobatics"],"picked":"Dagger Spray+1","floor":6},{"not_picked":["Prepared","Bullet Time"],"picked":"Finisher+1","floor":8},{"not_picked":["Well Laid Plans","Quick Slash+1"],"picked":"Dash+1","floor":12},{"not_picked":["Calculated Gamble","Dagger Throw+1"],"picked":"Blade Dance","floor":13}],"player_experience":701992,"relics_obtained":[{"floor":6,"key":"Molten Egg 2"},{"floor":8,"key":"Kunai"}],"event_choices":[{"damage_healed":0,"gold_gain":0,"player_choice":"Grow","damage_taken":0,"max_hp_gain":0,"max_hp_loss":0,"event_name":"Living Wall","floor":3,"gold_loss":0,"cards_upgraded":["Riddle With Holes"]},{"damage_healed":0,"gold_gain":0,"player_choice":"Left Gold","damage_taken":0,"max_hp_gain":0,"max_hp_loss":0,"event_name":"World of Goop","floor":5,"gold_loss":44},{"damage_healed":0,"gold_gain":175,"player_choice":"AGREE","damage_taken":0,"max_hp_gain":0,"max_hp_loss":0,"event_name":"Liars Game","floor":11,"gold_loss":0,"cards_obtained":["Doubt"]},{"damage_healed":16,"gold_gain":0,"player_choice":"Healed and dodged fight","damage_taken":0,"max_hp_gain":0,"max_hp_loss":0,"event_name":"Mushrooms","floor":14,"gold_loss":0,"cards_obtained":["Parasite"]}],"is_beta":false,"boss_relics":[],"items_purged_floors":[],"is_endless":false,"potions_floor_spawned":[2,4,6],"killed_by":"Slime Boss","ascension_level":14}}