{"host":"8i58hvcssdezoe94","time":1611170216,"event":{"mods":["Act Like it!","BaseMod","Colored Map","Conspire","Gensokyo","KinomotoSakuraMod(木之本樱)","Marisa（F雨　魔理沙）","Minty Spire (QoL Compilation)","Quick Restart","Remilia（蕾米莉亚）","Replay The Spire","StSLib","The Animator","The Bug Knight","The Construct","The Cursed","The Hierophant","The Jungle","The Servant 0.9.4"],"gold_per_floor":[110,124,134,19,32,32,32,32,32,42,260,260,294,394,394,394,394],"floor_reached":16,"language":"ZHS","playtime":765,"items_purged":[],"score":102,"play_id":"e4b31804-2cbc-4d3f-b806-c80ee04d08ae","local_time":"20210121031656","is_ascension_mode":false,"campfire_choices":[{"floor":6,"key":"RECALL"},{"floor":8,"key":"REST"},{"data":"Hello World","floor":15,"key":"SMITH"}],"circlet_count":0,"master_deck":["Strike_B","Strike_B","Strike_B","Strike_B","Defend_B","Defend_B","Defend_B","Defend_B","Zap","Dualcast","Cold Snap","Capacitor","Leap","BasicCrystalCard","Seek","Glacier","Hello World+1"],"relics":["Cracked Core","NeowsBlessing","Question Card","Oddly Smooth Stone","Gremlin Horn","Ginger"],"acts_visited":["Gensokyo:Gensokyo"],"potions_floor_usage":[],"damage_taken":[{"damage":0,"enemies":"Gensokyo:Gryphon","floor":1,"turns":1},{"damage":0,"enemies":"Gensokyo:Python","floor":2,"turns":1},{"damage":0,"enemies":"Gensokyo:2_Kodama","floor":3,"turns":1},{"damage":34,"enemies":"Gensokyo:2_Rabbits","floor":5,"turns":8},{"damage":2,"enemies":"Gensokyo:VengefulSpirit","floor":10,"turns":6},{"damage":7,"enemies":"Gensokyo:Python_and_Kodama","floor":11,"turns":6},{"damage":4,"enemies":"Gensokyo:Mamizou","floor":13,"turns":9},{"damage":53,"enemies":"Gensokyo:Reimu","floor":16,"turns":13}],"seed_played":"5418673295034678728","potions_obtained":[{"floor":5,"key":"SpeedPotion"},{"floor":11,"key":"AttackPotion"}],"is_trial":false,"path_per_floor":["M","M","M","COS","M","R","?","R","T","M","M","?","E","?","R","B"],"character_chosen":"DEFECT","items_purchased":[],"campfire_rested":1,"item_purchase_floors":[],"current_hp_per_floor":[75,75,75,75,41,41,41,63,63,61,54,54,50,50,50,0,0],"gold":394,"neow_bonus":"THREE_ENEMY_KILL","is_daily":false,"chose_seed":false,"campfire_upgraded":1,"win_rate":0.0,"timestamp":1611170216,"path_taken":["M","M","M","COS","M","R","?","R","T","M","M","?","E","?","R","BOSS"],"items_purchased_type":[],"build_version":"2020-12-22","purchased_purges":0,"victory":false,"max_hp_per_floor":[75,75,75,75,75,75,75,75,75,75,75,75,75,75,75,75,75],"card_choices":[{"not_picked":["Gash","Redo"],"picked":"Cold Snap","floor":1},{"not_picked":["BasicCrystalCard","Hologram"],"picked":"Capacitor","floor":2},{"not_picked":["ReplaySort","Barrage"],"picked":"Leap","floor":3},{"not_picked":["ReplayTheSpireMod:Reroute Power","Double Energy"],"picked":"BasicCrystalCard","floor":5},{"not_picked":["Go for the Eyes","Leap","BasicCrystalCard"],"picked":"Seek","floor":10},{"not_picked":["Recycle","Hologram","Steam"],"picked":"Glacier","floor":11},{"not_picked":["Cold Snap","Rebound","Chill"],"picked":"Hello World","floor":13}],"player_experience":60167,"relics_obtained":[{"floor":9,"key":"Question Card"},{"floor":13,"key":"Ginger"}],"event_choices":[],"is_beta":false,"boss_relics":[],"items_purged_floors":[],"is_endless":false,"potions_floor_spawned":[5,11],"killed_by":"Gensokyo:Reimu","ascension_level":0}}