{"host":"i4yzoangb31cseo0","time":1611143717,"event":{"mods":["AchievementEnabler","BaseMod","Colored Powertips","Curses Come First","Downfall","Hermit","Minty Spire (QoL Compilation)","StSLib","The Cursed","The Necromancer","The Senshi"],"gold_per_floor":[119,194,210,222,222,222,251,251,551,582,582,598,356,366,366,468,468,479,241,257,79,91,126,126,146,173,192,205,205,120,150,150,150,150],"floor_reached":33,"language":"ENG","playtime":2584,"items_purged":["Strike_R","Strike_R","Defend_R"],"score":312,"play_id":"11687811-ff59-4998-b8fe-81b3a30d9909","local_time":"20210120222517","is_ascension_mode":true,"campfire_choices":[{"data":"Iron Wave","floor":6,"key":"SMITH"},{"data":"Bloodletting","floor":8,"key":"SMITH"},{"floor":11,"key":"REST"},{"data":"Entrench","floor":15,"key":"SMITH"},{"floor":24,"key":"REST"},{"floor":29,"key":"REST"},{"floor":32,"key":"REST"}],"circlet_count":0,"master_deck":["Strike_R","Strike_R","Strike_R","Defend_R","Defend_R","Bash+1","Iron Wave+1","Anger","Bloodletting+1","Searing Blow","Entrench+1","Shrug It Off","Feed","Seeing Red","Blood for Blood","Shrug It Off","Shrug It Off","Twin Strike","Headbutt","Headbutt","Infernal Blade"],"relics":["Burning Blood","FossilizedHelix","Old Coin","Smiling Mask","Bronze Scales","Black Star","Membership Card","Meat on the Bone","Paper Frog","Regal Pillow","Boot","Potion Belt","Red Skull","Bag of Marbles"],"acts_visited":["Exordium","TheCity"],"potions_floor_usage":[16,16,18,22,31,33],"damage_taken":[{"damage":8,"enemies":"Jaw Worm","floor":1,"turns":3},{"damage":7,"enemies":"2 Louse","floor":3,"turns":3},{"damage":1,"enemies":"Cultist","floor":4,"turns":3},{"damage":20,"enemies":"Gremlin Nob","floor":7,"turns":5},{"damage":17,"enemies":"Lagavulin","floor":10,"turns":5},{"damage":3,"enemies":"Gremlin Gang","floor":12,"turns":5},{"damage":0,"enemies":"Large Slime","floor":14,"turns":6},{"damage":26,"enemies":"Hexaghost","floor":16,"turns":9},{"damage":13,"enemies":"2 Thieves","floor":18,"turns":5},{"damage":13,"enemies":"Shell Parasite","floor":20,"turns":6},{"damage":13,"enemies":"Snecko","floor":22,"turns":6},{"damage":53,"enemies":"Book of Stabbing","floor":23,"turns":7},{"damage":20,"enemies":"Centurion and Healer","floor":25,"turns":6},{"damage":10,"enemies":"Cultist and Chosen","floor":27,"turns":8},{"damage":32,"enemies":"Snecko","floor":28,"turns":7},{"damage":64,"enemies":"Gremlin Leader","floor":31,"turns":9},{"damage":79,"enemies":"Champ","floor":33,"turns":6}],"seed_played":"-1001220379641754894","potions_obtained":[{"floor":4,"key":"champ:CounterPotion"},{"floor":7,"key":"FearPotion"},{"floor":12,"key":"SpeedPotion"},{"floor":16,"key":"ElixirPotion"},{"floor":20,"key":"AttackPotion"},{"floor":27,"key":"BlessingOfTheForge"},{"floor":31,"key":"DistilledChaos"}],"is_trial":false,"path_per_floor":["M","?","M","M","?","R","E","R","T","E","R","M","$","M","R","B",null,"M","$","M","$","M","E","R","M","T","M","M","R","?","E","R","B"],"character_chosen":"IRONCLAD","items_purchased":["Bronze Scales","Shrug It Off","Membership Card","Blood for Blood","Meat on the Bone"],"campfire_rested":4,"item_purchase_floors":[13,13,19,19,21],"current_hp_per_floor":[78,67,66,71,71,71,57,57,57,46,70,73,73,79,79,59,80,73,73,66,66,59,24,63,49,49,57,43,80,80,34,73,0,0],"gold":150,"neow_bonus":"UPGRADE_CARD","is_daily":false,"chose_seed":false,"campfire_upgraded":3,"win_rate":0.0,"timestamp":1611143717,"path_taken":["M","?","M","M","?","R","E","R","T","E","R","M","$","M","R","BOSS","M","?","M","$","M","E","R","M","T","?","M","R","?","E","R","BOSS"],"items_purchased_type":["Relic","Card","Relic","Card","Relic"],"build_version":"2020-12-22","purchased_purges":3,"victory":false,"max_hp_per_floor":[80,80,80,80,80,80,80,80,80,80,80,80,80,80,80,80,80,80,80,80,80,80,80,80,80,80,80,80,80,80,80,80,80,80],"card_choices":[{"not_picked":["Armaments","Ghostly Armor"],"picked":"Iron Wave","floor":1},{"not_picked":["Perfected Strike","Body Slam"],"picked":"Anger","floor":3},{"not_picked":["Warcry","Armaments","True Grit"],"picked":"SKIP","floor":4},{"not_picked":["Seeing Red","Searing Blow"],"picked":"Bloodletting","floor":7},{"not_picked":["Iron Wave","Clash"],"picked":"Searing Blow","floor":10},{"not_picked":["Dark Embrace","Intimidate"],"picked":"Entrench","floor":12},{"not_picked":["Perfected Strike","Intimidate","Dark Embrace"],"picked":"SKIP","floor":14},{"not_picked":["Corruption","Berserk"],"picked":"Feed","floor":16},{"not_picked":["True Grit","Rupture"],"picked":"Seeing Red","floor":18},{"not_picked":["Flex","Thunderclap+1"],"picked":"Shrug It Off","floor":20},{"not_picked":["Reaper","Thunderclap"],"picked":"Shrug It Off","floor":22},{"not_picked":["Heavy Blade","Clothesline"],"picked":"Twin Strike","floor":23},{"not_picked":["Body Slam+1","Second Wind","Flex"],"picked":"SKIP","floor":25},{"not_picked":["Rupture","Flex"],"picked":"Headbutt","floor":27},{"not_picked":["Brutality","Burning Pact+1"],"picked":"Headbutt","floor":28},{"not_picked":["Burning Pact+1","Body Slam+1"],"picked":"Infernal Blade","floor":31}],"player_experience":132429,"relics_obtained":[{"floor":7,"key":"FossilizedHelix"},{"floor":9,"key":"Old Coin"},{"floor":10,"key":"Smiling Mask"},{"floor":23,"key":"Paper Frog"},{"floor":23,"key":"Regal Pillow"},{"floor":26,"key":"Boot"},{"floor":31,"key":"Red Skull"},{"floor":31,"key":"Bag of Marbles"}],"event_choices":[{"damage_healed":0,"gold_gain":75,"player_choice":"Gather Gold","damage_taken":11,"max_hp_gain":0,"max_hp_loss":0,"event_name":"World of Goop","floor":2,"gold_loss":0},{"cards_removed":["Defend_R"],"damage_healed":0,"gold_gain":0,"player_choice":"Offered Basic","damage_taken":0,"max_hp_gain":0,"max_hp_loss":0,"event_name":"Bonfire Elementals","floor":5,"gold_loss":0},{"damage_healed":0,"gold_gain":0,"player_choice":"Obtained Relic","damage_taken":0,"relics_obtained":["Potion Belt"],"max_hp_gain":0,"max_hp_loss":0,"event_name":"Addict","floor":30,"gold_loss":85}],"is_beta":false,"boss_relics":[{"not_picked":["Coffee Dripper","Velvet Choker"],"picked":"Black Star"}],"items_purged_floors":[13,19,21],"is_endless":false,"potions_floor_spawned":[4,7,12,16,20,27,31],"killed_by":"Champ","ascension_level":1}}