{"host":"rgy6n2eoa9ji6d0c","time":1611136843,"event":{"mods":["BaseMod","Downfall","Minty Spire (QoL Compilation)","Quick Restart","StSLib"],"gold_per_floor":[99,117,130,142,48,82,119,131,43,40,71,83,95,124,153,266,278,290,302,325,66,76,94,145,156,156,173,184,200,200,211,222,222,222,222],"floor_reached":33,"language":"ENG","playtime":3416,"items_purged":["bronze:Strike"],"score":255,"play_id":"0eb39570-9a4f-468e-a11f-03b63d8bf610","local_time":"20210120110043","is_ascension_mode":false,"campfire_choices":[{"floor":1,"key":"RECALL"},{"data":"bronze:Iterate","floor":9,"key":"SMITH"},{"floor":12,"key":"REST"},{"data":"bronze:ClassDefault","floor":18,"key":"SMITH"},{"data":"bronze:ClassDefault","floor":30,"key":"SMITH"}],"circlet_count":0,"master_deck":["bronze:Strike","bronze:Strike","bronze:Defend+1","bronze:Defend+1","bronze:Defend","bronze:Defend","bronze:Replicate","bronze:Goto","bronze:OilSpill","bronze:Iterate+1","bronze:CleanCode","bronze:ClassDefault+1","bronze:Branch","bronze:OilSpill","bronze:Repair","bronze:Verify","bronze:OilSpill","bronze:ClassDefault+1","bronze:Fortify","Doubt","bronze:Flail+1","bronze:Philosophize","bronze:Verify","bronze:FineTuning+1","bronze:Shell"],"relics":["bronze:BronzeCore","War Paint","MawBank","PreservedInsect","downfall:HeartBlessingRed","Cursed Key","Membership Card","Vajra","Potion Belt"],"acts_visited":["Exordium","TheCity"],"potions_floor_usage":[10,27,33],"damage_taken":[{"damage":0,"enemies":"Cultist","floor":2,"turns":5},{"damage":2,"enemies":"Jaw Worm","floor":3,"turns":4},{"damage":0,"enemies":"2 Louse","floor":4,"turns":4},{"damage":0,"enemies":"downfall:FleeingMerchant","floor":5,"turns":4},{"damage":29,"enemies":"Lagavulin","floor":6,"turns":6},{"damage":2,"enemies":"downfall:FleeingMerchant","floor":10,"turns":4},{"damage":12,"enemies":"Blue Slaver","floor":11,"turns":2},{"damage":0,"enemies":"Red Slaver","floor":14,"turns":1},{"damage":9,"enemies":"Large Slime","floor":15,"turns":6},{"damage":19,"enemies":"IC_STATUS_ARCHETYPE","floor":16,"turns":8},{"damage":11,"enemies":"Shell Parasite","floor":20,"turns":4},{"damage":7,"enemies":"downfall:FleeingMerchant","floor":21,"turns":4},{"damage":10,"enemies":"Spheric Guardian","floor":22,"turns":4},{"damage":20,"enemies":"Cultist and Chosen","floor":23,"turns":6},{"damage":20,"enemies":"3 Cultists","floor":25,"turns":7},{"damage":17,"enemies":"Snake Plant","floor":27,"turns":4},{"damage":31,"enemies":"Cultist and Chosen","floor":28,"turns":5},{"damage":16,"enemies":"Centurion and Healer","floor":29,"turns":8},{"damage":23,"enemies":"Shelled Parasite and Fungi","floor":31,"turns":3},{"damage":15,"enemies":"Cultist and Chosen","floor":32,"turns":4},{"damage":70,"enemies":"WA_ARCHETYPE_CALM","floor":33,"turns":5}],"seed_played":"7567779897061752111","potions_obtained":[{"floor":2,"key":"bronze:FreeFunctionsPotion"},{"floor":3,"key":"SteroidPotion"},{"floor":11,"key":"SteroidPotion"},{"floor":15,"key":"AttackPotion"},{"floor":25,"key":"Energy Potion"},{"floor":27,"key":"Ancient Potion"},{"floor":29,"key":"SpeedPotion"}],"is_trial":false,"path_per_floor":["R","M","M","M","$","E","T","?","R","$","M","R","?","M","M","B",null,"R","?","M","$","M","M","T","M","?","M","M","M","R","M","M","B"],"character_chosen":"THE_AUTOMATON","items_purchased":["bronze:ClassDefault","Membership Card","Vajra"],"campfire_rested":1,"item_purchase_floors":[5,21,21],"current_hp_per_floor":[70,70,68,68,68,39,39,39,39,37,25,46,51,51,63,51,75,75,75,64,64,61,48,48,35,35,57,33,52,52,29,21,0,0,0],"gold":222,"neow_bonus":"RANDOM_COMMON_RELIC","is_daily":false,"chose_seed":false,"campfire_upgraded":3,"win_rate":0.0,"timestamp":1611136843,"path_taken":["R","?","?","M","$","E","T","?","R","$","M","R","?","M","M","BOSS","R","?","?","$","M","M","T","M","?","M","M","M","R","M","M","BOSS"],"items_purchased_type":["Card","Relic","Relic"],"build_version":"2020-12-22","purchased_purges":1,"victory":false,"max_hp_per_floor":[70,70,70,70,70,70,70,70,70,70,70,70,75,75,75,75,75,75,75,75,75,75,75,75,75,75,75,75,75,75,75,75,75,75,75],"card_choices":[{"not_picked":["bronze:Shield","bronze:ItsAFeature"],"picked":"bronze:OilSpill","floor":2},{"not_picked":["bronze:Frontload","bronze:DelayedSlice","bronze:BugBarrage"],"picked":"SKIP","floor":3},{"not_picked":["bronze:Branch","bronze:CutThrough"],"picked":"bronze:Iterate","floor":4},{"not_picked":["bronze:Frontload","bronze:Shield"],"picked":"bronze:CleanCode","floor":5},{"not_picked":["bronze:WildBeam","bronze:Shield","bronze:Frontload"],"picked":"SKIP","floor":6},{"not_picked":["bronze:Shield","bronze:FindAndReplace"],"picked":"bronze:Branch","floor":10},{"not_picked":["bronze:Allocate","bronze:BitShift"],"picked":"bronze:OilSpill","floor":11},{"not_picked":["bronze:Branch","bronze:AlphaBuild"],"picked":"bronze:Repair","floor":14},{"not_picked":["bronze:DelayedGuard","bronze:Deprecate","bronze:Overheat"],"picked":"SKIP","floor":15},{"not_picked":["bronze:CleanCode","bronze:AlphaBuild"],"picked":"bronze:Verify","floor":16},{"not_picked":["bronze:Iterate","bronze:Frontload"],"picked":"bronze:OilSpill","floor":20},{"not_picked":["bronze:ForceShield","bronze:CleanCode","bronze:DigitalCarnage+1"],"picked":"SKIP","floor":21},{"not_picked":["bronze:Flail","bronze:WildBeam+1"],"picked":"bronze:ClassDefault","floor":22},{"not_picked":["bronze:Branch","bronze:BitShift"],"picked":"bronze:Fortify","floor":23},{"not_picked":["bronze:Iterate+1","bronze:WildBeam"],"picked":"bronze:Flail+1","floor":25},{"not_picked":["bronze:BronzeOrb+1","bronze:WildBeam"],"picked":"bronze:Philosophize","floor":27},{"not_picked":["bronze:ForLoop+1","bronze:DelayedSlice","bronze:Invalidate+1"],"picked":"SKIP","floor":28},{"not_picked":["bronze:Deprecate","bronze:Frontload"],"picked":"bronze:Verify","floor":29},{"not_picked":["bronze:DelayedSlice","bronze:CutThrough"],"picked":"bronze:FineTuning+1","floor":31},{"not_picked":["bronze:CutThrough","bronze:MaxOutput+1"],"picked":"bronze:Shell","floor":32}],"player_experience":1463425,"relics_obtained":[{"floor":6,"key":"MawBank"},{"floor":7,"key":"PreservedInsect"},{"floor":24,"key":"Potion Belt"}],"event_choices":[{"cards_removed":["bronze:Strike"],"damage_healed":0,"gold_gain":0,"player_choice":"Card Removal","damage_taken":0,"max_hp_gain":0,"max_hp_loss":0,"event_name":"The Cleric","floor":8,"gold_loss":0},{"damage_healed":0,"gold_gain":0,"player_choice":"Donut","damage_taken":0,"max_hp_gain":5,"max_hp_loss":0,"event_name":"Big Fish","floor":13,"gold_loss":0},{"damage_healed":0,"gold_gain":0,"player_choice":"Ignored","damage_taken":0,"max_hp_gain":0,"max_hp_loss":0,"event_name":"NoteForYourself","floor":19,"gold_loss":0},{"damage_healed":0,"gold_gain":0,"player_choice":"Ignored","damage_taken":0,"max_hp_gain":0,"max_hp_loss":0,"event_name":"Ghosts","floor":26,"gold_loss":0}],"is_beta":false,"boss_relics":[{"not_picked":["Philosopher\u0027s Stone","bronze:MakeshiftBattery"],"picked":"Cursed Key"}],"items_purged_floors":[21],"is_endless":false,"potions_floor_spawned":[2,3,11,15,22,25,27,29],"killed_by":"WA_ARCHETYPE_CALM","ascension_level":0}}