{"host":"skr63qsdfgeey3it","time":1611123714,"event":{"mods":["BaseMod","Colored Map","Hubris","Minty Spire (QoL Compilation)","Replay The Spire","Spicy Shops","StSLib"],"gold_per_floor":[112,213,259,275,17,17,32,32,32,64,118,118,118,166,226,297,297,314,314,341,57,77,177,177],"floor_reached":23,"language":"ENG","playtime":643,"items_purged":[],"score":305,"play_id":"e572e595-cdd8-4e82-9e79-fcf46a5a80df","local_time":"20210120002154","is_ascension_mode":true,"campfire_choices":[{"data":"ReplayTheSpireMod:Brewmster","floor":6,"key":"SMITH"}],"circlet_count":0,"master_deck":["AscendersBane","Strike_R","Strike_R","Strike_R","Strike_R","Defend_R+1","Defend_R+1","Defend_R","Defend_R","Bash","Cleave+1","Dropkick","ReplayTheSpireMod:Brewmster+1","ReplayReversal","ReplayReversal","Rage","Impervious","Anger","Blood for Blood+1","Iron Wave"],"relics":["Burning Blood","Replay:Multitool","Akabeko","War Paint","Replay:Bottled Snecko","Happy Flower","Tiny Chest","hubris:Icosahedron","Bronze Scales","hubris:BlackHole","Boot","Membership Card","Pet Ghost","Juzu Bracelet"],"acts_visited":["Exordium","TheCity"],"potions_floor_usage":[10,10,16,16,16,16,16,18,22,22,23,23,23],"damage_taken":[{"damage":11,"enemies":"2 Louse","floor":1,"turns":3},{"damage":0,"enemies":"Small Slimes","floor":4,"turns":2},{"damage":0,"enemies":"Jaw Worm","floor":7,"turns":3},{"damage":12,"enemies":"3 Sentries","floor":10,"turns":6},{"damage":105,"enemies":"Slime Boss","floor":16,"turns":15},{"damage":0,"enemies":"Shell Parasite","floor":18,"turns":4},{"damage":12,"enemies":"Chosen","floor":22,"turns":3},{"damage":63,"enemies":"Gremlin Leader","floor":23,"turns":6}],"seed_played":"-6687151633484752036","potions_obtained":[{"floor":7,"key":"Explosive Potion"},{"floor":10,"key":"BloodPotion"}],"is_trial":false,"path_per_floor":["M","?","T","M","$","R","M","?","T","E","T","?","R","T","R","B",null,"M","?","T","$","M","E"],"character_chosen":"IRONCLAD","items_purchased":["ReplayTheSpireMod:Brewmster","ReplayReversal","Membership Card","Pet Ghost","Juzu Bracelet","Blood for Blood+1"],"campfire_rested":0,"item_purchase_floors":[5,5,21,21,21,21],"current_hp_per_floor":[46,46,46,52,52,52,58,51,51,45,45,45,69,69,69,10,63,69,69,69,69,63,0,0],"gold":177,"neow_bonus":"ONE_RARE_RELIC","is_daily":false,"chose_seed":false,"campfire_upgraded":1,"win_rate":0.0,"timestamp":1611123714,"path_taken":["M","?","?","M","$","R","?","?","T","E","?","?","R","?","R","BOSS","M","?","?","$","M","E"],"items_purchased_type":["Card","Card","Relic","Relic","Relic","Card"],"build_version":"2020-12-22","purchased_purges":0,"victory":false,"max_hp_per_floor":[80,80,80,80,80,80,80,80,80,80,80,80,80,80,80,80,80,80,80,80,80,80,80,80],"card_choices":[{"not_picked":["Replay:Undeath\u0027s Touch","Evolve","Twin Strike"],"picked":"SKIP","floor":1},{"not_picked":["Anger","Bloodletting"],"picked":"Cleave","floor":2},{"not_picked":["ReplayTheSpireMod:Strike From Hell","Perfected Strike"],"picked":"Dropkick","floor":2},{"not_picked":["Clothesline","Blood for Blood","Reckless Charge"],"picked":"SKIP","floor":4},{"not_picked":["Reckless Charge","Massacre"],"picked":"ReplayReversal","floor":7},{"not_picked":["Twin Strike","Life Link"],"picked":"Rage","floor":10},{"not_picked":["Juggernaut","Fiend Fire"],"picked":"Impervious","floor":16},{"not_picked":["Flex","Disarm"],"picked":"Anger","floor":18},{"not_picked":["Pommel Strike","Power Through"],"picked":"Iron Wave","floor":22}],"player_experience":766109,"relics_obtained":[{"floor":2,"key":"Akabeko"},{"floor":3,"key":"War Paint"},{"floor":9,"key":"Replay:Bottled Snecko"},{"floor":10,"key":"Happy Flower"},{"floor":11,"key":"Tiny Chest"},{"floor":14,"key":"Bronze Scales"},{"floor":20,"key":"Boot"}],"event_choices":[{"cards_removed":["Strike_R"],"damage_healed":0,"gold_gain":0,"player_choice":"Card Removal","damage_taken":7,"max_hp_gain":0,"max_hp_loss":0,"event_name":"Golden Wing","floor":8,"gold_loss":0},{"damage_healed":0,"gold_gain":0,"player_choice":"Got Potions","damage_taken":0,"max_hp_gain":0,"max_hp_loss":0,"event_name":"Lab","floor":19,"gold_loss":0}],"is_beta":false,"boss_relics":[{"not_picked":["ReplayTheSpireMod:DimensionalGlitch","Kintsugi"],"picked":"hubris:BlackHole"}],"items_purged_floors":[],"is_endless":false,"potions_floor_spawned":[7,10],"killed_by":"Gremlin Leader","ascension_level":13}}