{"host":"ecaj4hn004xnnrw9","time":1611135629,"event":{"mods":["AchievementEnabler","BaseMod","Better Third Choice","Card Forge","Hermit","Hubris","Infinite Spire","Jorbs\u0027s Wanderer Trilogy","Minty Spire (QoL Compilation)","Quick Restart","Relic Stats","Shop Mod","StSLib","The Construct","The Jungle","The Runesmith"],"gold_per_floor":[364,364,379,151,162,193,206,232,232,259,276,276,276,276,276,378,378,389,403,403,418,434,434,466,466,466,566,566,12,28,62,62,159,159,170,184,184,203,220,246,256,256,306,321,349,363,396,396,396,396,396,396,64,99,99],"floor_reached":56,"language":"ENG","playtime":1127,"items_purged":["Strike_G","Strike_G","Strike_G","Strike_G"],"score":2336,"play_id":"008725a0-6484-40d7-b51b-d38bfc1de4a5","local_time":"20210120094029","is_ascension_mode":true,"campfire_choices":[{"floor":13,"key":"REST"},{"data":"Footwork","floor":15,"key":"SMITH"},{"floor":23,"key":"RECALL"},{"floor":32,"key":"REST"},{"data":"Calculated Gamble","floor":42,"key":"SMITH"},{"data":"Prepared","floor":49,"key":"SMITH"},{"data":"Doppelganger","floor":52,"key":"SMITH"}],"circlet_count":0,"master_deck":["hubris:InfiniteBlow+214","Strike_G","Defend_G","Defend_G","Defend_G","Defend_G+1","Defend_G","Survivor","Neutralize+1","Footwork+1","Calculated Gamble+1","Prepared+1","Acrobatics","Doppelganger+1","Dark Shackles"],"relics":["Ring of the Snake","Hammer of Thor","Seething Fire","Anvil of the Gods","Omamori","Juzu Bracelet","Bronze Scales","construct:FoamFinger","hubris:TenFootPole","Runesmith:UraniumAnvil","Red Mask","Eternal Feather","MealTicket","hubris:AncientText","hubris:HerbalPaste","Potion Belt","hubris:ScarierMask","hubris:Icosahedron","PreservedInsect","Art of War","infinitespire:EmpoweringShard","hubris:ToyBattleship","Membership Card","Oddly Smooth Stone","Mercury Hourglass"],"acts_visited":["Exordium","TheCity","TheBeyond","TheEnding"],"potions_floor_usage":[41,55,55],"damage_taken":[{"damage":0,"enemies":"Small Slimes","floor":1,"turns":2},{"damage":0,"enemies":"2 Louse","floor":3,"turns":2},{"damage":0,"enemies":"Jaw Worm","floor":5,"turns":1},{"damage":0,"enemies":"Gremlin Nob","floor":6,"turns":1},{"damage":0,"enemies":"Looter","floor":7,"turns":1},{"damage":13,"enemies":"3 Sentries","floor":8,"turns":6},{"damage":0,"enemies":"Gremlin Nob","floor":10,"turns":1},{"damage":0,"enemies":"Exordium Thugs","floor":11,"turns":2},{"damage":0,"enemies":"Slime Boss","floor":16,"turns":1},{"damage":0,"enemies":"Spheric Guardian","floor":18,"turns":1},{"damage":0,"enemies":"Chosen","floor":19,"turns":1},{"damage":1,"enemies":"Centurion and Healer","floor":21,"turns":3},{"damage":0,"enemies":"Chosen and Byrds","floor":22,"turns":2},{"damage":0,"enemies":"Masked Bandits","floor":24,"turns":4},{"damage":0,"enemies":"Colosseum Slavers","floor":27,"turns":1},{"damage":0,"enemies":"Colosseum Nobs","floor":27,"turns":3},{"damage":0,"enemies":"Snake Plant","floor":30,"turns":1},{"damage":14,"enemies":"Slavers","floor":31,"turns":5},{"damage":0,"enemies":"Automaton","floor":33,"turns":1},{"damage":4,"enemies":"3 Shapes","floor":35,"turns":2},{"damage":0,"enemies":"3 Darklings","floor":36,"turns":2},{"damage":0,"enemies":"Jaw Worm Horde","floor":38,"turns":3},{"damage":0,"enemies":"Maw","floor":39,"turns":1},{"damage":0,"enemies":"Giant Head","floor":40,"turns":1},{"damage":0,"enemies":"3 Darklings","floor":41,"turns":2},{"damage":0,"enemies":"Spire Growth","floor":44,"turns":1},{"damage":0,"enemies":"Nemesis","floor":45,"turns":1},{"damage":0,"enemies":"Transient","floor":46,"turns":1},{"damage":0,"enemies":"Reptomancer","floor":47,"turns":1},{"damage":0,"enemies":"Awakened One","floor":50,"turns":2},{"damage":0,"enemies":"Shield and Spear","floor":54,"turns":1},{"damage":68,"enemies":"The Heart","floor":55,"turns":5}],"seed_played":"-3517772836966688516","potions_obtained":[{"floor":1,"key":"Ancient Potion"},{"floor":3,"key":"Strength Potion"},{"floor":7,"key":"DuplicationPotion"},{"floor":10,"key":"GamblersBrew"},{"floor":31,"key":"Swift Potion"},{"floor":33,"key":"Explosive Potion"},{"floor":41,"key":"Fruit Juice"}],"is_trial":false,"path_per_floor":["M","?","M","$","M","E","M","E","T","E","M","?","R","?","R","B",null,"M","M","?","M","M","R","?","AVR","T","?","?","$","M","E","R","B",null,"M","M","?","M","M","E","M","R","T","M","E","M","E","?","R","B",null,"R","$","E","B",null],"character_chosen":"THE_SILENT","items_purchased":["Omamori","MealTicket","hubris:AncientText","hubris:HerbalPaste","Membership Card","Oddly Smooth Stone","Dark Shackles"],"campfire_rested":2,"item_purchase_floors":[4,29,29,29,53,53,53],"current_hp_per_floor":[45,28,28,28,28,28,28,15,15,15,15,8,29,29,29,29,60,60,60,60,59,59,59,59,59,59,59,59,59,59,51,70,70,70,66,69,69,70,70,70,70,70,70,70,70,70,70,70,70,70,70,70,70,70,13],"gold":99,"neow_bonus":"TWO_FIFTY_GOLD","is_daily":false,"chose_seed":false,"campfire_upgraded":4,"win_rate":0.0,"timestamp":1611135629,"path_taken":["M","?","M","$","M","E","M","E","T","E","M","?","R","?","R","BOSS","M","M","?","M","M","R","?","AVR","T","?","?","$","M","E","R","BOSS","M","M","?","M","M","E","M","R","T","M","E","M","E","?","R","BOSS","R","$","E","BOSS"],"items_purchased_type":["Relic","Relic","Relic","Relic","Relic","Relic","Card"],"build_version":"2020-12-22","purchased_purges":4,"victory":true,"max_hp_per_floor":[70,70,70,70,70,70,70,70,70,70,70,70,70,70,70,70,70,70,70,70,70,70,70,70,70,70,70,70,70,70,70,70,70,70,70,70,70,70,70,70,70,70,70,70,70,70,70,70,70,70,70,70,70,70,75],"relic_stats":{"counters":[32,62],"Bronze Scales":[105],"Eternal Feather":6,"MealTicket":0,"PreservedInsect":155,"Juzu Bracelet":1,"Art of War":[1],"obtain_stats":[{"construct:FoamFinger":9,"Hammer of Thor":0,"Juzu Bracelet":6,"hubris:HerbalPaste":29,"hubris:Icosahedron":37,"hubris:ScarierMask":34,"MealTicket":29,"Red Mask":24,"Ring of the Snake":0,"Potion Belt":31,"Oddly Smooth Stone":53,"Eternal Feather":27,"PreservedInsect":40,"Omamori":4,"Seething Fire":0,"Mercury Hourglass":54,"Anvil of the Gods":0,"Bronze Scales":8,"Runesmith:UraniumAnvil":17,"hubris:TenFootPole":10,"Art of War":43,"infinitespire:EmpoweringShard":45,"hubris:ToyBattleship":47,"Membership Card":53,"hubris:AncientText":29},{"construct:FoamFinger":6,"Hammer of Thor":0,"Juzu Bracelet":4,"hubris:HerbalPaste":16,"hubris:Icosahedron":21,"hubris:ScarierMask":19,"MealTicket":16,"Red Mask":14,"Ring of the Snake":0,"Potion Belt":18,"Oddly Smooth Stone":30,"Eternal Feather":16,"PreservedInsect":24,"Omamori":2,"Seething Fire":0,"Mercury Hourglass":31,"Anvil of the Gods":0,"Bronze Scales":6,"Runesmith:UraniumAnvil":9,"hubris:TenFootPole":7,"Art of War":25,"infinitespire:EmpoweringShard":27,"hubris:ToyBattleship":29,"Membership Card":30,"hubris:AncientText":16},{"construct:FoamFinger":13,"Hammer of Thor":0,"Juzu Bracelet":6,"hubris:HerbalPaste":32,"hubris:Icosahedron":43,"hubris:ScarierMask":39,"MealTicket":32,"Red Mask":28,"Ring of the Snake":0,"Potion Belt":38,"Oddly Smooth Stone":56,"Eternal Feather":32,"PreservedInsect":48,"Omamori":4,"Seething Fire":0,"Mercury Hourglass":57,"Anvil of the Gods":0,"Bronze Scales":13,"Runesmith:UraniumAnvil":17,"hubris:TenFootPole":14,"Art of War":50,"infinitespire:EmpoweringShard":52,"hubris:ToyBattleship":54,"Membership Card":56,"hubris:AncientText":32}],"Ring of the Snake":[64],"Mercury Hourglass":[15]},"card_choices":[{"not_picked":["Accuracy","Flying Knee"],"picked":"Footwork","floor":1},{"not_picked":["Accuracy","Blade Dance","Cloak And Dagger"],"picked":"SKIP","floor":3},{"not_picked":["Flying Knee","Acrobatics"],"picked":"Calculated Gamble","floor":5},{"not_picked":["Endless Agony","Terror","Dagger Spray"],"picked":"SKIP","floor":6},{"not_picked":["Flying Knee","Dagger Spray","hubris:Counter"],"picked":"SKIP","floor":7},{"not_picked":["After Image","Poisoned Stab","Flying Knee"],"picked":"SKIP","floor":8},{"not_picked":["After Image","Poisoned Stab","Flying Knee"],"picked":"SKIP","floor":8},{"not_picked":["After Image","Poisoned Stab","Flying Knee"],"picked":"SKIP","floor":8},{"not_picked":["Cloak And Dagger","hubris:SlightOfHand"],"picked":"Prepared","floor":10},{"not_picked":["Slice","Flying Knee","Quick Slash"],"picked":"SKIP","floor":11},{"not_picked":["Infinite Blades","hubris:Sniper+1","Predator"],"picked":"SKIP","floor":18},{"not_picked":["Slice","Bane"],"picked":"Acrobatics","floor":19},{"not_picked":["Quick Slash","Crippling Poison","Deadly Poison"],"picked":"SKIP","floor":21},{"not_picked":["Reflex","Dagger Throw","Distraction"],"picked":"SKIP","floor":22},{"not_picked":["Reflex","Dagger Throw","Distraction"],"picked":"SKIP","floor":22},{"not_picked":["Eviscerate","Flechettes","Infinite Blades+1"],"picked":"SKIP","floor":30},{"not_picked":["Heel Hook","Bullet Time","Underhanded Strike"],"picked":"SKIP","floor":31},{"not_picked":["After Image","Storm of Steel"],"picked":"Doppelganger","floor":33},{"not_picked":["Backflip","Bane+1","hubris:Counter+1"],"picked":"SKIP","floor":35},{"not_picked":["Deadly Poison+1","Prepared","Eviscerate"],"picked":"SKIP","floor":36},{"not_picked":["Crippling Poison+1","Riddle With Holes","Dagger Throw+1"],"picked":"SKIP","floor":38},{"not_picked":["Underhanded Strike+1","Cloak And Dagger","Leg Sweep+1"],"picked":"SKIP","floor":39},{"not_picked":["Sucker Punch+1","Catalyst+1","Flying Knee"],"picked":"SKIP","floor":40},{"not_picked":["Crippling Poison+1","Bane+1","Deadly Poison+1"],"picked":"SKIP","floor":41},{"not_picked":["Riddle With Holes","Heel Hook+1","Outmaneuver+1"],"picked":"SKIP","floor":44},{"not_picked":["Outmaneuver+1","Endless Agony+1","Slice"],"picked":"SKIP","floor":45},{"not_picked":["Well Laid Plans+1","Tools of the Trade","Dagger Throw"],"picked":"SKIP","floor":46},{"not_picked":["Flying Knee+1","Cloak And Dagger","Deadly Poison+1"],"picked":"SKIP","floor":47},{"not_picked":["hubris:SlightOfHand+1","Blade Dance","Flechettes"],"picked":"SKIP","floor":54}],"player_experience":397683,"relics_obtained":[{"floor":6,"key":"Juzu Bracelet"},{"floor":8,"key":"Bronze Scales"},{"floor":9,"key":"construct:FoamFinger"},{"floor":10,"key":"hubris:TenFootPole"},{"floor":24,"key":"Red Mask"},{"floor":27,"key":"Eternal Feather"},{"floor":31,"key":"Potion Belt"},{"floor":40,"key":"PreservedInsect"},{"floor":43,"key":"Art of War"},{"floor":45,"key":"infinitespire:EmpoweringShard"},{"floor":47,"key":"hubris:ToyBattleship"},{"floor":54,"key":"Mercury Hourglass"}],"event_choices":[{"damage_healed":15,"gold_gain":0,"player_choice":"Upgrade","damage_taken":14,"max_hp_gain":0,"max_hp_loss":70,"event_name":"betterThird:BetterShining","floor":12,"gold_loss":0,"cards_upgraded":["Neutralize","Defend_G"]},{"damage_healed":0,"gold_gain":0,"player_choice":"Ignored","damage_taken":276,"max_hp_gain":0,"max_hp_loss":0,"event_name":"betterThird:BetterSerpent","floor":14,"gold_loss":0},{"damage_healed":0,"gold_gain":0,"player_choice":"Ignored","damage_taken":0,"max_hp_gain":0,"max_hp_loss":0,"event_name":"Vampires","floor":20,"gold_loss":0},{"damage_healed":0,"gold_gain":0,"player_choice":"Fought Bandits","damage_taken":0,"max_hp_gain":0,"max_hp_loss":0,"event_name":"Masked Bandits","floor":24,"gold_loss":0},{"damage_healed":0,"gold_gain":0,"player_choice":"Fight","damage_taken":0,"max_hp_gain":0,"max_hp_loss":0,"event_name":"Colosseum","floor":27,"gold_loss":0},{"damage_healed":0,"gold_gain":0,"player_choice":"Fought Nobs","damage_taken":0,"max_hp_gain":0,"max_hp_loss":0,"event_name":"Colosseum","floor":27,"gold_loss":0},{"damage_healed":0,"gold_gain":0,"player_choice":"Ignored","damage_taken":0,"max_hp_gain":0,"max_hp_loss":0,"event_name":"Ghosts","floor":28,"gold_loss":0},{"damage_healed":0,"gold_gain":0,"player_choice":"Got Potions","damage_taken":0,"max_hp_gain":0,"max_hp_loss":0,"event_name":"Lab","floor":48,"gold_loss":0}],"is_beta":false,"boss_relics":[{"not_picked":["hubris:BlackHole","construct:ClawGrip"],"picked":"Runesmith:UraniumAnvil"},{"not_picked":["Ring of the Serpent","Philosopher\u0027s Stone"],"picked":"hubris:ScarierMask"}],"items_purged_floors":[4,25,29,53],"is_endless":false,"potions_floor_spawned":[1,3,7,10,16,18,19,24,31,33,35,36,41,46,47],"ascension_level":8}}