{"host":"on8kfoejf6vp3cg3","time":1611100825,"event":{"mods":["AchievementEnabler","BaseMod","Better Match","Better Third Choice","Block Reminder","Colored Map","Colored Powertips","Disable Question Mark Monsters","Googly Eyes","Hermit","Highlight Path","Minty Spire (QoL Compilation)","Permanent Neow","Poor People Problems","Rare Cards Sparkle","Replay The Spire","StSLib","The Blackbeard","The Bladedancer","The Cursed"],"gold_per_floor":[116,155,210,210,272,367,367,491,491,330,330,461,533,137,137,280,280,374,438,553,612,707,716,19,19,19,124,124,124,1,105,114,294,294,337,395,447,562,634,765,973,1130,1139,1139,628,754,652,592,592,797],"floor_reached":51,"language":"ENG","playtime":4064,"items_purged":["blademaster:Quickstep","blademaster:Frenzy"],"score":2117,"play_id":"b388cb7d-5172-4af6-80cb-80a04ec2659f","local_time":"20210119190025","daily_mods":["Insanity","Vintage","Heirloom","Time Dilation","Flight"],"is_ascension_mode":true,"campfire_choices":[{"floor":7,"key":"REST"},{"floor":11,"key":"REST"},{"floor":15,"key":"REST"},{"floor":23,"key":"REST"},{"data":"blademaster:Cut","floor":25,"key":"SMITH"},{"data":"blademaster:Cut","floor":25,"key":"SMITH"},{"data":"blademaster:Havoc","floor":29,"key":"SMITH"},{"data":"blademaster:Stability","floor":29,"key":"SMITH"},{"floor":32,"key":"REST"},{"data":"blademaster:Empower","floor":44,"key":"SMITH"},{"data":"blademaster:ThreePointStrike","floor":44,"key":"SMITH"},{"data":"blademaster:Thrust","floor":49,"key":"SMITH"},{"data":"blademaster:DaggerAndCloak","floor":49,"key":"SMITH"}],"circlet_count":0,"master_deck":["AscendersBane","blademaster:Bloodbath","blademaster:ParryingStrike","blademaster:Slice","blademaster:DragonStrike","blademaster:Stability+1","blademaster:AspectOfWind","blademaster:CullingStrike","blademaster:Sharpen","blademaster:Discharge","blademaster:Breeze","blademaster:ThunderSlash","blademaster:BloodyBlow","blademaster:FuriousStrike","blademaster:IcyWind","blademaster:DaggerAndCloak","blademaster:SlyStabs","blademaster:BloodyBlow","blademaster:SlyStabs","blademaster:KiBarrier","blademaster:Sunder","blademaster:SharpBlades","blademaster:BloodyBlow","blademaster:Cut+1","blademaster:Flurry","blademaster:Hailwind","blademaster:Sharpen","blademaster:Frontflip","blademaster:DaggerAndCloak+1","blademaster:AspectOfLightning","blademaster:LeechingStrike","blademaster:AspectOfWind","blademaster:Havoc+1","blademaster:SlyStabs","blademaster:AspectOfLightning","blademaster:BloodyBlow","blademaster:Frontflip","blademaster:Slice","blademaster:ChargingUp","blademaster:EyeOfTheStorm","blademaster:AncestralHealing","blademaster:Stability","blademaster:AwakeningStrike","blademaster:Breeze","blademaster:AwakeningStrike","blademaster:BloodyBlow","blademaster:AspectOfLightning","blademaster:ChargingUp","blademaster:Thrust+1","blademaster:HighVoltage","blademaster:Blindside","blademaster:Reversal","blademaster:TraverseCut","blademaster:Cut+1","blademaster:ThreePointStrike+1","blademaster:Cut+1","Dramatic Entrance+1","blademaster:Discharge+1","blademaster:Sharpen","blademaster:EnchantedCuirass+1","blademaster:Empower+1","blademaster:Stability+1","blademaster:Stability+1","Pain","blademaster:RagingBlow+1","blademaster:Overcharge+1"],"relics":["blademaster:DancersAmulet","Calipers","Replay:Bandana","Potion Belt","Sundial","Regal Pillow","Blood Vial","Dream Catcher","Happy Flower","Smiling Mask","The Courier","HandDrill","Mercury Hourglass","SacredBark","CeramicFish","StoneCalendar","ReplayTheSpireMod:Shallot","ReplayFunnel","Frozen Egg 2","Vajra","Replay:Arrowhead","Akabeko","Molten Egg 2","Iron Hammer","Boot","Ornamental Fan","Cursed Key","Anchor","StrikeDummy","InkBottle","Matryoshka","Gremlin Food","Eternal Feather","Toy Ornithopter","Replay:Baseball","Bottled Tornado","Lantern","Frozen Eye","Replay:Wax Seal","Meat on the Bone"],"acts_visited":["Exordium","TheCity","TheBeyond"],"potions_floor_usage":[16,16,16,33,33,33,50,50,50,50],"damage_taken":[{"damage":1,"enemies":"Cultist","floor":1,"turns":3},{"damage":12,"enemies":"Jaw Worm","floor":2,"turns":3},{"damage":12,"enemies":"Small Slimes","floor":3,"turns":4},{"damage":7,"enemies":"Blue Slaver","floor":5,"turns":3},{"damage":27,"enemies":"Replay:BlueRogue","floor":6,"turns":6},{"damage":33,"enemies":"Lagavulin","floor":8,"turns":5},{"damage":4,"enemies":"3 Sentries","floor":12,"turns":4},{"damage":12,"enemies":"Lagavulin","floor":13,"turns":5},{"damage":18,"enemies":"Hexaghost","floor":16,"turns":7},{"damage":31,"enemies":"Spheric Guardian","floor":18,"turns":5},{"damage":16,"enemies":"Shell Parasite","floor":19,"turns":3},{"damage":10,"enemies":"3 Cultists","floor":20,"turns":5},{"damage":12,"enemies":"Snake Plant","floor":21,"turns":3},{"damage":7,"enemies":"Cultist and Chosen","floor":22,"turns":5},{"damage":9,"enemies":"Replay:Snechameleon","floor":27,"turns":5},{"damage":11,"enemies":"Slavers","floor":31,"turns":3},{"damage":0,"enemies":"Automaton","floor":33,"turns":5},{"damage":0,"enemies":"Orb Walker","floor":35,"turns":2},{"damage":0,"enemies":"3 Darklings","floor":36,"turns":2},{"damage":0,"enemies":"4 Shapes","floor":37,"turns":2},{"damage":0,"enemies":"Maw","floor":38,"turns":4},{"damage":4,"enemies":"Sphere and 2 Shapes","floor":39,"turns":3},{"damage":0,"enemies":"Nemesis","floor":40,"turns":3},{"damage":0,"enemies":"Giant Head","floor":41,"turns":6},{"damage":16,"enemies":"Reptomancer","floor":42,"turns":3},{"damage":2,"enemies":"Nemesis","floor":46,"turns":3},{"damage":0,"enemies":"Awakened One","floor":50,"turns":6}],"seed_played":"-1747825796420458793","potions_obtained":[{"floor":1,"key":"LiquidBronze"},{"floor":3,"key":"Energy Potion"},{"floor":12,"key":"Block Potion"},{"floor":16,"key":"SteroidPotion"},{"floor":18,"key":"SkillPotion"},{"floor":20,"key":"Strength Potion"},{"floor":37,"key":"BlessingOfTheForge"},{"floor":41,"key":"DuplicationPotion"}],"is_trial":true,"path_per_floor":["M","M","M","$","M","E","R","E","T","$","R","E","E","$","R","B",null,"M","M","M","M","M","R","$","R","T","E","$","R","$","E","R","B",null,"M","M","M","M","M","E","E","E","T","R","$","E","$","$","R","B",null],"character_chosen":"THE_BLADEMASTER","items_purchased":["Happy Flower","HandDrill","Mercury Hourglass","LiquidBronze","Vajra","Replay:Arrowhead","Akabeko","Molten Egg 2","Dramatic Entrance+1","Lantern","Frozen Eye","blademaster:RagingBlow+1","Replay:Wax Seal","FearPotion","Ancient Potion","blademaster:Overcharge+1"],"campfire_rested":5,"item_purchase_floors":[10,14,14,14,24,24,24,24,30,45,45,45,45,47,47,48],"current_hp_per_floor":[63,57,51,51,50,29,65,38,38,38,71,71,65,65,71,59,68,45,37,35,31,32,68,68,68,68,70,70,70,70,66,71,71,71,71,71,71,71,71,71,71,61,61,71,71,71,71,71,71,71],"gold":797,"neow_bonus":"","is_daily":false,"chose_seed":false,"campfire_upgraded":8,"win_rate":0.0,"timestamp":1611100825,"path_taken":["M","M","M","$","M","E","R","E","T","$","R","E","E","$","R","BOSS","M","M","M","M","M","R","$","R","T","E","$","R","$","E","R","BOSS","M","M","M","M","M","E","E","E","T","R","$","E","$","$","R","BOSS"],"items_purchased_type":["Relic","Relic","Relic","Potion","Relic","Relic","Relic","Relic","Card","Relic","Relic","Card","Relic","Potion","Potion","Card"],"build_version":"2020-12-22","purchased_purges":2,"victory":true,"max_hp_per_floor":[71,71,71,71,71,71,71,71,71,71,71,71,71,71,71,71,71,71,71,71,71,71,71,71,71,71,71,71,71,71,71,71,71,71,71,71,71,71,71,71,71,71,71,71,71,71,71,71,71,71],"card_choices":[{"not_picked":["blademaster:Gust","blademaster:Blockade"],"picked":"blademaster:HighVoltage","floor":6},{"not_picked":["blademaster:Vortex","blademaster:Rupture"],"picked":"blademaster:Blindside","floor":8},{"not_picked":["blademaster:Gust","blademaster:ThunderSlash"],"picked":"blademaster:Reversal","floor":11},{"not_picked":["blademaster:Hailwind","blademaster:Frontflip"],"picked":"blademaster:TraverseCut","floor":12},{"not_picked":["blademaster:Reversal","blademaster:Rupture","blademaster:LeechingStrike"],"picked":"SKIP","floor":13},{"not_picked":["blademaster:Slice","blademaster:BloodyBlow"],"picked":"blademaster:Cut","floor":15},{"not_picked":["blademaster:Empower","blademaster:RollingTyphoon"],"picked":"blademaster:ThreePointStrike","floor":16},{"not_picked":["blademaster:DragonStrike","blademaster:Slice"],"picked":"blademaster:Cut+1","floor":23},{"not_picked":["blademaster:Frontflip","blademaster:StanceMastery+1","blademaster:ThunderSlash+1"],"picked":"SKIP","floor":27},{"not_picked":["blademaster:SlyStabs","blademaster:LeechingStrike+1"],"picked":"blademaster:Discharge+1","floor":31},{"not_picked":["blademaster:IcyWind+1","blademaster:ParryingStrike+1"],"picked":"blademaster:Sharpen","floor":32},{"not_picked":["blademaster:Flash+1","blademaster:UnrelentingWind"],"picked":"blademaster:EnchantedCuirass+1","floor":33},{"not_picked":["blademaster:Thrust+1","blademaster:BladeMastery"],"picked":"blademaster:Empower","floor":40},{"not_picked":["blademaster:Sharpen","blademaster:DaggerAndCloak+1"],"picked":"blademaster:Stability+1","floor":41},{"not_picked":["blademaster:AwakeningDefend","blademaster:ParryingStrike+1"],"picked":"blademaster:Stability+1","floor":42},{"not_picked":["blademaster:FuriousStrike+1","blademaster:AirSlash+1","blademaster:IcyWind+1"],"picked":"SKIP","floor":46}],"player_experience":483689,"relics_obtained":[{"floor":1,"key":"Replay:Bandana"},{"floor":1,"key":"blademaster:StanceHealPerk"},{"floor":2,"key":"Potion Belt"},{"floor":2,"key":"blademaster:BleedingLaceratePerk"},{"floor":3,"key":"Sundial"},{"floor":3,"key":"blademaster:WindChargePerk"},{"floor":5,"key":"blademaster:BonusComboPerk"},{"floor":6,"key":"Regal Pillow"},{"floor":6,"key":"blademaster:StrongPerk"},{"floor":8,"key":"Blood Vial"},{"floor":8,"key":"blademaster:RandomBladePerk"},{"floor":9,"key":"Dream Catcher"},{"floor":12,"key":"Smiling Mask"},{"floor":12,"key":"blademaster:BonusFuryPerk"},{"floor":13,"key":"The Courier"},{"floor":13,"key":"blademaster:LightningChargePerk"},{"floor":18,"key":"CeramicFish"},{"floor":18,"key":"blademaster:BleedingMoreDamagePerk"},{"floor":19,"key":"StoneCalendar"},{"floor":19,"key":"blademaster:RandomStancePerk"},{"floor":20,"key":"ReplayTheSpireMod:Shallot"},{"floor":20,"key":"blademaster:FuryEveryTurnPerk"},{"floor":21,"key":"ReplayFunnel"},{"floor":21,"key":"blademaster:OnAttackedChargePerk"},{"floor":22,"key":"Frozen Egg 2"},{"floor":22,"key":"blademaster:DextrousPerk"},{"floor":26,"key":"Iron Hammer"},{"floor":27,"key":"Boot"},{"floor":27,"key":"blademaster:ComboEveryTurnPerk"},{"floor":31,"key":"Ornamental Fan"},{"floor":35,"key":"Anchor"},{"floor":36,"key":"StrikeDummy"},{"floor":37,"key":"InkBottle"},{"floor":38,"key":"Matryoshka"},{"floor":39,"key":"Gremlin Food"},{"floor":40,"key":"Eternal Feather"},{"floor":42,"key":"Toy Ornithopter"},{"floor":43,"key":"Replay:Baseball"},{"floor":43,"key":"Bottled Tornado"},{"floor":46,"key":"Meat on the Bone"}],"event_choices":[],"is_beta":false,"boss_relics":[{"not_picked":["Runic Pyramid","Replay:Grab Bag"],"picked":"SacredBark"},{"not_picked":["Painkiller Herb","ReplayTheSpireMod:DimensionalGlitch"],"picked":"Cursed Key"}],"items_purged_floors":[30,45],"is_endless":false,"potions_floor_spawned":[1,3,6,12,16,18,20,21,27,31,37,41,46],"ascension_level":19}}