{"host":"xbs6xfa3tvu21mfl","time":1611147645,"event":{"mods":["BaseMod","Downfall","Minty Spire (QoL Compilation)","Quick Restart","StSLib"],"gold_per_floor":[117,136,156,256,256,48,103,142,42,77,77,19,19,59,83,196,196,96,121,130,230,248,93,393,430,430,430,467,510,541,583,593,703,703,603,617,640,676,617,645,645,645,672,692,726,726,383,103,131,131,131,164,14,14,14,14],"floor_reached":57,"language":"ZHS","playtime":3824,"items_purged":["Pride","Regret","Parasite","Parasite"],"score":1477,"play_id":"cdb629df-6b57-4ab0-b17c-cf014fdb6710","local_time":"20210120210045","daily_mods":["SealedDeck","Heirloom","Time Dilation","Flight","DeadlyEvents","Elite Swarm"],"is_ascension_mode":false,"campfire_choices":[{"data":"champ:RageSigil","floor":9.0,"key":"SMITH"},{"floor":11.0,"key":"RECALL"},{"data":"champ:Shatter","floor":13.0,"key":"SMITH"},{"data":"champ:StrikeOfGenius","floor":18.0,"key":"SMITH"},{"data":"champ:CheapShot","floor":26.0,"key":"SMITH"},{"data":"champ:BerserkersShout","floor":27.0,"key":"PURGE"},{"data":"champ:LastStand","floor":35.0,"key":"SMITH"},{"floor":46.0,"key":"REST"},{"data":"1","floor":54.0,"key":"LIFT"}],"circlet_count":0,"master_deck":["champ:Duel","champ:ShieldSigil","champ:FanOfKnives","champ:BringItOn","champ:ShieldSigil","champ:FocusedBerserking","champ:RageSigil+1","champ:AdrenalArmor","champ:AdrenalArmor","champ:FaceSlap","champ:BringItOn","champ:ShieldSigil","champ:SwordThrow","champ:StanceDance","champ:StrikeOfGenius+1","champ:EnchantShield+1","champ:Shatter+1","champ:CheapShot+1","champ:HeartStrike","champ:MurderStrike","champ:BringItOn+1","champ:Devastate","champ:EnchantCrown+1","champ:VampiricStrike","champ:TripleStrike","champ:LastStand+1","champ:Endure+1","Parasite","champ:SwordThrow","champ:CalledShot+1"],"relics":["champ:ChampionCrownUpgraded","Peace Pipe","CloakClasp","Lee\u0027s Waffle","CeramicFish","Toxic Egg 2","downfall:HeartBlessingBlue","Strawberry","Bronze Scales","downfall:HeartBlessingRed","Singing Bowl","Ice Cream","StrikeDummy","Frozen Eye","InkBottle","Old Coin","champ:DefensiveTrainingManual","Kunai","Oddly Smooth Stone","Ginger","Eternal Feather","downfall:HeartBlessingGreen","Du-Vu Doll","TungstenRod","Ornamental Fan","Girya","Mercury Hourglass","Letter Opener","ClockworkSouvenir","Pen Nib"],"acts_visited":["Exordium","TheCity","TheBeyond","TheEnding"],"potions_floor_usage":[],"damage_taken":[{"damage":20.0,"enemies":"2 Louse","floor":1.0,"turns":1.0},{"damage":70.0,"enemies":"Jaw Worm","floor":2.0,"turns":3.0},{"damage":50.0,"enemies":"Cultist","floor":3.0,"turns":2.0},{"damage":157.0,"enemies":"Cultist","floor":4.0,"turns":5.0},{"damage":105.0,"enemies":"downfall:FleeingMerchant","floor":6.0,"turns":4.0},{"damage":45.0,"enemies":"Lagavulin","floor":8.0,"turns":3.0},{"damage":70.0,"enemies":"3 Sentries","floor":10.0,"turns":3.0},{"damage":118.0,"enemies":"downfall:FleeingMerchant","floor":12.0,"turns":4.0},{"damage":25.0,"enemies":"Gremlin Nob","floor":14.0,"turns":2.0},{"damage":15.0,"enemies":"Blue Slaver","floor":15.0,"turns":3.0},{"damage":90.0,"enemies":"Slime Boss","floor":16.0,"turns":6.0},{"damage":60.0,"enemies":"Spheric Guardian","floor":19.0,"turns":2.0},{"damage":50.0,"enemies":"IC_STATUS_ARCHETYPE","floor":21.0,"turns":3.0},{"damage":40.0,"enemies":"Snecko","floor":22.0,"turns":3.0},{"damage":45.0,"enemies":"downfall:FleeingMerchant","floor":23.0,"turns":4.0},{"damage":60.0,"enemies":"Book of Stabbing","floor":25.0,"turns":3.0},{"damage":65.0,"enemies":"Slavers","floor":28.0,"turns":3.0},{"damage":54.0,"enemies":"Book of Stabbing","floor":29.0,"turns":2.0},{"damage":60.0,"enemies":"Gremlin Leader","floor":30.0,"turns":3.0},{"damage":45.0,"enemies":"Book of Stabbing","floor":31.0,"turns":3.0},{"damage":45.0,"enemies":"3 Cultists","floor":32.0,"turns":3.0},{"damage":101.0,"enemies":"IC_MUSHROOM_ARCHETYPE","floor":33.0,"turns":4.0},{"damage":80.0,"enemies":"3 Shapes","floor":36.0,"turns":3.0},{"damage":40.0,"enemies":"3 Darklings","floor":37.0,"turns":2.0},{"damage":63.0,"enemies":"Reptomancer","floor":40.0,"turns":3.0},{"damage":123.0,"enemies":"Nemesis","floor":43.0,"turns":6.0},{"damage":21.0,"enemies":"4 Shapes","floor":44.0,"turns":4.0},{"damage":48.0,"enemies":"Reptomancer","floor":45.0,"turns":3.0},{"damage":44.0,"enemies":"Writhing Mass","floor":49.0,"turns":3.0},{"damage":59.0,"enemies":"SI_POISON_ARCHETYPE","floor":50.0,"turns":3.0},{"damage":159.0,"enemies":"downfall:CharBossMerchant","floor":52.0,"turns":7.0},{"damage":104.0,"enemies":"downfall:NeowBoss","floor":55.0,"turns":9.0},{"damage":144,"enemies":"downfall:NeowBoss","floor":56,"turns":11}],"seed_played":"427220385783236007","potions_obtained":[{"floor":4.0,"key":"Energy Potion"},{"floor":8.0,"key":"champ:OpenerPotion"},{"floor":10.0,"key":"DuplicationPotion"},{"floor":14.0,"key":"SpeedPotion"},{"floor":15.0,"key":"bronze:BurnAndBuffPotion"},{"floor":19.0,"key":"Block Potion"},{"floor":25.0,"key":"SteroidPotion"},{"floor":28.0,"key":"Strength Potion"},{"floor":29.0,"key":"CultistPotion"},{"floor":30.0,"key":"champ:OpenerPotion"},{"floor":31.0,"key":"Regen Potion"},{"floor":36.0,"key":"champ:CounterPotion"},{"floor":37.0,"key":"champ:TechniquePotion"},{"floor":44.0,"key":"Ancient Potion"},{"floor":45.0,"key":"Fire Potion"}],"is_trial":true,"path_per_floor":["M","M","M","?","T","$","T","E","R","E","R","$","R","E","M","B",null,"R","M","?","?","M","$","T","E","R","R","E","E","E","E","M","B",null,"R","M","M","?","$","E","T","?","E","M","E","R","$","$","M","B",null,"E","$","R","B","B",null],"character_chosen":"THE_CHAMP","items_purchased":["Lee\u0027s Waffle","champ:StanceDance","champ:Shatter","Frozen Eye","InkBottle","champ:CalledShot+1","Letter Opener","ClockworkSouvenir"],"campfire_rested":1,"item_purchase_floors":[6,6,12,23,23,39,47,48],"current_hp_per_floor":[90,90,90,73,73,97,97,97,107,114,114,111,111,111,111,111,114,114,114,114,116,118,120,120,120,120,120,120,101,103,103,105,101,124,124,126,126,126,126,115,115,112,68,69,68,118,118,115,117,117,117,69,69,87,113,109],"gold":14,"neow_bonus":"","is_daily":false,"chose_seed":false,"campfire_upgraded":5,"win_rate":0.0,"timestamp":1611147645,"path_taken":["M","M","M","?","?","$","T","E","R","E","R","$","R","E","M","BOSS","R","M","?","?","?","$","T","?","R","R","E","E","E","E","M","BOSS","R","M","M","?","$","E","T","?","E","?","E","R","$","$","M","BOSS","E","$","R","BOSS","BOSS"],"items_purchased_type":["Relic","Card","Card","Relic","Relic","Card","Relic","Relic"],"build_version":"2020-12-22","purchased_purges":4,"victory":true,"max_hp_per_floor":[90,90,90,90,90,97,97,97,107,114,114,114,114,114,114,114,114,114,114,114,116,118,120,120,120,120,120,120,120,122,122,124,124,124,124,126,126,126,126,128,128,112,114,116,118,118,118,115,117,117,117,119,116,116,116,116],"card_choices":[{"not_picked":["champ:RecklessLeap","champ:GutPunch"],"picked":"champ:FaceSlap","floor":1.0},{"not_picked":["champ:EnGarde","champ:ShieldSigil"],"picked":"champ:BringItOn","floor":2.0},{"not_picked":["champ:EndlessRage","champ:EnGarde"],"picked":"champ:ShieldSigil","floor":3.0},{"not_picked":["champ:SetATrap","champ:TornadoPunch"],"picked":"champ:SwordThrow","floor":6.0},{"not_picked":["champ:HeavySlash","champ:IgnorePain+1"],"picked":"champ:StrikeOfGenius","floor":8.0},{"not_picked":["champ:Improvising","champ:SteelEdge"],"picked":"champ:EnchantShield+1","floor":10.0},{"not_picked":["champ:SetATrap+1","champ:ArenaPreparation+1","champ:CrownThrow"],"picked":"SKIP","floor":12.0},{"not_picked":["champ:DancingMaster","champ:UltimateStance+1"],"picked":"champ:CheapShot","floor":14.0},{"not_picked":["champ:PreemptiveStrike","champ:ShieldSigil+1"],"picked":"champ:HeartStrike","floor":15.0},{"not_picked":["champ:HeavySlash","champ:SwordThrow"],"picked":"champ:MurderStrike","floor":16.0},{"not_picked":["champ:Backstep+1","champ:ShieldSigil+1"],"picked":"champ:BringItOn+1","floor":19.0},{"not_picked":["champ:BerserkersShout+1","champ:StanceDance+1","champ:RecklessLeap"],"picked":"Singing Bowl","floor":21.0},{"not_picked":["champ:Shatter+1","champ:BladeFlurry","champ:FalseCounter+1"],"picked":"Singing Bowl","floor":22.0},{"not_picked":["champ:StrikeOfGenius","champ:BerserkersShout+1","champ:FalseCounter+1"],"picked":"Singing Bowl","floor":23.0},{"not_picked":["champ:DancingMaster","champ:IgnorePain+1"],"picked":"champ:Devastate","floor":25.0},{"not_picked":["champ:StrikeOfGenius","champ:MurderStrike"],"picked":"champ:EnchantCrown+1","floor":28.0},{"not_picked":["champ:IgnorePain+1","champ:Improvising"],"picked":"champ:VampiricStrike","floor":29.0},{"not_picked":["champ:SwordThrow","champ:HoldFirm+1","champ:UltimateStance+1"],"picked":"Singing Bowl","floor":30.0},{"not_picked":["champ:EnchantCrown+1","champ:HoldFirm+1"],"picked":"champ:TripleStrike","floor":31.0},{"not_picked":["champ:ViciousMockery+1","champ:PreciseThrust","champ:ShieldSigil+1"],"picked":"Singing Bowl","floor":32.0},{"not_picked":["champ:EnchantSword+1","champ:IgnorePain+1"],"picked":"champ:LastStand","floor":33.0},{"not_picked":["champ:DeathBlow+1","champ:FalseCounter+1","champ:AdrenalArmor+1"],"picked":"Singing Bowl","floor":36.0},{"not_picked":["champ:PreciseThrust","champ:ShieldSigil+1"],"picked":"champ:Endure+1","floor":37.0},{"not_picked":["champ:Improvising","champ:MurderStrike","champ:Devastate"],"picked":"Singing Bowl","floor":40.0},{"not_picked":["champ:LastStand","champ:UltimateStance+1","champ:TripleStrike"],"picked":"Singing Bowl","floor":43.0},{"not_picked":["champ:SkillfulDodge+1","champ:Circumvent+1","champ:Haymaker"],"picked":"Singing Bowl","floor":44.0},{"not_picked":["champ:SteelEdge","champ:CheapShot","champ:EnchantSword+1"],"picked":"Singing Bowl","floor":45.0},{"not_picked":["champ:AdrenalArmor+1","champ:DeathBlow+1","champ:EnGarde+1"],"picked":"Singing Bowl","floor":49.0},{"not_picked":["champ:CheapShot","champ:UltimateStance+1","champ:ShieldThrow"],"picked":"Singing Bowl","floor":52.0}],"player_experience":155932,"relics_obtained":[{"floor":4.0,"key":"CloakClasp"},{"floor":7.0,"key":"CeramicFish"},{"floor":8.0,"key":"Toxic Egg 2"},{"floor":10.0,"key":"Strawberry"},{"floor":14.0,"key":"Bronze Scales"},{"floor":21.0,"key":"Ice Cream"},{"floor":21.0,"key":"StrikeDummy"},{"floor":24.0,"key":"Old Coin"},{"floor":25.0,"key":"champ:DefensiveTrainingManual"},{"floor":28.0,"key":"Kunai"},{"floor":29.0,"key":"Oddly Smooth Stone"},{"floor":30.0,"key":"Ginger"},{"floor":31.0,"key":"Eternal Feather"},{"floor":40.0,"key":"TungstenRod"},{"floor":41.0,"key":"Ornamental Fan"},{"floor":43.0,"key":"Girya"},{"floor":45.0,"key":"Mercury Hourglass"},{"floor":52.0,"key":"Pen Nib"}],"event_choices":[{"damage_healed":0.0,"max_hp_gain":0.0,"max_hp_loss":0.0,"gold_gain":0.0,"event_name":"Addict","player_choice":"Stole Relic","floor":20.0,"gold_loss":0.0,"damage_taken":0.0,"relics_obtained":["Singing Bowl"],"cards_obtained":["Pride"]}],"is_beta":false,"boss_relics":[{"not_picked":["SlaversCollar","Tiny House"],"picked":"champ:ChampionCrownUpgraded"},{"not_picked":["Coffee Dripper","Sozu","Busted Crown"]}],"items_purged_floors":[23,47,48,53],"is_endless":false,"potions_floor_spawned":[4,8,10,14,15,19,25,28,29,30,31,36,37,44,45],"ascension_level":0}}