{"host":"b5ofb9azpmwqws3x","time":1611135410,"event":{"mods":["BaseMod","Minty Spire (QoL Compilation)"],"gold_per_floor":[113,113,140,140,150,183,183,212,212,177,202,202,202,202,202,326,326,341,361,375,224,247,247,288,288,313,313,313],"floor_reached":27,"language":"ENG","playtime":947,"items_purged":[],"score":321,"play_id":"ee1b6e74-23bd-488a-9138-77ea802f61ba","local_time":"20210120123650","is_ascension_mode":true,"campfire_choices":[{"floor":7,"key":"REST"},{"floor":13,"key":"REST"},{"floor":15,"key":"REST"},{"floor":23,"key":"REST"}],"circlet_count":0,"master_deck":["Strike_G","Strike_G","Strike_G+1","Strike_G","Strike_G","Defend_G","Defend_G+1","Defend_G","Defend_G","Defend_G","Survivor","Neutralize","Infinite Blades+1","PiercingWail","Dagger Throw","Envenom","Cloak And Dagger+1"],"relics":["WristBlade","Lantern","Tiny Chest","Juzu Bracelet","Mercury Hourglass","Bag of Marbles","Golden Idol","Turnip","SacredBark","Chemical X","Du-Vu Doll","Darkstone Periapt","Regal Pillow"],"acts_visited":["Exordium","TheCity"],"potions_floor_usage":[22,24,24,27],"damage_taken":[{"damage":3,"enemies":"Small Slimes","floor":1,"turns":5},{"damage":4,"enemies":"Jaw Worm","floor":5,"turns":3},{"damage":12,"enemies":"3 Sentries","floor":6,"turns":9},{"damage":20,"enemies":"Gremlin Nob","floor":8,"turns":4},{"damage":9,"enemies":"Lagavulin","floor":11,"turns":6},{"damage":22,"enemies":"Slime Boss","floor":16,"turns":10},{"damage":0,"enemies":"Chosen","floor":18,"turns":4},{"damage":13,"enemies":"Shell Parasite","floor":19,"turns":6},{"damage":24,"enemies":"3 Cultists","floor":20,"turns":6},{"damage":0,"enemies":"Chosen and Byrds","floor":22,"turns":6},{"damage":11,"enemies":"Slavers","floor":24,"turns":5},{"damage":48,"enemies":"Book of Stabbing","floor":27,"turns":6}],"seed_played":"1320692232069725354","potions_obtained":[{"floor":5,"key":"FearPotion"},{"floor":6,"key":"SpeedPotion"},{"floor":11,"key":"ColorlessPotion"},{"floor":18,"key":"LiquidMemories"},{"floor":24,"key":"Swift Potion"}],"is_trial":false,"path_per_floor":["M","?","T","?","M","E","R","E","T","?","E","?","R","?","R","B",null,"M","M","M","$","M","R","E","T","T","E"],"character_chosen":"THE_SILENT","items_purchased":["Chemical X"],"campfire_rested":4,"item_purchase_floors":[21],"current_hp_per_floor":[60,60,60,46,42,30,51,31,31,48,39,22,43,43,64,42,63,63,50,26,26,26,47,36,36,36,0,0],"gold":313,"neow_bonus":"BOSS_RELIC","is_daily":false,"chose_seed":false,"campfire_upgraded":0,"win_rate":0.0,"timestamp":1611135410,"path_taken":["M","?","?","?","M","E","R","E","T","?","E","?","R","?","R","BOSS","M","M","M","$","M","R","E","?","T","E"],"items_purchased_type":["Relic"],"build_version":"2020-12-22","purchased_purges":0,"victory":false,"max_hp_per_floor":[70,70,70,70,70,70,70,70,70,70,70,70,70,70,70,70,70,70,70,70,70,70,70,70,70,70,70,70],"card_choices":[{"not_picked":["Dagger Spray","Sucker Punch"],"picked":"Infinite Blades","floor":1},{"not_picked":["Deflect","Infinite Blades"],"picked":"PiercingWail","floor":5},{"not_picked":["Endless Agony","Well Laid Plans"],"picked":"Dagger Throw","floor":6},{"not_picked":["Catalyst","Cloak And Dagger","Reflex"],"picked":"SKIP","floor":8},{"not_picked":["Poisoned Stab","Bouncing Flask","Escape Plan"],"picked":"SKIP","floor":11},{"not_picked":["Glass Knife","Die Die Die"],"picked":"Envenom","floor":16},{"not_picked":["Crippling Poison","Deadly Poison","Predator"],"picked":"SKIP","floor":18},{"not_picked":["Masterful Stab","Caltrops","Dagger Throw"],"picked":"SKIP","floor":19},{"not_picked":["Deadly Poison","Flying Knee+1"],"picked":"Cloak And Dagger+1","floor":20},{"not_picked":["Prepared","Slice","Envenom"],"picked":"SKIP","floor":22},{"not_picked":["Bouncing Flask","Quick Slash","Corpse Explosion"],"picked":"SKIP","floor":24}],"player_experience":263542,"relics_obtained":[{"floor":3,"key":"Lantern"},{"floor":6,"key":"Tiny Chest"},{"floor":8,"key":"Juzu Bracelet"},{"floor":9,"key":"Mercury Hourglass"},{"floor":11,"key":"Bag of Marbles"},{"floor":24,"key":"Du-Vu Doll"},{"floor":25,"key":"Darkstone Periapt"},{"floor":26,"key":"Regal Pillow"}],"event_choices":[{"damage_healed":0,"gold_gain":0,"player_choice":"Grow","damage_taken":0,"max_hp_gain":0,"max_hp_loss":0,"event_name":"Living Wall","floor":2,"gold_loss":0,"cards_upgraded":["Infinite Blades"]},{"damage_healed":0,"gold_gain":0,"player_choice":"Entered Light","damage_taken":14,"max_hp_gain":0,"max_hp_loss":0,"event_name":"Shining Light","floor":4,"gold_loss":0,"cards_upgraded":["Defend_G","Strike_G"]},{"damage_healed":17,"gold_gain":0,"player_choice":"Healed","damage_taken":0,"max_hp_gain":0,"max_hp_loss":0,"event_name":"The Cleric","floor":10,"gold_loss":35},{"damage_healed":0,"gold_gain":0,"player_choice":"Take Damage","damage_taken":17,"relics_obtained":["Golden Idol"],"max_hp_gain":0,"max_hp_loss":0,"event_name":"Golden Idol","floor":12,"gold_loss":0},{"damage_healed":0,"gold_gain":0,"player_choice":"Searched \u00271\u0027 times","damage_taken":0,"relics_obtained":["Turnip"],"max_hp_gain":0,"max_hp_loss":0,"event_name":"Dead Adventurer","floor":14,"gold_loss":0}],"is_beta":false,"boss_relics":[{"not_picked":["Astrolabe","Ectoplasm"],"picked":"SacredBark"}],"items_purged_floors":[],"is_endless":false,"potions_floor_spawned":[5,6,11,16,18,20,24],"killed_by":"Book of Stabbing","ascension_level":6}}