{"host":"f6f8cjhjgha9mpdq","time":1611130935,"event":{"mods":["BaseMod","Minty Spire (QoL Compilation)","Permanent Neow","StSLib","SuperFastMode"],"gold_per_floor":[18,36,1,1,16,16,44,63,63,76,88,88,163,6,6,79,79,94,106,106,125,144,144,161,187,187,222,222,253,253,272,272,348,348,361,378,378,392,402,402,435,435,462,462,479,494,494,508,508,508,508,508,5,36,36],"floor_reached":56,"language":"KOR","playtime":2184,"items_purged":["Cold Snap"],"score":2312,"play_id":"d9bcb2da-91fb-45a8-9ba3-3f8f3d5f3cd3","local_time":"20210120172215","is_ascension_mode":true,"campfire_choices":[{"data":"Zap","floor":6.0,"key":"SMITH"},{"data":"Defragment","floor":12.0,"key":"SMITH"},{"data":"Loop","floor":15.0,"key":"SMITH"},{"data":"Dualcast","floor":23.0,"key":"SMITH"},{"data":"Blizzard","floor":28,"key":"SMITH"},{"data":"Biased Cognition","floor":30,"key":"SMITH"},{"data":"Coolheaded","floor":32,"key":"SMITH"},{"data":"Coolheaded","floor":40,"key":"SMITH"},{"data":"Tempest","floor":42,"key":"SMITH"},{"floor":49,"key":"RECALL"},{"data":"Force Field","floor":52,"key":"SMITH"}],"circlet_count":0,"master_deck":["AscendersBane","Zap+1","Dualcast+1","Force Field+1","Loop+1","Cold Snap","Tempest+1","Blizzard+1","Coolheaded+1","Defragment+1","Coolheaded+1","Biased Cognition+1","Creative AI+1","Sunder+1","Undo+1","Glacier","Go for the Eyes+1"],"relics":["Cracked Core","The Courier","Matryoshka","Membership Card","Astrolabe","Akabeko","Meat on the Bone","Nunchaku","Vajra","CaptainsWheel","Empty Cage","Centennial Puzzle","DataDisk","Ancient Tea Set","ClockworkSouvenir","Strawberry","Boot","Thread and Needle","Bag of Preparation","Bottled Lightning","Bag of Marbles"],"acts_visited":["Exordium","TheCity","TheBeyond","TheEnding"],"potions_floor_usage":[33,38],"damage_taken":[{"damage":7.0,"enemies":"Jaw Worm","floor":1.0,"turns":3.0},{"damage":6.0,"enemies":"2 Louse","floor":2.0,"turns":3.0},{"damage":0.0,"enemies":"Cultist","floor":5.0,"turns":2.0},{"damage":27.0,"enemies":"3 Sentries","floor":7.0,"turns":7.0},{"damage":7.0,"enemies":"Exordium Wildlife","floor":8.0,"turns":3.0},{"damage":11.0,"enemies":"Looter","floor":10.0,"turns":2.0},{"damage":24.0,"enemies":"Exordium Thugs","floor":11.0,"turns":7.0},{"damage":0.0,"enemies":"Slime Boss","floor":16.0,"turns":6.0},{"damage":24.0,"enemies":"2 Thieves","floor":18.0,"turns":4.0},{"damage":7.0,"enemies":"Chosen","floor":19.0,"turns":5.0},{"damage":0.0,"enemies":"Snecko","floor":21.0,"turns":4.0},{"damage":3.0,"enemies":"Snake Plant","floor":22.0,"turns":7.0},{"damage":0.0,"enemies":"Cultist and Chosen","floor":24.0,"turns":8.0},{"damage":5.0,"enemies":"Gremlin Leader","floor":25.0,"turns":10.0},{"damage":0,"enemies":"Slavers","floor":27,"turns":1},{"damage":0,"enemies":"Book of Stabbing","floor":29,"turns":1},{"damage":5,"enemies":"Snecko","floor":31,"turns":9},{"damage":39,"enemies":"Automaton","floor":33,"turns":14},{"damage":0,"enemies":"3 Darklings","floor":35,"turns":1},{"damage":2,"enemies":"Orb Walker","floor":36,"turns":4},{"damage":0,"enemies":"Transient","floor":38,"turns":1},{"damage":0,"enemies":"Jaw Worm Horde","floor":39,"turns":1},{"damage":0,"enemies":"Reptomancer","floor":41,"turns":2},{"damage":12,"enemies":"3 Darklings","floor":45,"turns":2},{"damage":0,"enemies":"Maw","floor":46,"turns":1},{"damage":0,"enemies":"Sphere and 2 Shapes","floor":48,"turns":2},{"damage":0,"enemies":"Time Eater","floor":50,"turns":1},{"damage":14,"enemies":"Shield and Spear","floor":54,"turns":9},{"damage":33,"enemies":"The Heart","floor":55,"turns":3}],"seed_played":"3447117528125189223","potions_obtained":[{"floor":7.0,"key":"Regen Potion"},{"floor":10.0,"key":"Swift Potion"},{"floor":11.0,"key":"DistilledChaos"},{"floor":16.0,"key":"SteroidPotion"},{"floor":18.0,"key":"SkillPotion"},{"floor":19.0,"key":"DistilledChaos"},{"floor":22.0,"key":"Energy Potion"},{"floor":29,"key":"SkillPotion"},{"floor":38,"key":"Fruit Juice"},{"floor":39,"key":"FocusPotion"},{"floor":46,"key":"AttackPotion"}],"is_trial":false,"path_per_floor":["M","M","?","?","M","R","E","M","T","M","M","R","?","$","R","B",null,"M","M","?","M","M","R","M","E","T","E","R","E","R","M","R","B",null,"M","M","?","M","M","R","E","R","T","?","M","M","?","M","R","B",null,"R","$","E","B",null],"character_chosen":"DEFECT","items_purchased":["Membership Card","Coolheaded","ClockworkSouvenir","Strawberry","Boot","Thread and Needle","Bag of Preparation","Bottled Lightning"],"campfire_rested":0,"item_purchase_floors":[14,14,53,53,53,53,53,53],"current_hp_per_floor":[57,51,68,68,68,68,41,34,34,23,14,14,3,3,3,3,54,30,23,23,23,20,20,20,15,15,27,27,39,39,46,46,19,58,58,56,56,61,61,61,61,61,61,61,49,49,49,49,49,49,66,66,73,59,38],"gold":36,"neow_bonus":"TRANSFORM_TWO_CARDS","is_daily":false,"chose_seed":false,"campfire_upgraded":10,"win_rate":0.0,"timestamp":1611130935,"path_taken":["M","M","?","?","M","R","E","M","T","M","M","R","?","?","R","BOSS","M","M","?","?","M","R","M","E","T","E","R","E","R","M","R","BOSS","M","M","?","M","M","R","E","R","T","?","M","M","?","M","R","BOSS","R","$","E","BOSS"],"items_purchased_type":["Relic","Card","Relic","Relic","Relic","Relic","Relic","Relic"],"build_version":"2020-12-22","purchased_purges":1,"victory":true,"max_hp_per_floor":[71,71,71,71,71,71,71,71,71,71,71,71,71,71,71,71,71,71,71,71,71,71,71,71,71,71,71,71,71,71,71,71,71,71,71,71,67,72,72,72,72,72,72,72,72,72,72,72,72,72,72,72,79,79,79],"card_choices":[{"not_picked":["Redo","Barrage"],"picked":"Cold Snap","floor":1.0},{"not_picked":["Streamline","Lockon"],"picked":"Tempest","floor":2.0},{"not_picked":["Go for the Eyes","Gash"],"picked":"Blizzard","floor":5.0},{"not_picked":["Amplify","Undo"],"picked":"Coolheaded","floor":7.0},{"not_picked":["Compile Driver","Sweeping Beam","Lockon"],"picked":"SKIP","floor":8.0},{"not_picked":["Steam","Coolheaded"],"picked":"Defragment","floor":10.0},{"not_picked":["Go for the Eyes","Streamline","Ball Lightning"],"picked":"SKIP","floor":11.0},{"not_picked":["Amplify","Core Surge"],"picked":"Biased Cognition","floor":16.0},{"not_picked":["Conserve Battery","Gash"],"picked":"Glacier","floor":18.0},{"not_picked":["Static Discharge","Lockon+1","Steam+1"],"picked":"SKIP","floor":19.0},{"not_picked":["Static Discharge","Lockon+1","Steam+1"],"picked":"SKIP","floor":19.0},{"not_picked":["Sweeping Beam","Storm","Beam Cell+1"],"picked":"SKIP","floor":21.0},{"not_picked":["Compile Driver","Sweeping Beam","Rebound"],"picked":"SKIP","floor":22.0},{"not_picked":["Go for the Eyes","Beam Cell","Skim"],"picked":"SKIP","floor":24.0},{"not_picked":["Go for the Eyes","Beam Cell","Skim"],"picked":"SKIP","floor":24.0},{"not_picked":["FTL","Cold Snap","Go for the Eyes"],"picked":"SKIP","floor":25.0},{"not_picked":["Aggregate+1","Reinforced Body","Static Discharge"],"picked":"SKIP","floor":27},{"not_picked":["White Noise","Hyperbeam","Force Field"],"picked":"SKIP","floor":29},{"not_picked":["Reprogram","Force Field","Doom and Gloom"],"picked":"SKIP","floor":31},{"not_picked":["Rebound","Streamline","Steam"],"picked":"SKIP","floor":35},{"not_picked":["Coolheaded+1","Hologram","Cold Snap"],"picked":"SKIP","floor":36},{"not_picked":["FTL+1","Redo","Gash"],"picked":"SKIP","floor":38},{"not_picked":["Cold Snap","Ball Lightning","Recycle"],"picked":"SKIP","floor":39},{"not_picked":["Recycle","Skim","FTL"],"picked":"SKIP","floor":41},{"not_picked":["Defragment","Glacier+1"],"picked":"Go for the Eyes+1","floor":45},{"not_picked":["Self Repair","Multi-Cast","Melter+1"],"picked":"SKIP","floor":46},{"not_picked":["Doom and Gloom+1","Hologram","Barrage+1"],"picked":"SKIP","floor":48},{"not_picked":["Conserve Battery","Blizzard","Ball Lightning"],"picked":"SKIP","floor":54}],"player_experience":578927,"relics_obtained":[{"floor":7.0,"key":"The Courier"},{"floor":9.0,"key":"Matryoshka"},{"floor":25.0,"key":"Meat on the Bone"},{"floor":26,"key":"Nunchaku"},{"floor":27,"key":"Vajra"},{"floor":29,"key":"CaptainsWheel"},{"floor":41,"key":"Centennial Puzzle"},{"floor":43,"key":"DataDisk"},{"floor":43,"key":"Ancient Tea Set"},{"floor":54,"key":"Bag of Marbles"}],"event_choices":[{"damage_healed":17.0,"max_hp_gain":0.0,"max_hp_loss":0.0,"gold_gain":0.0,"event_name":"The Cleric","player_choice":"Healed","floor":3.0,"gold_loss":35.0,"damage_taken":0.0},{"damage_healed":0.0,"max_hp_gain":0.0,"max_hp_loss":0.0,"gold_gain":0.0,"event_name":"Liars Game","player_choice":"Ignored","floor":4.0,"gold_loss":0.0,"damage_taken":0.0},{"damage_healed":0.0,"max_hp_gain":0.0,"max_hp_loss":0.0,"gold_gain":75.0,"event_name":"World of Goop","player_choice":"Gather Gold","floor":13.0,"gold_loss":0.0,"damage_taken":11.0},{"damage_healed":0.0,"max_hp_gain":0.0,"max_hp_loss":0.0,"gold_gain":0.0,"event_name":"WeMeetAgain","player_choice":"Gave Potion","floor":20.0,"gold_loss":0.0,"damage_taken":0.0,"relics_obtained":["Akabeko"]},{"damage_healed":0,"gold_gain":0,"player_choice":"Max HP","damage_taken":0,"max_hp_gain":0,"max_hp_loss":4,"event_name":"Winding Halls","floor":37,"gold_loss":0},{"damage_healed":0,"gold_gain":0,"player_choice":"Ignored","damage_taken":0,"max_hp_gain":0,"max_hp_loss":0,"event_name":"Tomb of Lord Red Mask","floor":44,"gold_loss":0},{"damage_healed":0,"gold_gain":0,"cards_transformed":["Defend_B"],"player_choice":"Transformed","damage_taken":0,"max_hp_gain":0,"max_hp_loss":0,"event_name":"Transmorgrifier","floor":47,"gold_loss":0,"cards_obtained":["Cold Snap"]}],"is_beta":false,"boss_relics":[{"not_picked":["Coffee Dripper","Snecko Eye"],"picked":"Astrolabe"},{"not_picked":["FrozenCore","SacredBark"],"picked":"Empty Cage"}],"items_purged_floors":[53],"is_endless":false,"potions_floor_spawned":[7,10,11,16,18,19,22,29,38,39,46,48],"ascension_level":16}}