{"host":"s3s7xsmblwiz356v","time":1611164517,"event":{"mods":["AchievementEnabler","BaseMod","Block Reminder","Colored Map","Colored Powertips","Minty Spire (QoL Compilation)"],"gold_per_floor":[116,391,401,401,420,420,195,195,195,145,179,244,255,287,287,382,382,399,416,416,432,707,707,733,745,771,806,299,398,425,436,436,533,533,582,187,187,206,206,206,263,263,263,327,327,80,80,126,126,156],"floor_reached":51,"language":"ENG","playtime":10568,"items_purged":["Regret","Regret"],"score":1187,"play_id":"624addf7-aa0e-466d-8b00-439adcf47b48","local_time":"20210120124157","is_ascension_mode":true,"campfire_choices":[{"data":"WheelKick","floor":6,"key":"SMITH"},{"data":"Wireheading","floor":8,"key":"SMITH"},{"data":"Conclude","floor":15,"key":"SMITH"},{"data":"Vault","floor":23,"key":"SMITH"},{"floor":32,"key":"REST"},{"floor":40,"key":"DIG"},{"floor":42,"key":"DIG"},{"floor":49,"key":"REST"}],"circlet_count":0,"master_deck":["Strike_P","Defend_P","Defend_P","Eruption","Vigilance+1","WheelKick+1","InnerPeace","CutThroughFate+1","Wireheading+1","Conclude+1","FlurryOfBlows","DeceiveReality","Vault+1","ThirdEye+1","Wallop+1","Weave+1","EmptyMind","BowlingBash+1","MentalFortress","Scrawl+1","Crescendo+1","Sanctity+1","LessonLearned","Halt+1","Halt+1","Wish+1","ClearTheMind+1","Thinking Ahead+1","Swivel+1","Good Instincts+1","Blind+1","Metamorphosis+1","Adaptation+1","Ragnarok","TalkToTheHand+1"],"relics":["PureWater","PreservedInsect","Ice Cream","TeardropLocket","Shovel","Bottled Lightning","Astrolabe","Blue Candle","Bottled Flame","Toxic Egg 2","HornCleat","TungstenRod","SlaversCollar","Anchor","Juzu Bracelet","Lantern","Strawberry","Gremlin Horn","Toy Ornithopter","Kunai","Potion Belt"],"acts_visited":["Exordium","TheCity","TheBeyond"],"potions_floor_usage":[16,16,27,30,33,35,41],"damage_taken":[{"damage":5,"enemies":"Small Slimes","floor":1,"turns":6},{"damage":0,"enemies":"Cultist","floor":3,"turns":2},{"damage":9,"enemies":"Jaw Worm","floor":5,"turns":4},{"damage":10,"enemies":"Gremlin Nob","floor":11,"turns":3},{"damage":0,"enemies":"Gremlin Nob","floor":12,"turns":1},{"damage":0,"enemies":"3 Louse","floor":13,"turns":2},{"damage":0,"enemies":"3 Sentries","floor":14,"turns":3},{"damage":3,"enemies":"Hexaghost","floor":16,"turns":7},{"damage":0,"enemies":"Chosen","floor":18,"turns":3},{"damage":0,"enemies":"Spheric Guardian","floor":19,"turns":2},{"damage":0,"enemies":"Cultist and Chosen","floor":21,"turns":4},{"damage":8,"enemies":"Gremlin Leader","floor":24,"turns":4},{"damage":0,"enemies":"Sentry and Sphere","floor":25,"turns":2},{"damage":0,"enemies":"Slavers","floor":27,"turns":1},{"damage":26,"enemies":"Book of Stabbing","floor":30,"turns":8},{"damage":14,"enemies":"Centurion and Healer","floor":31,"turns":4},{"damage":18,"enemies":"Collector","floor":33,"turns":12},{"damage":5,"enemies":"3 Darklings","floor":35,"turns":5},{"damage":0,"enemies":"3 Shapes","floor":38,"turns":2},{"damage":0,"enemies":"Giant Head","floor":41,"turns":7},{"damage":20,"enemies":"Nemesis","floor":44,"turns":8},{"damage":2,"enemies":"Writhing Mass","floor":48,"turns":13},{"damage":15,"enemies":"Time Eater","floor":50,"turns":12}],"seed_played":"4652585798838079072","potions_obtained":[{"floor":1,"key":"SmokeBomb"},{"floor":11,"key":"Block Potion"},{"floor":12,"key":"Swift Potion"},{"floor":21,"key":"Explosive Potion"},{"floor":24,"key":"Ancient Potion"},{"floor":30,"key":"StancePotion"},{"floor":33,"key":"SpeedPotion"},{"floor":41,"key":"EssenceOfSteel"},{"floor":48,"key":"BlessingOfTheForge"}],"is_trial":false,"path_per_floor":["M","?","M","?","M","R","$","R","T","?","E","?","M","E","R","B",null,"M","M","?","M","?","R","E","M","T","E","$","?","E","M","R","B",null,"M","$","?","M","?","R","E","R","T","E","?","$","T","M","R","B",null],"character_chosen":"WATCHER","items_purchased":["Wireheading","DuplicationPotion","LessonLearned","HornCleat","Thinking Ahead+1","Anchor","Swivel+1","Kunai"],"campfire_rested":2,"item_purchase_floors":[7,7,28,28,36,36,36,46],"current_hp_per_floor":[60,60,60,60,51,51,51,51,51,51,41,41,41,41,41,38,64,64,64,64,64,64,64,56,56,56,56,56,56,30,16,37,19,59,54,54,45,45,45,45,45,52,52,32,32,32,32,30,53,38],"gold":156,"neow_bonus":"ONE_RANDOM_RARE_CARD","is_daily":false,"chose_seed":false,"campfire_upgraded":4,"win_rate":0.0,"timestamp":1611164517,"path_taken":["M","?","?","?","?","R","$","R","T","?","E","?","M","E","R","BOSS","M","M","?","M","?","R","E","?","T","E","$","?","E","M","R","BOSS","M","$","?","M","?","R","E","R","T","E","?","?","?","M","R","BOSS"],"items_purchased_type":["Card","Potion","Card","Relic","Card","Relic","Card","Relic"],"build_version":"2020-12-22","purchased_purges":2,"victory":true,"max_hp_per_floor":[72,72,72,72,72,72,72,72,72,72,72,72,72,72,72,72,72,72,72,72,72,72,72,72,72,72,72,72,72,72,72,72,72,72,72,72,72,72,72,72,72,79,79,79,79,79,79,79,79,79],"card_choices":[{"not_picked":["SashWhip","PathToVictory"],"picked":"WheelKick","floor":1},{"not_picked":["Prostrate","Evaluate"],"picked":"InnerPeace","floor":3},{"not_picked":["FlurryOfBlows","Adaptation"],"picked":"CutThroughFate","floor":5},{"not_picked":["Crescendo","Sanctity"],"picked":"Conclude","floor":11},{"not_picked":["BowlingBash","Collect"],"picked":"FlurryOfBlows","floor":13},{"not_picked":["Wireheading","CutThroughFate"],"picked":"DeceiveReality","floor":14},{"not_picked":["Omniscience","SpiritShield"],"picked":"Vault","floor":16},{"not_picked":["EmptyFist","Consecrate"],"picked":"EmptyMind","floor":18},{"not_picked":["Prostrate+1","FlyingSleeves"],"picked":"BowlingBash+1","floor":19},{"not_picked":["JustLucky","ClearTheMind"],"picked":"MentalFortress","floor":21},{"not_picked":["EmptyBody+1","SignatureMove"],"picked":"Scrawl","floor":24},{"not_picked":["Evaluate","Swivel+1"],"picked":"Crescendo","floor":25},{"not_picked":["Prostrate+1","Worship+1"],"picked":"Sanctity+1","floor":27},{"not_picked":["Swivel+1","FlurryOfBlows+1"],"picked":"Halt+1","floor":30},{"not_picked":["SashWhip","FlyingSleeves"],"picked":"Halt+1","floor":31},{"not_picked":["DevaForm","Judgement+1"],"picked":"Wish+1","floor":33},{"not_picked":["Consecrate+1","BowlingBash"],"picked":"ClearTheMind+1","floor":35},{"not_picked":["Metamorphosis+1","Impatience+1"],"picked":"Good Instincts+1","floor":37},{"not_picked":["Thinking Ahead+1","Sadistic Nature"],"picked":"Blind+1","floor":37},{"not_picked":["Swift Strike","Magnetism"],"picked":"Metamorphosis+1","floor":37},{"not_picked":["Crescendo+1","CarveReality+1"],"picked":"Adaptation","floor":38},{"not_picked":["Halt+1","Brilliance"],"picked":"Ragnarok","floor":41},{"not_picked":["EmptyFist+1","Perseverance+1"],"picked":"TalkToTheHand+1","floor":44},{"not_picked":["EmptyBody+1","SashWhip+1","Prostrate+1"],"picked":"SKIP","floor":48}],"player_experience":460568,"relics_obtained":[{"floor":9,"key":"Ice Cream"},{"floor":11,"key":"TeardropLocket"},{"floor":12,"key":"Shovel"},{"floor":14,"key":"Bottled Lightning"},{"floor":24,"key":"Bottled Flame"},{"floor":27,"key":"Toxic Egg 2"},{"floor":30,"key":"TungstenRod"},{"floor":40,"key":"Juzu Bracelet"},{"floor":41,"key":"Lantern"},{"floor":42,"key":"Strawberry"},{"floor":43,"key":"Gremlin Horn"},{"floor":44,"key":"Toy Ornithopter"},{"floor":47,"key":"Potion Belt"}],"event_choices":[{"damage_healed":0,"gold_gain":275,"player_choice":"Desecrate","damage_taken":0,"max_hp_gain":0,"max_hp_loss":0,"event_name":"Golden Shrine","floor":2,"gold_loss":0,"cards_obtained":["Regret"]},{"cards_removed":["Alpha"],"damage_healed":0,"gold_gain":0,"player_choice":"Gave Card","damage_taken":0,"relics_obtained":["PreservedInsect"],"max_hp_gain":0,"max_hp_loss":0,"event_name":"WeMeetAgain","floor":4,"gold_loss":0},{"cards_removed":["Defend_P"],"damage_healed":0,"gold_gain":0,"player_choice":"Card Removal","damage_taken":0,"max_hp_gain":0,"max_hp_loss":0,"event_name":"The Cleric","floor":10,"gold_loss":50},{"damage_healed":0,"gold_gain":0,"player_choice":"Searched \u00272\u0027 times","damage_taken":0,"max_hp_gain":0,"max_hp_loss":0,"event_name":"Dead Adventurer","floor":12,"gold_loss":0},{"damage_healed":0,"gold_gain":0,"player_choice":"Opened","damage_taken":0,"relics_obtained":["Blue Candle"],"max_hp_gain":0,"max_hp_loss":0,"event_name":"The Mausoleum","floor":20,"gold_loss":0},{"damage_healed":0,"gold_gain":275,"player_choice":"Desecrate","damage_taken":0,"max_hp_gain":0,"max_hp_loss":0,"event_name":"Golden Shrine","floor":22,"gold_loss":0,"cards_obtained":["Regret"]},{"damage_healed":0,"gold_gain":99,"player_choice":"Stole From Cult","damage_taken":0,"max_hp_gain":0,"max_hp_loss":0,"event_name":"Nest","floor":29,"gold_loss":0},{"damage_healed":0,"gold_gain":0,"player_choice":"Memory 3","damage_taken":10,"max_hp_gain":0,"max_hp_loss":0,"event_name":"SensoryStone","floor":37,"gold_loss":0},{"damage_healed":0,"gold_gain":0,"player_choice":"Ignored","damage_taken":0,"max_hp_gain":0,"max_hp_loss":0,"event_name":"Tomb of Lord Red Mask","floor":39,"gold_loss":0},{"cards_removed":["Strike_P"],"damage_healed":0,"gold_gain":0,"player_choice":"Removed Attack","damage_taken":0,"max_hp_gain":0,"max_hp_loss":0,"event_name":"Falling","floor":45,"gold_loss":0}],"is_beta":false,"boss_relics":[{"not_picked":["Sozu","Runic Dome"],"picked":"Astrolabe"},{"not_picked":["Velvet Choker","SacredBark"],"picked":"SlaversCollar"}],"items_purged_floors":[7,28],"is_endless":false,"potions_floor_spawned":[1,11,12,14,21,24,30,33,41,48],"ascension_level":8}}