{"host":"rhakyh2m1vy6smuu","time":1611153055,"event":{"mods":["BaseMod","Minty Spire (QoL Compilation)","StSLib"],"gold_per_floor":[115,126,1,13,24,55,55,71,96,140,156,156,176,215,224,337,364,386,399,97,22,65,108,153,153,177,177,29,29,29,64,64,178,178,198,218,218,237,292,292,328,105,160,160,160,160,160,204,204,204,204],"floor_reached":50,"language":"ENG","playtime":5988,"items_purged":["Shame"],"score":741,"play_id":"65459ae2-ddbd-433a-a414-005f4e7eb0aa","local_time":"20210120073055","is_ascension_mode":true,"campfire_choices":[{"data":"Sucker Punch","floor":7,"key":"SMITH"},{"data":"Glass Knife","floor":12,"key":"SMITH"},{"floor":15,"key":"REST"},{"data":"Malaise","floor":25,"key":"SMITH"},{"data":"Bullet Time","floor":27,"key":"SMITH"},{"data":"Accuracy","floor":30,"key":"SMITH"},{"data":"Blade Dance","floor":32,"key":"SMITH"},{"data":"Caltrops","floor":40,"key":"SMITH"},{"floor":47,"key":"RECALL"},{"data":"Storm of Steel","floor":49,"key":"SMITH"}],"circlet_count":0,"master_deck":["Strike_G","Defend_G+1","Defend_G","Defend_G","Defend_G","Survivor","Neutralize","Glass Knife+1","Caltrops+1","All Out Attack","Blade Dance","Dash","Sucker Punch+1","Accuracy+1","Corpse Explosion","Blade Dance+1","Phantasmal Killer+1","Blade Dance","Bullet Time+1","Corpse Explosion+1","Masterful Stab+1","Calculated Gamble+1","Concentrate+1","Malaise+1","Acrobatics","Distraction+1","Ghostly","Ghostly","Ghostly","Ghostly","Ghostly","PiercingWail+1","Storm of Steel+1","Crippling Poison+1","Leg Sweep","Cloak And Dagger+1","Backflip","Accuracy","Backflip"],"relics":["Ring of the Snake","Happy Flower","CeramicFish","Dream Catcher","Regal Pillow","Astrolabe","War Paint","Red Mask","Nunchaku","ClockworkSouvenir","Ornamental Fan","WristBlade","Centennial Puzzle","Oddly Smooth Stone","Akabeko","Peace Pipe","The Specimen"],"acts_visited":["Exordium","TheCity","TheBeyond"],"potions_floor_usage":[5,6,14,18,23,33,44,50,50],"damage_taken":[{"damage":0.0,"enemies":"Cultist","floor":1.0,"turns":2.0},{"damage":1.0,"enemies":"Small Slimes","floor":2.0,"turns":3.0},{"damage":0.0,"enemies":"2 Louse","floor":4.0,"turns":3.0},{"damage":5,"enemies":"Large Slime","floor":5,"turns":5},{"damage":16,"enemies":"3 Sentries","floor":6,"turns":7},{"damage":0,"enemies":"Blue Slaver","floor":8,"turns":3},{"damage":3,"enemies":"Lagavulin","floor":10,"turns":6},{"damage":0,"enemies":"3 Louse","floor":11,"turns":2},{"damage":0,"enemies":"Gremlin Gang","floor":13,"turns":2},{"damage":9,"enemies":"3 Sentries","floor":14,"turns":4},{"damage":48,"enemies":"Hexaghost","floor":16,"turns":7},{"damage":16,"enemies":"2 Thieves","floor":18,"turns":3},{"damage":5,"enemies":"Shell Parasite","floor":19,"turns":3},{"damage":12,"enemies":"Masked Bandits","floor":22,"turns":5},{"damage":0,"enemies":"Slavers","floor":23,"turns":1},{"damage":2,"enemies":"Gremlin Leader","floor":31,"turns":9},{"damage":7,"enemies":"Collector","floor":33,"turns":9},{"damage":0,"enemies":"Orb Walker","floor":35,"turns":2},{"damage":0,"enemies":"3 Darklings","floor":36,"turns":2},{"damage":0,"enemies":"Jaw Worm Horde","floor":38,"turns":2},{"damage":2,"enemies":"2 Orb Walkers","floor":39,"turns":3},{"damage":3,"enemies":"Nemesis","floor":41,"turns":5},{"damage":1,"enemies":"Giant Head","floor":44,"turns":6},{"damage":0,"enemies":"Nemesis","floor":48,"turns":7},{"damage":54,"enemies":"Awakened One","floor":50,"turns":11}],"seed_played":"2402216421526462","potions_obtained":[{"floor":2.0,"key":"Explosive Potion"},{"floor":4.0,"key":"SkillPotion"},{"floor":10,"key":"SpeedPotion"},{"floor":11,"key":"ColorlessPotion"},{"floor":13,"key":"Energy Potion"},{"floor":14,"key":"SteroidPotion"},{"floor":19,"key":"PowerPotion"},{"floor":23,"key":"Regen Potion"},{"floor":35,"key":"SmokeBomb"},{"floor":48,"key":"Regen Potion"}],"is_trial":false,"path_per_floor":["M","M","$","M","M","E","R","M","T","E","M","R","M","E","R","B",null,"M","M","$","?","?","E","?","R","T","R","$","?","R","E","R","B",null,"M","M","$","M","?","R","E","$","T","E","?","?","R","E","R","B"],"character_chosen":"THE_SILENT","items_purchased":["Blade Dance","War Paint","Malaise","ClockworkSouvenir","Backflip","Oddly Smooth Stone","Accuracy"],"campfire_rested":1,"item_purchase_floors":[3,20,20,28,42,42,42],"current_hp_per_floor":[70,69,69,69,64,48,48,48,48,45,45,45,45,36,70,22,70,54,49,49,49,37,37,35,35,35,35,35,29,29,27,27,20,35,35,35,35,35,33,33,30,30,30,29,29,29,29,29,29,0,0],"gold":204,"neow_bonus":"THREE_RARE_CARDS","is_daily":false,"chose_seed":false,"campfire_upgraded":8,"win_rate":0.0,"timestamp":1611153055,"path_taken":["M","M","?","M","M","E","R","M","T","E","M","R","M","E","R","BOSS","M","M","$","?","?","E","?","R","T","R","?","?","R","E","R","BOSS","M","M","$","?","?","R","E","$","T","E","?","?","R","E","R","BOSS"],"items_purchased_type":["Card","Relic","Card","Relic","Card","Relic","Card"],"build_version":"2020-12-22","purchased_purges":1,"victory":false,"max_hp_per_floor":[70,70,70,70,70,70,70,70,70,70,70,70,70,70,70,70,70,70,70,70,70,70,70,35,35,35,35,35,35,35,35,35,35,35,35,35,35,35,35,35,35,35,35,35,35,35,35,35,35,35,35],"card_choices":[{"not_picked":["A Thousand Cuts","Unload"],"picked":"Glass Knife","floor":0.0},{"not_picked":["Escape Plan","Tactician"],"picked":"Caltrops","floor":1.0},{"not_picked":["Leg Sweep","Prepared"],"picked":"All Out Attack","floor":2.0},{"not_picked":["Poisoned Stab","Outmaneuver"],"picked":"Dash","floor":4.0},{"not_picked":["Prepared","Expertise","All Out Attack"],"picked":"SKIP","floor":5},{"not_picked":["Choke","Dodge and Roll"],"picked":"Sucker Punch","floor":6},{"not_picked":["Backflip","Slice"],"picked":"Accuracy","floor":8},{"not_picked":["Sucker Punch","Deadly Poison"],"picked":"Corpse Explosion","floor":10},{"not_picked":["Eviscerate","Quick Slash","Slice"],"picked":"SKIP","floor":11},{"not_picked":["Poisoned Stab","Catalyst"],"picked":"Blade Dance","floor":13},{"not_picked":["Underhanded Strike","Bane"],"picked":"Phantasmal Killer","floor":14},{"not_picked":["Sucker Punch","Underhanded Strike"],"picked":"Blade Dance","floor":15},{"not_picked":["Die Die Die","Phantasmal Killer"],"picked":"Bullet Time","floor":16},{"not_picked":["Crippling Poison","Sucker Punch+1"],"picked":"Concentrate+1","floor":18},{"not_picked":["Flechettes+1","Poisoned Stab","Slice"],"picked":"SKIP","floor":19},{"not_picked":["Distraction","Sucker Punch"],"picked":"Acrobatics","floor":22},{"not_picked":["Slice","Poisoned Stab"],"picked":"Distraction+1","floor":23},{"not_picked":["Prepared","Dodge and Roll"],"picked":"PiercingWail+1","floor":31},{"not_picked":["Venomology","Doppelganger"],"picked":"Storm of Steel","floor":33},{"not_picked":["Blade Dance","Riddle With Holes","Sucker Punch+1"],"picked":"SKIP","floor":35},{"not_picked":["Dagger Throw","Finisher"],"picked":"Crippling Poison+1","floor":36},{"not_picked":["Setup","Dagger Throw+1"],"picked":"Leg Sweep","floor":38},{"not_picked":["Backflip","Deflect"],"picked":"Cloak And Dagger+1","floor":41},{"not_picked":["Distraction+1","PiercingWail+1"],"picked":"Backflip","floor":48}],"player_experience":1471803,"relics_obtained":[{"floor":6,"key":"Happy Flower"},{"floor":9,"key":"CeramicFish"},{"floor":10,"key":"Dream Catcher"},{"floor":14,"key":"Regal Pillow"},{"floor":22,"key":"Red Mask"},{"floor":23,"key":"Nunchaku"},{"floor":31,"key":"Ornamental Fan"},{"floor":41,"key":"Centennial Puzzle"},{"floor":43,"key":"Akabeko"},{"floor":48,"key":"The Specimen"}],"event_choices":[{"cards_removed":["Strike_G"],"damage_healed":0,"gold_gain":0,"player_choice":"Gave Gold","damage_taken":0,"max_hp_gain":0,"max_hp_loss":0,"event_name":"Beggar","floor":21,"gold_loss":75},{"damage_healed":0,"gold_gain":0,"player_choice":"Fought Bandits","damage_taken":0,"max_hp_gain":0,"max_hp_loss":0,"event_name":"Masked Bandits","floor":22,"gold_loss":0},{"damage_healed":0,"gold_gain":0,"player_choice":"Became a Ghost","damage_taken":0,"max_hp_gain":0,"max_hp_loss":35,"event_name":"Ghosts","floor":24,"gold_loss":0,"cards_obtained":["Ghostly","Ghostly","Ghostly","Ghostly","Ghostly"]},{"damage_healed":0,"gold_gain":0,"player_choice":"","damage_taken":6,"max_hp_gain":0,"max_hp_loss":0,"event_name":"Knowing Skull","floor":29,"potions_obtained":[],"gold_loss":0,"cards_obtained":[]},{"damage_healed":0,"gold_gain":0,"player_choice":"Fight","damage_taken":0,"max_hp_gain":0,"max_hp_loss":0,"event_name":"Mysterious Sphere","floor":39,"gold_loss":0},{"cards_removed":["Defend_G"],"damage_healed":0,"gold_gain":0,"player_choice":"Removed Skill","damage_taken":0,"max_hp_gain":0,"max_hp_loss":0,"event_name":"Falling","floor":45,"gold_loss":0},{"damage_healed":0,"gold_gain":0,"player_choice":"Gave Potion","damage_taken":0,"relics_obtained":["Peace Pipe"],"max_hp_gain":0,"max_hp_loss":0,"event_name":"WeMeetAgain","floor":46,"gold_loss":0}],"is_beta":false,"boss_relics":[{"not_picked":["Coffee Dripper","Runic Dome"],"picked":"Astrolabe"},{"not_picked":["SacredBark","Calling Bell"],"picked":"WristBlade"}],"items_purged_floors":[3],"is_endless":false,"potions_floor_spawned":[2,4,10,11,13,14,16,19,22,23,31,35,39,48],"killed_by":"Awakened One","ascension_level":1}}