{"host":"ewfe3cr33ktd9xzj","time":1611118801,"event":{"mods":["AchievementEnabler","Arknights The Spire","BaseMod","Colored Map","Custom Start","DeckTracker","Minty Spire (QoL Compilation)","Permanent Neow","Quick Restart","Rare Cards Sparkle","StSLib","everything is the same but u backflip on backflip"],"gold_per_floor":[117,47,65,65,78,78,78],"floor_reached":6,"language":"KOR","playtime":157,"items_purged":[],"score":36,"play_id":"88314ba4-f723-403d-915f-3850ea1c67b7","local_time":"20210120140001","is_ascension_mode":false,"campfire_choices":[],"circlet_count":0,"master_deck":["ats:Strike G","ats:Strike S","ats:Strike V","ats:Armor Crushing Shot","ats:Defend","ats:Defend","ats:Defend","ats:Defend","ats:Emotion Absorption","ats:Hammer On","ats:Sword Rain","ats:Ambush","ats:Burning Ground"],"relics":["Runic Pyramid"],"acts_visited":["Exordium"],"potions_floor_usage":[],"damage_taken":[{"damage":5.0,"enemies":"Cultist","floor":1.0,"turns":4.0},{"damage":6.0,"enemies":"Jaw Worm","floor":3.0,"turns":3.0},{"damage":0,"enemies":"Small Slimes","floor":5,"turns":3},{"damage":0,"enemies":"3 Sentries","floor":6,"turns":1}],"seed_played":"5648933042553182614","potions_obtained":[{"floor":1.0,"key":"Dexterity Potion"},{"floor":3.0,"key":"SmokeBomb"}],"is_trial":false,"path_per_floor":["M","$","M","?","M","E"],"character_chosen":"DOCTOR_CLASS","items_purchased":["ats:Sword Rain"],"campfire_rested":0,"item_purchase_floors":[2],"current_hp_per_floor":[67,67,61,61,61,61,61],"gold":78,"neow_bonus":"BOSS_RELIC","is_daily":false,"chose_seed":false,"campfire_upgraded":0,"win_rate":0.0,"timestamp":1611118801,"path_taken":["M","$","M","?","M","E"],"items_purchased_type":["Card"],"build_version":"2020-12-22","purchased_purges":0,"victory":false,"max_hp_per_floor":[72,72,72,72,72,72,72],"card_choices":[{"not_picked":["ats:Very Hot Blade","ats:Powerful Strike"],"picked":"ats:Hammer On","floor":1.0},{"not_picked":["ats:Magnetic Hammer","ats:Powerful Strike"],"picked":"ats:Ambush","floor":3.0},{"not_picked":["ats:Red Shift","ats:Ignite"],"picked":"ats:Burning Ground","floor":5}],"player_experience":52001,"relics_obtained":[],"event_choices":[{"cards_removed":["ats:Strike C"],"damage_healed":0,"gold_gain":0,"player_choice":"Forget","damage_taken":0,"max_hp_gain":0,"max_hp_loss":0,"event_name":"Living Wall","floor":4,"gold_loss":0}],"is_beta":false,"boss_relics":[],"items_purged_floors":[],"is_endless":false,"potions_floor_spawned":[1,3],"killed_by":"3 Sentries","ascension_level":0}}