{"host":"8xi53560pl5zaoq2","time":1611117352,"event":{"mods":["BaseMod","Bestiary","Colored Map","Highlight Path","Minty Spire (QoL Compilation)","StSLib","Synergy Search"],"gold_per_floor":[111,128,141,153,153,153,6,6,29,29,29,45,45,109,109,186,186,198,216,233,77,88,88,104,104,104,137,154,154,170,184,184,258,258,272,291,340,355,48,48,81,81,134,152,177,0,16,26,26,26],"floor_reached":51,"language":"ENG","playtime":2649,"items_purged":["Strike_B"],"score":1244,"play_id":"502951ff-ec87-4708-8ad0-719a02e24813","local_time":"20210119213552","is_ascension_mode":true,"campfire_choices":[{"data":"Hologram","floor":6,"key":"SMITH"},{"data":"Zap","floor":8,"key":"SMITH"},{"floor":15,"key":"REST"},{"floor":23,"key":"REST"},{"floor":25,"key":"REST"},{"floor":32,"key":"REST"},{"floor":40,"key":"REST"},{"floor":42,"key":"REST"},{"floor":49,"key":"REST"}],"circlet_count":0,"master_deck":["AscendersBane","Strike_B","Strike_B","Defend_B","Defend_B","Defend_B","Zap+1","Dualcast","BootSequence","Hologram+1","Sweeping Beam","Steam Power","Core Surge","Chill","Electrodynamics","Auto Shields","Consume+1","Loop","Self Repair","Darkness","Consume","Doom and Gloom","Hologram+1","Sweeping Beam+1","Scrape+1","Rainbow","Steam+1","Leap+1","Defragment","Capacitor","Go for the Eyes+1"],"relics":["Cracked Core","Vajra","Runic Capacitor","Toy Ornithopter","Juzu Bracelet","Fusion Hammer","Matryoshka","Emotion Chip","Busted Crown","Peace Pipe","Mango","Nunchaku","Happy Flower","Regal Pillow","TungstenRod","Red Mask"],"acts_visited":["Exordium","TheCity","TheBeyond"],"potions_floor_usage":[14,14,27,30,30,31,33,35,36,41,50,50],"damage_taken":[{"damage":0,"enemies":"2 Louse","floor":1,"turns":2},{"damage":0,"enemies":"Small Slimes","floor":2,"turns":3},{"damage":1,"enemies":"Cultist","floor":3,"turns":4},{"damage":10,"enemies":"2 Fungi Beasts","floor":4,"turns":4},{"damage":3,"enemies":"3 Louse","floor":12,"turns":2},{"damage":36,"enemies":"Lagavulin Event","floor":14,"turns":6},{"damage":28,"enemies":"The Guardian","floor":16,"turns":11},{"damage":8,"enemies":"2 Thieves","floor":18,"turns":3},{"damage":0,"enemies":"Chosen","floor":19,"turns":4},{"damage":6,"enemies":"Centurion and Healer","floor":20,"turns":5},{"damage":28,"enemies":"Snecko","floor":22,"turns":5},{"damage":13,"enemies":"Sentry and Sphere","floor":24,"turns":5},{"damage":34,"enemies":"Slavers","floor":27,"turns":4},{"damage":12,"enemies":"Centurion and Healer","floor":28,"turns":5},{"damage":18,"enemies":"Shelled Parasite and Fungi","floor":30,"turns":3},{"damage":2,"enemies":"Cultist and Chosen","floor":31,"turns":3},{"damage":46,"enemies":"Automaton","floor":33,"turns":9},{"damage":4,"enemies":"3 Shapes","floor":35,"turns":3},{"damage":24,"enemies":"3 Darklings","floor":36,"turns":3},{"damage":31,"enemies":"2 Orb Walkers","floor":37,"turns":5},{"damage":0,"enemies":"4 Shapes","floor":38,"turns":3},{"damage":52,"enemies":"Giant Head","floor":41,"turns":8},{"damage":14,"enemies":"Maw","floor":44,"turns":7},{"damage":0,"enemies":"Mind Bloom Boss Battle","floor":45,"turns":9},{"damage":24,"enemies":"Writhing Mass","floor":47,"turns":4},{"damage":1,"enemies":"Spire Growth","floor":48,"turns":4},{"damage":14,"enemies":"Donu and Deca","floor":50,"turns":7}],"seed_played":"-6918711357973417666","potions_obtained":[{"floor":3,"key":"SkillPotion"},{"floor":4,"key":"Fire Potion"},{"floor":12,"key":"Dexterity Potion"},{"floor":14,"key":"SpeedPotion"},{"floor":18,"key":"SpeedPotion"},{"floor":20,"key":"Block Potion"},{"floor":28,"key":"EntropicBrew"},{"floor":31,"key":"AttackPotion"},{"floor":33,"key":"EntropicBrew"},{"floor":37,"key":"DistilledChaos"},{"floor":47,"key":"LiquidMemories"}],"is_trial":false,"path_per_floor":["M","M","M","M","$","R","$","R","T","?","?","M","?","?","R","B",null,"M","M","M","$","M","R","M","R","T","E","M","?","M","M","R","B",null,"M","M","?","M","$","R","E","R","T","M","?","?","M","M","R","B",null],"character_chosen":"DEFECT","items_purchased":["Runic Capacitor","Self Repair","Mango"],"campfire_rested":7,"item_purchase_floors":[7,21,39],"current_hp_per_floor":[64,64,63,53,53,53,53,53,53,58,58,55,48,22,44,16,61,53,53,47,47,26,48,42,64,64,35,30,30,29,39,61,27,64,65,53,29,29,43,70,30,57,57,50,57,57,40,46,88,83],"gold":26,"neow_bonus":"RANDOM_COMMON_RELIC","is_daily":false,"chose_seed":false,"campfire_upgraded":2,"win_rate":0.0,"timestamp":1611117352,"path_taken":["M","M","M","M","$","R","$","R","T","?","?","?","?","?","R","BOSS","M","M","M","$","M","R","M","R","T","E","M","?","M","M","R","BOSS","M","M","?","M","$","R","E","R","T","M","?","?","M","M","R","BOSS"],"items_purchased_type":["Relic","Card","Relic"],"build_version":"2020-12-22","purchased_purges":1,"victory":true,"max_hp_per_floor":[71,71,71,71,71,71,71,71,71,76,76,76,76,76,76,76,76,76,76,76,76,76,76,76,76,76,76,76,76,76,76,76,76,76,76,76,76,76,90,90,90,90,90,90,90,90,90,90,90,90],"card_choices":[{"not_picked":["Cold Snap","Barrage"],"picked":"BootSequence","floor":1},{"not_picked":["Cold Snap","Conserve Battery"],"picked":"Hologram","floor":2},{"not_picked":["Stack","Turbo","Aggregate"],"picked":"SKIP","floor":3},{"not_picked":["Turbo","Leap"],"picked":"Sweeping Beam","floor":4},{"not_picked":["Coolheaded","Hologram"],"picked":"Core Surge","floor":12},{"not_picked":["Compile Driver","Go for the Eyes"],"picked":"Chill","floor":14},{"not_picked":["Reboot","Buffer"],"picked":"Electrodynamics","floor":16},{"not_picked":["Cold Snap","Hologram"],"picked":"Auto Shields","floor":18},{"not_picked":["Compile Driver+1","Coolheaded"],"picked":"Consume+1","floor":19},{"not_picked":["White Noise","Leap"],"picked":"Loop","floor":20},{"not_picked":["Scrape","Auto Shields"],"picked":"Darkness","floor":22},{"not_picked":["Reprogram","Fission"],"picked":"Consume","floor":24},{"not_picked":["Reprogram","Heatsinks"],"picked":"Doom and Gloom","floor":27},{"not_picked":["Conserve Battery","Cold Snap","Go for the Eyes"],"picked":"SKIP","floor":28},{"not_picked":["Leap","Steam+1"],"picked":"Sweeping Beam+1","floor":30},{"not_picked":["Redo","Sweeping Beam"],"picked":"Scrape+1","floor":31},{"not_picked":["Biased Cognition","Buffer"],"picked":"Rainbow","floor":33},{"not_picked":["Steam Power"],"picked":"SKIP","floor":35},{"not_picked":["Rebound"],"picked":"SKIP","floor":36},{"not_picked":[],"picked":"Steam+1","floor":37},{"not_picked":[],"picked":"Leap+1","floor":38},{"not_picked":["Gash"],"picked":"SKIP","floor":41},{"not_picked":["Lockon"],"picked":"SKIP","floor":44},{"not_picked":[],"picked":"Defragment","floor":45},{"not_picked":[],"picked":"Capacitor","floor":47},{"not_picked":[],"picked":"Go for the Eyes+1","floor":48}],"player_experience":1301954,"relics_obtained":[{"floor":9,"key":"Toy Ornithopter"},{"floor":14,"key":"Juzu Bracelet"},{"floor":26,"key":"Matryoshka"},{"floor":27,"key":"Emotion Chip"},{"floor":37,"key":"Peace Pipe"},{"floor":41,"key":"Nunchaku"},{"floor":43,"key":"Happy Flower"},{"floor":43,"key":"Regal Pillow"},{"floor":45,"key":"TungstenRod"}],"event_choices":[{"damage_healed":0,"gold_gain":0,"player_choice":"Donut","damage_taken":0,"max_hp_gain":5,"max_hp_loss":0,"event_name":"Big Fish","floor":10,"gold_loss":0},{"damage_healed":0,"gold_gain":0,"cards_transformed":["Defend_B"],"player_choice":"Transformed","damage_taken":0,"max_hp_gain":0,"max_hp_loss":0,"event_name":"Transmorgrifier","floor":11,"gold_loss":0,"cards_obtained":["Steam Power"]},{"cards_removed":["Strike_B"],"damage_healed":0,"gold_gain":0,"player_choice":"Card Removal","damage_taken":7,"max_hp_gain":0,"max_hp_loss":0,"event_name":"Golden Wing","floor":13,"gold_loss":0},{"damage_healed":0,"gold_gain":30,"player_choice":"Searched \u00273\u0027 times","damage_taken":0,"max_hp_gain":0,"max_hp_loss":0,"event_name":"Dead Adventurer","floor":14,"gold_loss":0},{"damage_healed":0,"gold_gain":0,"player_choice":"Copied","damage_taken":0,"max_hp_gain":0,"max_hp_loss":0,"event_name":"Duplicator","floor":29,"gold_loss":0,"cards_obtained":["Hologram"]},{"damage_healed":0,"gold_gain":0,"player_choice":"Fight","damage_taken":0,"max_hp_gain":0,"max_hp_loss":0,"event_name":"Mysterious Sphere","floor":37,"gold_loss":0},{"damage_healed":0,"gold_gain":0,"player_choice":"Fight","damage_taken":0,"max_hp_gain":0,"max_hp_loss":0,"event_name":"MindBloom","floor":45,"gold_loss":0},{"damage_healed":0,"gold_gain":0,"player_choice":"Paid","damage_taken":0,"relics_obtained":["Red Mask"],"max_hp_gain":0,"max_hp_loss":0,"event_name":"Tomb of Lord Red Mask","floor":46,"gold_loss":177}],"is_beta":false,"boss_relics":[{"not_picked":["Calling Bell","Velvet Choker"],"picked":"Fusion Hammer"},{"not_picked":["Coffee Dripper","Astrolabe"],"picked":"Busted Crown"}],"items_purged_floors":[21],"is_endless":false,"potions_floor_spawned":[3,4,12,14,18,20,28,30,31,33,37,47],"ascension_level":15}}