{"host":"hbmugw1tcdgjy91l","time":1611104240,"event":{"mods":["Act Like it!","Arknights The Spire","BaseMod","Chen","Downfall","Gensokyo","Gremlin Mod","GungeonMod","Lobotomy","LobotomyExtend","Mari Mod (Legacy)","Mari\u0027s V1 Patch","Minty Spire (QoL Compilation)","Pale of the Ancients","Prisma Mod","StSLib","Td1madao Mod","TestMod","The Animator","The Bug Knight","The Mystic","WarShipGirlsR/’ΩΩ¢…Ÿ≈ÆR mod"],"gold_per_floor":[109,59,79,94,111,139,24,59,108,108,131,131,149,174,174,275,275,275,275,6,6,19,45,45,45,45,45,64,82,105,125,150,150,150,150,150],"floor_reached":35,"language":"ZHS","playtime":2454,"items_purged":["DemoMod:Defend_Huntress"],"score":332,"play_id":"258743fe-7e97-4dc2-9f60-af840f64d5ce","local_time":"20210120085720","is_ascension_mode":true,"campfire_choices":[{"floor":10.0,"key":"RECALL"},{"data":"DemoMod:ManualReload","floor":12.0,"key":"SMITH"},{"data":"DemoMod:SniperShot","floor":15.0,"key":"SMITH"},{"data":"testmod-RepeatForm","floor":24.0,"key":"SMITH"},{"data":"DemoMod:ShadowBullets","floor":27.0,"key":"SMITH"},{"floor":33.0,"key":"REST"}],"circlet_count":0,"master_deck":["DemoMod:Strike_Huntress+1","DemoMod:Strike_Huntress","DemoMod:Defend_Huntress","DemoMod:Defend_Huntress","DemoMod:Roll","DemoMod:ManualReload+1","DemoMod:RustySidearm+1","DemoMod:CrossBow","DemoMod:SuppressiveFire","DemoMod:BattleInHaste","DemoMod:SniperShot+1","DemoMod:AWP","DemoMod:FinishedGun","DemoMod:StrategicReserve","DemoMod:BlankBullets","DemoMod:ShadowBullets+1","testmod-RepeatForm+1","DemoMod:Evolver+","DemoMod:HungryBullets+1","Writhe","DemoMod:GunslingerForm"],"relics":["DemoMod:Dog","testmod-TestBox","testmod-RainbowHikingShoes","LetterFromLob","Art of War","DemoMod:PoisonVial","testmod-TimeTraveler","Gaze_r","Heaven_r","Whetstone","Letter Opener","Centennial Puzzle"],"acts_visited":["Exordium","TheCity","DemoMod:Maze"],"potions_floor_usage":[35],"damage_taken":[{"damage":1.0,"enemies":"2 Louse","floor":1.0,"turns":2.0},{"damage":0.0,"enemies":"Jaw Worm","floor":3.0,"turns":3.0},{"damage":3.0,"enemies":"Small Slimes","floor":4.0,"turns":4.0},{"damage":5.0,"enemies":"Blue Slaver","floor":5.0,"turns":5.0},{"damage":8.0,"enemies":"HollowMod:MossKnight","floor":6.0,"turns":3.0},{"damage":10.0,"enemies":"3 Sentries","floor":8.0,"turns":4.0},{"damage":10.0,"enemies":"Lots of Slimes","floor":11.0,"turns":4.0},{"damage":0.0,"enemies":"2 Fungi Beasts","floor":13.0,"turns":2.0},{"damage":0.0,"enemies":"Large Slime","floor":14.0,"turns":2.0},{"damage":31.0,"enemies":"The Guardian","floor":16.0,"turns":5.0},{"damage":13.0,"enemies":"2 Thieves","floor":18.0,"turns":2.0},{"damage":0.0,"enemies":"2 Thieves","floor":18.0,"turns":1.0},{"damage":5.0,"enemies":"2 Thieves","floor":22.0,"turns":3.0},{"damage":26.0,"enemies":"Book of Stabbing","floor":23.0,"turns":4.0},{"damage":14.0,"enemies":"DemoMod:2_Veteran_bullet_kins_and_red_shotgun_kin","floor":28.0,"turns":2.0},{"damage":10.0,"enemies":"DemoMod:Veteran_shot_gun_kin_and_red_shotgun_kin","floor":29.0,"turns":2.0},{"damage":7.0,"enemies":"DemoMod:Red_and_blue_shotgun_kin_with_gunsinger","floor":30.0,"turns":4.0},{"damage":11.0,"enemies":"DemoMod:2_Mousers","floor":31.0,"turns":6.0},{"damage":14.0,"enemies":"DemoMod:Veteran_shot_gun_kin_and_blue_shotgun_kin_with_gunsinger","floor":32.0,"turns":2.0},{"damage":13,"enemies":"DemoMod:ResourcefulRat","floor":35,"turns":5}],"seed_played":"7649946709814597631","potions_obtained":[{"floor":3.0,"key":"Dexterity Potion"},{"floor":4.0,"key":"champ:CounterPotion"},{"floor":5.0,"key":"SkillPotion"},{"floor":11.0,"key":"EssenceOfSteel"},{"floor":14.0,"key":"Strength Potion"},{"floor":23.0,"key":"PowerPotion"},{"floor":28.0,"key":"Weak Potion"},{"floor":29.0,"key":"DemoMod:LeadSkinPotion"},{"floor":32.0,"key":"LiquidMemories"}],"is_trial":false,"path_per_floor":["M","?","M","M","M","E","$","E","T","R","M","R","M","M","R","B",null,"M","?","$","?","M","E","R","?","T","R","M","M","M","M","M","R","B","B"],"character_chosen":"HUNTRESS","items_purchased":["DemoMod:GnawedKey","testmod-RepeatForm"],"campfire_rested":1,"item_purchase_floors":[7,20],"current_hp_per_floor":[69,69,69,66,61,53,53,43,43,43,33,33,33,33,33,2,70,60,60,60,60,55,29,29,29,70,70,56,46,39,28,14,35,10,0,0],"gold":150,"neow_bonus":"TRANSFORM_CARD","is_daily":false,"chose_seed":false,"campfire_upgraded":4,"win_rate":0.0,"timestamp":1611104240,"path_taken":["M","?","M","M","M","E","$","E","T","R","M","R","M","M","R","BOSS","M","?","?","?","M","E","R","?","T","R","M","M","M","M","M","R","BOSS","BOSS"],"items_purchased_type":["Relic","Card"],"build_version":"2020-12-22","purchased_purges":1,"victory":false,"max_hp_per_floor":[70,70,70,70,70,70,70,70,70,70,70,70,70,70,70,70,70,70,70,70,70,70,70,70,70,70,70,70,70,70,70,70,70,70,70,70],"card_choices":[{"not_picked":["DemoMod:RadGun","DemoMod:MegaHand"],"picked":"DemoMod:BattleInHaste","floor":1.0},{"not_picked":["DemoMod:Rummage","DemoMod:Replace"],"picked":"DemoMod:SniperShot","floor":3.0},{"not_picked":["DemoMod:Unmoved","DemoMod:BattleInHaste","DemoMod:ConditionalReflex"],"picked":"SKIP","floor":4.0},{"not_picked":["DemoMod:Unmoved","DemoMod:BattleInHaste","DemoMod:ConditionalReflex"],"picked":"SKIP","floor":4.0},{"not_picked":["DemoMod:Casey","DemoMod:GunShield"],"picked":"DemoMod:AWP","floor":5.0},{"not_picked":["DemoMod:SpreadAmmo","DemoMod:MachoBrace"],"picked":"DemoMod:FinishedGun","floor":6.0},{"not_picked":["DemoMod:DoubleSwitch","DemoMod:AWP"],"picked":"DemoMod:StrategicReserve","floor":8.0},{"not_picked":["DemoMod:HardPowerCard","DemoMod:Casey","DemoMod:FastSwitch"],"picked":"SKIP","floor":11.0},{"not_picked":["DemoMod:LifeOrb","DemoMod:StrategicReserve","DemoMod:FinishedGun"],"picked":"SKIP","floor":13.0},{"not_picked":["DemoMod:BattleInHaste","DemoMod:FastSwitch"],"picked":"DemoMod:DirectionalPad","floor":14.0},{"not_picked":["DemoMod:Elimentaler","DemoMod:DarkMarker"],"picked":"DemoMod:BlankBullets","floor":16.0},{"not_picked":["DemoMod:Rummage","DemoMod:PotionOfGunFriendShip"],"picked":"DemoMod:Evolver","floor":22.0},{"not_picked":["DemoMod:Unmoved","DemoMod:CombinedRifle"],"picked":"DemoMod:HungryBullets+1","floor":23.0},{"not_picked":["DemoMod:StrategicReserve+1","DemoMod:MachoBrace+1","DemoMod:GunShield+1"],"picked":"SKIP","floor":28.0},{"not_picked":["DemoMod:Unmoved","DemoMod:GunstockTap","DemoMod:FightSabre"],"picked":"SKIP","floor":29.0},{"not_picked":["DemoMod:Replace","DemoMod:BattleInHaste"],"picked":"DemoMod:DirectionalPad","floor":30.0},{"not_picked":["DemoMod:Ejector","DemoMod:ConditionalReflex","DemoMod:CombinedRifle"],"picked":"SKIP","floor":31.0},{"not_picked":["DemoMod:Purify+1","DemoMod:JK47"],"picked":"DemoMod:GunslingerForm","floor":32.0}],"player_experience":480539,"relics_obtained":[{"floor":1.0,"key":"LetterFromLob"},{"floor":6.0,"key":"Art of War"},{"floor":8.0,"key":"DemoMod:PoisonVial"},{"floor":23.0,"key":"Whetstone"},{"floor":30.0,"key":"Centennial Puzzle"}],"event_choices":[{"cards_removed":["DemoMod:Strike_Huntress"],"damage_healed":0.0,"max_hp_gain":0.0,"max_hp_loss":0.0,"gold_gain":0.0,"event_name":"The Cleric","player_choice":"Card Removal","floor":2.0,"gold_loss":50.0,"damage_taken":0.0},{"damage_healed":0.0,"max_hp_gain":0.0,"max_hp_loss":0.0,"gold_gain":0.0,"event_name":"The Library","player_choice":"Read","floor":19.0,"gold_loss":0.0,"damage_taken":0.0,"cards_obtained":["DemoMod:ShadowBullets"]},{"damage_healed":0.0,"max_hp_gain":0.0,"max_hp_loss":0.0,"gold_gain":0.0,"event_name":"Ghosts","player_choice":"Ignored","floor":21.0,"gold_loss":0.0,"damage_taken":0.0},{"damage_healed":0.0,"max_hp_gain":0.0,"max_hp_loss":0.0,"gold_gain":0.0,"event_name":"The Mausoleum","player_choice":"Opened","floor":25.0,"gold_loss":0.0,"damage_taken":0.0,"relics_obtained":["Letter Opener"],"cards_obtained":["Writhe"]}],"is_beta":false,"boss_relics":[{"not_picked":["testmod-HarvestTotem","Pandora\u0027s Box"],"picked":"testmod-TimeTraveler"}],"items_purged_floors":[20],"is_endless":false,"potions_floor_spawned":[3,4,5,11,14,18,22,23,28,29,32],"killed_by":"DemoMod:ResourcefulRat","ascension_level":1}}