{"host":"1zjc08c6hob33401","time":1611151120,"event":{"mods":["AchievementEnabler","Act Like it!","Aspiration","BaseMod","Downfall","Energized Spire","Evolution","Friendly Minions","Gensokyo","GifTheSpireLib","Hubris","Infinite Spire","Jedi Mod","Minty Spire (QoL Compilation)","Pale of the Ancients","Quick Restart","Replay The Spire","Retaliation","Shop Mod","Spire Arcade","StS++","StSLib","Stuff the Spire","The Blue Laboratory","Wandering Minibosses","vexMod","??????REMEMod"],"gold_per_floor":[112,112,176,176,196,196,247,247,293,322,322,322,322,322,322],"floor_reached":15,"language":"RUS","playtime":598,"items_purged":[],"score":162,"play_id":"8bd5745f-bc8c-41fd-a2a9-e9ae5bd7a096","local_time":"20210120155840","is_ascension_mode":true,"campfire_choices":[{"data":"Zap","floor":6.0,"key":"SMITH"},{"data":"Reprogram","floor":11.0,"key":"SMITH"},{"data":"hubris:Ukulele","floor":13.0,"key":"SMITH"}],"circlet_count":0,"master_deck":["Compile Driver+1","Compile Driver","Compile Driver","Compile Driver","jedi:BurstFrost","jedi:BurstFrost","Defend_B","Zap+1","Dualcast","HandOfGreed+1","Reprogram+1","StuffTheSpire:Plugnplay","Storm","StuffTheSpire:CleanHardDrive+1","hubris:Ukulele+1"],"relics":["Cracked Core","EVO:Axolotl","REME_ComplimentaryCards","hubris:Teleporter","hubris:BallOfYels","Toy Ornithopter"],"acts_visited":["Gensokyo:Gensokyo"],"potions_floor_usage":[],"damage_taken":[{"damage":0.0,"enemies":"Gensokyo:Python","floor":1.0,"turns":2.0},{"damage":0.0,"enemies":"Gensokyo:2_Kodama","floor":3.0,"turns":4.0},{"damage":0.0,"enemies":"Gensokyo:3_Fairies","floor":5.0,"turns":4.0},{"damage":20.0,"enemies":"Gensokyo:Mamizou","floor":7.0,"turns":4.0},{"damage":7.0,"enemies":"Gensokyo:Cirno","floor":10.0,"turns":5.0},{"damage":0,"enemies":"Gensokyo:Reimu","floor":15,"turns":1}],"seed_played":"4934173985521145492","potions_obtained":[{"floor":3.0,"key":"blueLaboratory:FruitPunch"},{"floor":7.0,"key":"Fruit Juice"}],"is_trial":false,"path_per_floor":["M","?","M","?","M","R","E","?","T","E","R","R","R","B"],"character_chosen":"DEFECT","items_purchased":[],"campfire_rested":0,"item_purchase_floors":[],"current_hp_per_floor":[68,68,68,68,68,68,50,50,50,48,48,48,72,72,72],"gold":322,"neow_bonus":"TRANSFORM_CARD","is_daily":false,"chose_seed":false,"campfire_upgraded":3,"win_rate":0.0,"timestamp":1611151120,"path_taken":["M","?","M","?","M","R","E","?","T","E","R","R","R","BOSS"],"items_purchased_type":[],"build_version":"2020-12-22","purchased_purges":0,"victory":false,"max_hp_per_floor":[75,75,75,75,75,75,77,77,77,82,82,82,82,82,82],"card_choices":[{"not_picked":["jedi:blockon","Redo"],"picked":"StuffTheSpire:Plugnplay","floor":1.0},{"not_picked":["BasicCrystalCard","Conserve Battery"],"picked":"Storm","floor":3.0},{"not_picked":["Steam","Panic Button"],"picked":"hubris:Ukulele","floor":5.0},{"not_picked":["Compile Driver","jedi:blockon","StuffTheSpire:LoadUp"],"picked":"SKIP","floor":7.0},{"not_picked":["Compile Driver","Cold Snap","Sweeping Beam"],"picked":"SKIP","floor":10.0}],"player_experience":636822,"relics_obtained":[{"floor":7.0,"key":"hubris:Teleporter"},{"floor":9.0,"key":"hubris:BallOfYels"},{"floor":10.0,"key":"Toy Ornithopter"}],"event_choices":[],"is_beta":false,"boss_relics":[],"items_purged_floors":[],"is_endless":false,"potions_floor_spawned":[3,7],"killed_by":"Gensokyo:Reimu","ascension_level":9}}