{"host":"x205naxbihvu3p76","time":1611115519,"event":{"mods":["AchievementEnabler","BaseMod","Minty Spire (QoL Compilation)","StSLib","SuperFastMode"],"gold_per_floor":[112,124,5,5,5,34,34,54,101,114,114,14,40,60,60,137,137,155,155,6,6,21,21,38,88,88,102,112,126,16,26,26,100,100,112,112,162,176,187,187,187],"floor_reached":40,"language":"KOR","playtime":1254,"items_purged":["Strike_B","Defend_B"],"score":850,"play_id":"89745b90-0ede-4dee-bd31-b978a7ecd34d","local_time":"20210120130519","is_ascension_mode":true,"campfire_choices":[{"data":"Zap","floor":7.0,"key":"SMITH"},{"data":"Chaos","floor":15.0,"key":"SMITH"},{"data":"Creative AI","floor":23.0,"key":"SMITH"},{"data":"Defragment","floor":32.0,"key":"SMITH"}],"circlet_count":0,"master_deck":["AscendersBane","Strike_B","Strike_B","Defend_B","Defend_B","Zap+1","Dualcast","Leap","FTL","Capacitor+1","Cold Snap","Glacier","Chaos+1","Conserve Battery","Creative AI+1","Ball Lightning","Seek","Barrage+1","Compile Driver","Hologram","Coolheaded+1","Defragment+1","Meteor Strike","Master of Strategy","Go for the Eyes"],"relics":["FrozenCore","NeowsBlessing","Meat on the Bone","HornCleat","InkBottle","Bag of Marbles","PreservedInsect","Philosopher\u0027s Stone","Calipers"],"acts_visited":["Exordium","TheCity","TheBeyond"],"potions_floor_usage":[],"damage_taken":[{"damage":0.0,"enemies":"Small Slimes","floor":1.0,"turns":1.0},{"damage":0.0,"enemies":"Jaw Worm","floor":2.0,"turns":1.0},{"damage":0.0,"enemies":"Gremlin Nob","floor":6.0,"turns":1.0},{"damage":1.0,"enemies":"Cultist","floor":8.0,"turns":4.0},{"damage":0.0,"enemies":"Exordium Thugs","floor":10.0,"turns":4.0},{"damage":5.0,"enemies":"Lagavulin","floor":13.0,"turns":7.0},{"damage":6.0,"enemies":"Looter","floor":14.0,"turns":3.0},{"damage":20.0,"enemies":"Hexaghost","floor":16.0,"turns":13.0},{"damage":11.0,"enemies":"Chosen","floor":18.0,"turns":5.0},{"damage":6.0,"enemies":"3 Byrds","floor":22.0,"turns":4.0},{"damage":14.0,"enemies":"Snake Plant","floor":24.0,"turns":5.0},{"damage":20.0,"enemies":"3 Cultists","floor":27.0,"turns":5.0},{"damage":14.0,"enemies":"Centurion and Healer","floor":28.0,"turns":8.0},{"damage":17.0,"enemies":"Snake Plant","floor":29.0,"turns":4.0},{"damage":7.0,"enemies":"Sentry and Sphere","floor":31.0,"turns":6.0},{"damage":11.0,"enemies":"Champ","floor":33.0,"turns":9.0},{"damage":0.0,"enemies":"Orb Walker","floor":35.0,"turns":4.0},{"damage":46.0,"enemies":"3 Darklings","floor":38.0,"turns":6.0},{"damage":10.0,"enemies":"Jaw Worm Horde","floor":39.0,"turns":7.0},{"damage":37,"enemies":"Reptomancer","floor":40,"turns":3}],"seed_played":"373187653320282146","potions_obtained":[{"floor":1.0,"key":"GamblersBrew"},{"floor":2.0,"key":"EntropicBrew"},{"floor":18.0,"key":"PowerPotion"},{"floor":27.0,"key":"DistilledChaos"},{"floor":38.0,"key":"Dexterity Potion"}],"is_trial":false,"path_per_floor":["M","M","$","?","T","E","R","M","T","M","?","$","E","M","R","B",null,"M","?","$","?","M","R","M","?","T","M","M","M","?","M","R","B",null,"M","?","?","M","M","E"],"character_chosen":"DEFECT","items_purchased":["FTL","Seek"],"campfire_rested":0,"item_purchase_floors":[3,20],"current_hp_per_floor":[64,64,64,53,53,53,53,52,52,52,52,52,47,41,41,33,62,51,51,51,51,45,45,43,43,43,35,33,28,28,33,33,34,62,62,62,62,28,30,0,0],"gold":187,"neow_bonus":"THREE_ENEMY_KILL","is_daily":false,"chose_seed":false,"campfire_upgraded":4,"win_rate":0.0,"timestamp":1611115519,"path_taken":["M","M","$","?","?","E","R","M","T","M","?","$","E","?","R","BOSS","M","?","$","?","M","R","M","?","T","M","M","M","?","M","R","BOSS","M","?","?","M","M","E"],"items_purchased_type":["Card","Card"],"build_version":"2020-12-22","purchased_purges":2,"victory":false,"max_hp_per_floor":[71,71,71,71,71,71,71,71,71,71,71,71,71,71,71,71,71,71,71,71,71,71,71,71,71,71,71,71,71,71,71,71,71,71,71,71,71,71,71,71,71],"card_choices":[{"not_picked":["Melter","Rebound","Steam"],"picked":"SKIP","floor":1.0},{"not_picked":["Double Energy","Redo"],"picked":"Leap","floor":2.0},{"not_picked":["Undo","Scrape"],"picked":"Capacitor","floor":6.0},{"not_picked":["Buffer","Lockon"],"picked":"Cold Snap","floor":8.0},{"not_picked":["Redo","Gash"],"picked":"Glacier","floor":10.0},{"not_picked":["Beam Cell","Ball Lightning"],"picked":"Chaos","floor":13.0},{"not_picked":["Rip and Tear","Coolheaded"],"picked":"Conserve Battery","floor":14.0},{"not_picked":["All For One","Buffer"],"picked":"Creative AI","floor":16.0},{"not_picked":["Streamline","Beam Cell"],"picked":"Ball Lightning","floor":18.0},{"not_picked":["Streamline","Coolheaded"],"picked":"Barrage+1","floor":22.0},{"not_picked":["Redo","Gash","Auto Shields"],"picked":"SKIP","floor":24.0},{"not_picked":["Scrape","FTL"],"picked":"Compile Driver","floor":27.0},{"not_picked":["Reprogram","Hologram","Doom and Gloom"],"picked":"SKIP","floor":28.0},{"not_picked":["Reprogram","Doom and Gloom"],"picked":"Hologram","floor":28.0},{"not_picked":["Sweeping Beam","Streamline+1"],"picked":"Coolheaded+1","floor":29.0},{"not_picked":["Streamline","Undo"],"picked":"Defragment","floor":31.0},{"not_picked":["Seek","Hyperbeam"],"picked":"Meteor Strike","floor":33.0},{"not_picked":["Steam","Ball Lightning+1","Steam Power"],"picked":"SKIP","floor":35.0},{"not_picked":["HandOfGreed","Bandage Up"],"picked":"Master of Strategy","floor":36.0},{"not_picked":["Turbo","Darkness","Gash"],"picked":"SKIP","floor":38.0},{"not_picked":["Hologram","Steam"],"picked":"Go for the Eyes","floor":39}],"player_experience":981312,"relics_obtained":[{"floor":5.0,"key":"HornCleat"},{"floor":6.0,"key":"InkBottle"},{"floor":9.0,"key":"Bag of Marbles"},{"floor":13.0,"key":"PreservedInsect"},{"floor":26.0,"key":"Calipers"}],"event_choices":[{"damage_healed":0.0,"max_hp_gain":0.0,"max_hp_loss":0.0,"gold_gain":0.0,"event_name":"Scrap Ooze","player_choice":"Success","floor":4.0,"gold_loss":0.0,"damage_taken":11.0,"relics_obtained":["Meat on the Bone"]},{"cards_removed":["Defend_B"],"damage_healed":0.0,"max_hp_gain":0.0,"max_hp_loss":0.0,"gold_gain":0.0,"event_name":"Bonfire Elementals","player_choice":"Offered Basic","floor":11.0,"gold_loss":0.0,"damage_taken":0.0},{"damage_healed":0.0,"max_hp_gain":0.0,"max_hp_loss":0.0,"gold_gain":0.0,"event_name":"The Mausoleum","player_choice":"Ignored","floor":19.0,"gold_loss":0.0,"damage_taken":0.0},{"damage_healed":0.0,"max_hp_gain":0.0,"max_hp_loss":0.0,"gold_gain":50.0,"event_name":"Nest","player_choice":"Stole From Cult","floor":25.0,"gold_loss":0.0,"damage_taken":0.0},{"cards_removed":["Strike_B"],"damage_healed":0.0,"max_hp_gain":0.0,"max_hp_loss":0.0,"gold_gain":0.0,"event_name":"Designer","player_choice":"Upgrade and Remove","floor":30.0,"gold_loss":110.0,"damage_taken":0.0,"cards_upgraded":["Capacitor"]},{"damage_healed":0.0,"max_hp_gain":0.0,"max_hp_loss":0.0,"gold_gain":0.0,"event_name":"SensoryStone","player_choice":"Memory 1","floor":36.0,"gold_loss":0.0,"damage_taken":0.0},{"damage_healed":0.0,"max_hp_gain":0.0,"max_hp_loss":0.0,"gold_gain":50.0,"event_name":"Golden Shrine","player_choice":"Pray","floor":37.0,"gold_loss":0.0,"damage_taken":0.0}],"is_beta":false,"boss_relics":[{"not_picked":["Inserter","Tiny House"],"picked":"Philosopher\u0027s Stone"},{"not_picked":["Busted Crown","Pandora\u0027s Box"],"picked":"FrozenCore"}],"items_purged_floors":[3,12],"is_endless":false,"potions_floor_spawned":[1,2,6,13,18,27,38],"killed_by":"Reptomancer","ascension_level":20}}