{"host":"78azdv0oxplymbah","time":1611131308,"event":{"mods":["Aspiration","BaseMod","Better Third Choice","BetterRewards","Challenge The Spire","Conspire","Highlight Path","Mimic Mod","Minty Spire (QoL Compilation)","MostiFishMod","Quick Restart","Relic Stats","Remove Card Discount Mod","Replay The Spire","RumiaBox-露米娅的神秘盒子","Spicy Shops","StSLib","TestMod","The Administrix","The Servant 0.9.4","UnlockEverythingMod","Waifu the Spire","vexMod","【功能Mod】混沌之环修复补丁","【遗物卡牌】REMEMod"],"gold_per_floor":[121,135,149,6,24,164,195,233,233],"floor_reached":8,"language":"ZHS","playtime":516,"items_purged":["Wraith Form v2","DevaForm","FlawlessForm","Echo Form","Demon Form","AdministrixMod:Defend_Administrix","AdministrixMod:Defend_Administrix","AdministrixMod:Strike_Administrix","AdministrixMod:Strike_Administrix","AdministrixMod:Strike_Administrix"],"score":203,"play_id":"ba07dbc2-e867-4ea1-bf29-76c29bcd44da","local_time":"20210120162828","daily_mods":["Hoarder","Vintage","ControlledChaos","Colorless Cards","Heirloom","Time Dilation","Flight","Elite Swarm","Lethality"],"is_ascension_mode":false,"campfire_choices":[],"circlet_count":0,"master_deck":["AdministrixMod:Strike_Administrix","AdministrixMod:RedCloak","AdministrixMod:Defend_Administrix","AdministrixMod:Defend_Administrix","AdministrixMod:BlueCloak","REME_WheelOfFate","REME_WheelOfFate","REME_WheelOfFate","MostiFishMod:ButterFly","MostiFishMod:ButterFly","MostiFishMod:ButterFly","Discovery","Discovery","Discovery","MostiFishMod:KingOfFree","MostiFishMod:KingOfFree","MostiFishMod:KingOfFree"],"relics":["Unceasing Top","DaveBox","Ring of Chaos","replay:Trail_Library","REME_ComplimentaryCards","testmod-TestBox","testmod-Prudence","BirthdayGift-Icosahedron","FossilizedHelix","vexMod:BarristanHead","Baka","SynthV:TestCard","Divine Protection","testmod-TheFather","ReplayTheSpireMod:ShopPack","Ccalipers","vexMod:RedPlottingStone","Boot","MagicDraw4","REME_PuzzleBoxRelic"],"acts_visited":["Exordium"],"potions_floor_usage":[],"damage_taken":[{"damage":0,"enemies":"2 Louse","floor":1,"turns":2},{"damage":0,"enemies":"Cultist","floor":2,"turns":2},{"damage":0,"enemies":"Small Slimes","floor":3,"turns":2},{"damage":0,"enemies":"Looter","floor":5,"turns":1},{"damage":0,"enemies":"3 Sentries","floor":6,"turns":2},{"damage":0,"enemies":"Gremlin Nob","floor":7,"turns":1},{"damage":0,"enemies":"3 Sentries","floor":8,"turns":1}],"seed_played":"-8064983574132244567","potions_obtained":[{"floor":2,"key":"SkillPotion"},{"floor":5,"key":"Elixir"},{"floor":7,"key":"ColorlessPotion"}],"is_trial":true,"path_per_floor":["M","M","M","$","M","E","E","E"],"character_chosen":"TheAdministrix","items_purchased":["ReplayTheSpireMod:ShopPack"],"campfire_rested":0,"item_purchase_floors":[4],"current_hp_per_floor":[65,66,67,67,68,73,74,79,79],"gold":233,"neow_bonus":"","is_daily":false,"chose_seed":false,"campfire_upgraded":0,"win_rate":0.0,"timestamp":1611131308,"path_taken":["M","M","M","$","M","E","E","E"],"items_purchased_type":["Relic"],"build_version":"2020-12-22","purchased_purges":10,"victory":false,"max_hp_per_floor":[65,95,95,95,95,95,95,95,95],"relic_stats":{"counters":[7,11],"Boot":[8],"obtain_stats":[{"Divine Protection":2,"testmod-TestBox":0,"DaveBox":0,"Ring of Chaos":0,"BirthdayGift-Icosahedron":0,"Baka":1,"MagicDraw4":7,"Boot":7,"testmod-Prudence":0,"vexMod:BarristanHead":1,"SynthV:TestCard":1,"Ccalipers":5,"vexMod:RedPlottingStone":6,"testmod-TheFather":3,"REME_PuzzleBoxRelic":8,"Unceasing Top":0,"FossilizedHelix":0,"replay:Trail_Library":0,"REME_ComplimentaryCards":0,"ReplayTheSpireMod:ShopPack":4},{"Divine Protection":2,"testmod-TestBox":0,"DaveBox":0,"Ring of Chaos":0,"BirthdayGift-Icosahedron":0,"Baka":1,"MagicDraw4":6,"Boot":6,"testmod-Prudence":0,"vexMod:BarristanHead":1,"SynthV:TestCard":1,"Ccalipers":4,"vexMod:RedPlottingStone":5,"testmod-TheFather":3,"REME_PuzzleBoxRelic":7,"Unceasing Top":0,"FossilizedHelix":0,"replay:Trail_Library":0,"REME_ComplimentaryCards":0,"ReplayTheSpireMod:ShopPack":3},{"Divine Protection":4,"testmod-TestBox":0,"DaveBox":0,"Ring of Chaos":0,"BirthdayGift-Icosahedron":0,"Baka":2,"MagicDraw4":10,"Boot":10,"testmod-Prudence":0,"vexMod:BarristanHead":2,"SynthV:TestCard":2,"Ccalipers":7,"vexMod:RedPlottingStone":9,"testmod-TheFather":6,"REME_PuzzleBoxRelic":11,"Unceasing Top":0,"FossilizedHelix":0,"replay:Trail_Library":0,"REME_ComplimentaryCards":0,"ReplayTheSpireMod:ShopPack":6}],"Unceasing Top":[0]},"card_choices":[{"not_picked":["testmod-Recap","testmod-Dream","testmod-CardIndex","testmod-DisillusionmentEcho"],"picked":"REME_WheelOfFate","floor":4},{"not_picked":["testmod-RabbitOfFibonacci","testmod-LifeRuler","Bandage Up","MostiFishMod:TheLastGuard"],"picked":"MostiFishMod:ButterFly","floor":4},{"not_picked":["Deep Breath","ReplayTheSpireMod:Trickstab","MostiFishMod:Galeforce","Replay:Parry"],"picked":"Discovery","floor":4},{"not_picked":["testmod-DisillusionmentEcho","Metamorphosis","AdministrixMod:GirlsDoItBetter","testmod-TradeIn","AdministrixMod:BrewingCloister"],"picked":"SKIP","floor":6},{"not_picked":["AdministrixMod:TenDesires","testmod-AssimilatedRune","testmod-TaurusBlackCat","testmod-TreasureHunter"],"picked":"MostiFishMod:KingOfFree","floor":7},{"not_picked":["MostiFishMod:OneDayCity","MostiFishMod:ElfcollectionBox","AdministrixMod:CosmosControl","AdministrixMod:Mastermind","AdministrixMod:HopeInTheDark"],"picked":"SKIP","floor":8}],"player_experience":44658,"relics_obtained":[{"floor":1,"key":"vexMod:BarristanHead"},{"floor":1,"key":"Baka"},{"floor":1,"key":"SynthV:TestCard"},{"floor":2,"key":"Divine Protection"},{"floor":3,"key":"testmod-TheFather"},{"floor":5,"key":"Ccalipers"},{"floor":6,"key":"vexMod:RedPlottingStone"},{"floor":7,"key":"MagicDraw4"},{"floor":8,"key":"REME_PuzzleBoxRelic"}],"event_choices":[],"is_beta":false,"boss_relics":[],"items_purged_floors":[4,4,4,4,4,4,4,4,4,4],"is_endless":true,"potions_floor_spawned":[2,5,7,8],"killed_by":"3 Sentries","ascension_level":0}}