{"host":"40vzoph344nwp0en","time":1611147614,"event":{"mods":["2.2 Compatiblity","BaseMod","Bestiary","Challenge The Spire","Colored Map","GifTheSpireLib","Highlight Path","Infinite Spire","Minty Spire (QoL Compilation)","Potionbrewer","Relic Sorter","Replay The Spire","StSLib","SuperFastMode","Wandering Minibosses"],"gold_per_floor":[100118,100135,99138,99150,99160,99185,99185,99204,99284,98516,98531,98542,98558,98585,98585,98681,98681,98691,98701,97734,97734,97100,97100,97100,97111,97111,97111,97127,97127,97140,97151,97151,97253,97253,97253],"floor_reached":34,"language":"ENG","playtime":2133,"items_purged":["Defend_G","Strike_G","Strike_G","Defend_G","Strike_G"],"score":493,"play_id":"f4fe56b0-ee5d-4daa-800c-4419449de60f","local_time":"20210120060014","is_ascension_mode":false,"campfire_choices":[{"data":"Mayhem","floor":7,"key":"SMITH"},{"data":"Distraction","floor":15,"key":"SMITH"},{"data":"Apotheosis","floor":23,"key":"SMITH"},{"data":"Infinite Blades","floor":32,"key":"SMITH"}],"circlet_count":0,"master_deck":["Strike_G","Strike_G","Defend_G","Defend_G","Defend_G","Survivor","Neutralize","Deflect","Sucker Punch","Skewer","Skewer","Backflip","Mayhem+1","Blade Dance","Calculated Gamble","Heel Hook","Leg Sweep","Distraction+1","PiercingWail","Dagger Spray","Venomology","Corpse Explosion","Prepared","Finisher","Infinite Blades+1","Apotheosis+1","Sickly","Accuracy","Die Die Die","Choke","Infinite Blades+1","Envenom"],"relics":["ReplayTheSpireMod:DimensionalGlitch","Tiny Chest","Strange Spoon","potionbrewer:ToyAutogyro","Ginger","Matryoshka","The Specimen","Turnip","Pocketwatch","HoveringKite","Boot","potionbrewer:MortarAndPestle","TheAbacus","Ring of Peace","Ring of Fangs","infinitespire:WardingShard","Ancient Tea Set","Replay:Ringing Soul","Toy Ornithopter","infinitespire:Lucky Rock","Toolbox","Philosopher\u0027s Stone"],"acts_visited":["Exordium","TheCity","TheBeyond"],"potions_floor_usage":[6,12,16,16,19,19,19,25,25,28,28,33,33,33,33,33],"damage_taken":[{"damage":0,"enemies":"Small Slimes","floor":1,"turns":5},{"damage":0,"enemies":"Cultist","floor":2,"turns":5},{"damage":0,"enemies":"Jaw Worm","floor":4,"turns":4},{"damage":0,"enemies":"Exordium Wildlife","floor":5,"turns":3},{"damage":11,"enemies":"Lagavulin","floor":6,"turns":6},{"damage":10,"enemies":"2 Fungi Beasts","floor":8,"turns":3},{"damage":4,"enemies":"Blue Slaver","floor":11,"turns":3},{"damage":0,"enemies":"3 Louse","floor":12,"turns":3},{"damage":0,"enemies":"Looter","floor":13,"turns":2},{"damage":15,"enemies":"Replay:BlueRogue","floor":14,"turns":6},{"damage":0,"enemies":"Slime Boss","floor":16,"turns":7},{"damage":7,"enemies":"3 Byrds","floor":18,"turns":4},{"damage":3,"enemies":"2 Thieves","floor":19,"turns":4},{"damage":0,"enemies":"Centurion and Healer","floor":25,"turns":6},{"damage":4,"enemies":"Chosen and Byrds","floor":28,"turns":4},{"damage":1,"enemies":"Sentry and Sphere","floor":30,"turns":6},{"damage":2,"enemies":"Shelled Parasite and Fungi","floor":31,"turns":5},{"damage":12,"enemies":"Champ","floor":33,"turns":9}],"seed_played":"-3826457109385925798","potions_obtained":[{"floor":2,"key":"SkillPotion"},{"floor":8,"key":"Adrenaline Potion"},{"floor":12,"key":"Fire Potion"},{"floor":13,"key":"Flashbang"},{"floor":25,"key":"Adrenaline Potion"},{"floor":28,"key":"Weak Potion"}],"is_trial":false,"path_per_floor":["M","M","$","M","M","E","R","M","T","$","M","M","M","E","R","B",null,"M","M","$","?","$","R","?","M","T","T","M","AVR","M","M","R","B",null],"character_chosen":"THE_SILENT","items_purchased":["Tiny Chest","Strange Spoon","Sucker Punch","Skewer","Backflip","potionbrewer:ToyAutogyro","Regen Potion","Dexterity Potion","Mayhem","The Specimen","Turnip","Distraction","Boot","potionbrewer:MortarAndPestle","TheAbacus","Infinite Blades+1","Apotheosis","Fire Potion","infinitespire:WardingShard","Ancient Tea Set","Accuracy"],"campfire_rested":0,"item_purchase_floors":[3,3,3,3,3,3,3,3,3,10,10,10,20,20,20,20,20,20,22,22,22],"current_hp_per_floor":[70,70,70,70,70,59,59,49,49,49,45,45,45,30,30,30,70,63,60,60,60,60,60,60,65,65,65,67,67,66,67,67,64,76,76],"gold":97253,"neow_bonus":"BOSS_RELIC","is_daily":false,"chose_seed":false,"campfire_upgraded":4,"win_rate":0.0,"timestamp":1611147614,"path_taken":["M","M","$","M","M","E","R","M","T","$","M","M","M","E","R","BOSS","M","M","$","?","?","R","?","M","T","?","M","AVR","M","M","R","BOSS"],"items_purchased_type":["Relic","Relic","Card","Card","Card","Relic","Potion","Potion","Card","Relic","Relic","Card","Relic","Relic","Relic","Card","Card","Potion","Relic","Relic","Card"],"build_version":"2020-12-22","purchased_purges":5,"victory":false,"max_hp_per_floor":[70,70,70,70,70,70,70,70,70,70,70,70,70,70,70,70,70,70,70,70,70,70,70,70,70,70,70,70,70,70,73,73,76,76,76],"card_choices":[{"not_picked":["Dagger Throw","Deadly Poison"],"picked":"Deflect","floor":1},{"not_picked":["Catalyst","Acrobatics","Bane"],"picked":"SKIP","floor":2},{"not_picked":["Tactician","Flying Knee"],"picked":"Blade Dance","floor":4},{"not_picked":["Quick Slash","ReplayTheSpireMod:Tripwire"],"picked":"Calculated Gamble","floor":5},{"not_picked":["Doppelganger","Poisoned Stab"],"picked":"Heel Hook","floor":6},{"not_picked":["Flying Knee","Dagger Throw"],"picked":"Leg Sweep","floor":8},{"not_picked":["Quick Slash","Slice","Underhanded Strike"],"picked":"SKIP","floor":11},{"not_picked":["Backflip","Tactician"],"picked":"PiercingWail","floor":12},{"not_picked":["Deflect","Sneak Up"],"picked":"Dagger Spray","floor":13},{"not_picked":["Infinite Blades","Bane"],"picked":"Venomology","floor":14},{"not_picked":["Wraith Form v2","ReplayTheSpireMod:Necrosis"],"picked":"Corpse Explosion","floor":16},{"not_picked":["Blade Dance","Flying Knee"],"picked":"Prepared","floor":18},{"not_picked":["Flying Knee","Bouncing Flask+1"],"picked":"Finisher","floor":19},{"not_picked":["Prepared","Tactician"],"picked":"Choke","floor":25},{"not_picked":["Cloak And Dagger","Corpse Explosion","Underhanded Strike+1"],"picked":"SKIP","floor":28},{"not_picked":["Backflip","Hidden Blade","Sucker Punch"],"picked":"SKIP","floor":30},{"not_picked":["Dagger Spray","Finisher"],"picked":"Infinite Blades","floor":31},{"not_picked":["Adrenaline","infinitespire:Neurotoxin"],"picked":"Envenom","floor":33}],"player_experience":376800,"relics_obtained":[{"floor":6,"key":"Ginger"},{"floor":9,"key":"Matryoshka"},{"floor":14,"key":"Pocketwatch"},{"floor":21,"key":"Ring of Peace"},{"floor":21,"key":"Ring of Fangs"},{"floor":26,"key":"Replay:Ringing Soul"},{"floor":27,"key":"Toy Ornithopter"},{"floor":27,"key":"infinitespire:Lucky Rock"}],"event_choices":[{"damage_healed":0,"gold_gain":0,"player_choice":"Read","damage_taken":0,"max_hp_gain":0,"max_hp_loss":0,"event_name":"The Library","floor":24,"gold_loss":0,"cards_obtained":["Die Die Die"]}],"is_beta":false,"boss_relics":[{"not_picked":["ReplayTheSpireMod:SealedPack","Tiny House"],"picked":"HoveringKite"},{"not_picked":["Abe\u0027s Treasure","SlaversCollar"],"picked":"Philosopher\u0027s Stone"}],"items_purged_floors":[3,10,20,22,29],"is_endless":false,"potions_floor_spawned":[2,8,11,12,13,14,25,28,31],"ascension_level":0}}