{"host":"fmb9x04chdot191d","time":1611181490,"event":{"mods":["2.2 Compatiblity","AchievementEnabler","BaseMod","Downfall","Hermit","Highlight Path","Marisa（霧雨　魔理沙）","Minty Spire (QoL Compilation)","Quick Restart","Rare Cards Sparkle","StSLib","The Cursed"],"gold_per_floor":[17,17,29,29,41,72,72,72,72,83,114,39,58,68,68,173,173,187,28,28,43,55,55,80,80,80],"floor_reached":25,"language":"ENG","playtime":1466,"items_purged":["Defend_R"],"score":233,"play_id":"cbde5f68-4290-4d7d-bffb-dbd89b2b672c","local_time":"20210121112450","is_ascension_mode":false,"campfire_choices":[{"data":"Perfected Strike","floor":7.0,"key":"SMITH"},{"floor":15.0,"key":"REST"},{"floor":23,"key":"REST"}],"circlet_count":0,"master_deck":["Strike_R","Strike_R","Strike_R","Strike_R","Defend_R","Defend_R","Defend_R","Bash","Secret Weapon","Perfected Strike+1","Pommel Strike","Twin Strike","Metallicize","Seeing Red","Demon Form","Dual Wield+1","Double Tap","Twin Strike","Writhe","Perfected Strike","Flex"],"relics":["Burning Blood","White Beast Statue","Mummified Hand","Bird Faced Urn","SlaversCollar","Kunai","Pocketwatch"],"acts_visited":["Exordium","TheCity"],"potions_floor_usage":[21],"damage_taken":[{"damage":6.0,"enemies":"Small Slimes","floor":1.0,"turns":5.0},{"damage":1.0,"enemies":"Jaw Worm","floor":3.0,"turns":5.0},{"damage":0.0,"enemies":"2 Louse","floor":5.0,"turns":2.0},{"damage":27.0,"enemies":"Gremlin Nob","floor":6.0,"turns":4.0},{"damage":5.0,"enemies":"Looter","floor":10.0,"turns":3.0},{"damage":22.0,"enemies":"3 Sentries","floor":11.0,"turns":8.0},{"damage":15.0,"enemies":"Exordium Thugs","floor":13.0,"turns":3.0},{"damage":10.0,"enemies":"Lots of Slimes","floor":14.0,"turns":4.0},{"damage":17.0,"enemies":"Slime Boss","floor":16.0,"turns":9.0},{"damage":28.0,"enemies":"3 Byrds","floor":18.0,"turns":5.0},{"damage":30,"enemies":"Spheric Guardian","floor":21,"turns":4},{"damage":31,"enemies":"Centurion and Healer","floor":22,"turns":5},{"damage":41,"enemies":"Book of Stabbing","floor":24,"turns":4},{"damage":0,"enemies":"Cultist and Chosen","floor":25,"turns":1}],"seed_played":"-4270845372607116156","potions_obtained":[{"floor":5.0,"key":"Swift Potion"},{"floor":10.0,"key":"Swift Potion"},{"floor":11.0,"key":"Dexterity Potion"},{"floor":13.0,"key":"DuplicationPotion"},{"floor":16.0,"key":"SkillPotion"},{"floor":21,"key":"PowerPotion"}],"is_trial":false,"path_per_floor":["M","?","M","?","M","E","R","$","T","M","E","$","M","M","R","B",null,"M","$","?","M","M","R","E","M"],"character_chosen":"IRONCLAD","items_purchased":["Double Tap","Twin Strike"],"campfire_rested":2,"item_purchase_floors":[19,19],"current_hp_per_floor":[80,80,80,85,85,64,64,64,64,65,49,49,40,38,63,54,85,63,63,63,39,18,43,12,12,12],"gold":80,"neow_bonus":"RANDOM_COLORLESS_2","is_daily":false,"chose_seed":false,"campfire_upgraded":1,"win_rate":0.0,"timestamp":1611181490,"path_taken":["M","?","M","?","M","E","R","$","T","M","E","?","M","M","R","BOSS","M","$","?","M","M","R","E","M"],"items_purchased_type":["Card","Card"],"build_version":"2020-12-22","purchased_purges":1,"victory":false,"max_hp_per_floor":[80,80,80,85,85,85,85,85,85,85,85,85,85,85,85,85,85,85,85,85,85,85,85,85,85,85],"card_choices":[{"not_picked":["Panache","Sadistic Nature"],"picked":"Secret Weapon","floor":0.0},{"not_picked":["Intimidate","Twin Strike"],"picked":"Perfected Strike","floor":1.0},{"not_picked":["Flex","Thunderclap"],"picked":"Pommel Strike","floor":3.0},{"not_picked":["True Grit","Feel No Pain","Burning Pact"],"picked":"SKIP","floor":5.0},{"not_picked":["Feel No Pain","Anger"],"picked":"Twin Strike","floor":6.0},{"not_picked":["Rupture","Body Slam","Uppercut"],"picked":"SKIP","floor":10.0},{"not_picked":["Sever Soul","Shockwave","Clash"],"picked":"SKIP","floor":11.0},{"not_picked":["Cleave","Blood for Blood"],"picked":"Metallicize","floor":13.0},{"not_picked":["Body Slam","Disarm"],"picked":"Seeing Red","floor":14.0},{"not_picked":["Corruption","Juggernaut"],"picked":"Demon Form","floor":16.0},{"not_picked":["Thunderclap+1","Shockwave"],"picked":"Dual Wield+1","floor":18.0},{"not_picked":["Sword Boomerang+1","Heavy Blade+1"],"picked":"Perfected Strike","floor":21},{"not_picked":["Iron Wave","Anger","Feel No Pain"],"picked":"SKIP","floor":22},{"not_picked":["True Grit","Metallicize"],"picked":"Flex","floor":24}],"player_experience":10290,"relics_obtained":[{"floor":6.0,"key":"White Beast Statue"},{"floor":9.0,"key":"Mummified Hand"},{"floor":11.0,"key":"Bird Faced Urn"},{"floor":24,"key":"Pocketwatch"}],"event_choices":[{"cards_removed":["Strike_R"],"damage_healed":0.0,"max_hp_gain":0.0,"max_hp_loss":0.0,"gold_gain":0.0,"event_name":"Living Wall","player_choice":"Forget","floor":2.0,"gold_loss":0.0,"damage_taken":0.0},{"damage_healed":0.0,"max_hp_gain":5.0,"max_hp_loss":0.0,"gold_gain":0.0,"event_name":"Big Fish","player_choice":"Donut","floor":4.0,"gold_loss":0.0,"damage_taken":0.0},{"damage_healed":0.0,"max_hp_gain":0.0,"max_hp_loss":0.0,"gold_gain":0.0,"event_name":"The Mausoleum","player_choice":"Opened","floor":20.0,"gold_loss":0.0,"damage_taken":0.0,"relics_obtained":["Kunai"],"cards_obtained":["Writhe"]}],"is_beta":false,"boss_relics":[{"not_picked":["Black Star","Mark of Pain"],"picked":"SlaversCollar"}],"items_purged_floors":[12],"is_endless":false,"potions_floor_spawned":[5,10,11,13,14,16,18,21,22,24],"killed_by":"Cultist and Chosen","ascension_level":0}}