{"host":"foq4mrde4mssg7vt","time":1611133109,"event":{"mods":["AchievementEnabler","BaseMod","Colored Map","Colored Powertips","Highlight Path","Minty Spire (QoL Compilation)","Relic Stats","everything is the same but u backflip on backflip"],"gold_per_floor":[110,122,122,137,32,32,61,81,81,94,94,122,122,134,134,213,213,231,231,231,247,11,11,11,24,24,24,54,54,85,85,85,85,85],"floor_reached":33,"language":"ENG","playtime":1049,"items_purged":["Strike_R"],"score":571,"play_id":"4e6b190e-68c2-403e-a6b7-e3ea29039d9c","local_time":"20210120165829","is_ascension_mode":true,"campfire_choices":[{"data":"Bash","floor":6.0,"key":"SMITH"},{"data":"Uppercut","floor":11.0,"key":"SMITH"},{"data":"True Grit","floor":13.0,"key":"SMITH"},{"data":"Shockwave","floor":15.0,"key":"SMITH"},{"data":"Whirlwind","floor":23.0,"key":"SMITH"},{"data":"Flame Barrier","floor":27.0,"key":"SMITH"},{"data":"Fiend Fire","floor":29.0,"key":"SMITH"},{"data":"Second Wind","floor":32.0,"key":"SMITH"}],"circlet_count":0,"master_deck":["AscendersBane","Strike_R+1","Strike_R+1","Defend_R","Defend_R","Defend_R","Defend_R","Bash+1","True Grit+1","Sword Boomerang","Whirlwind+1","Iron Wave","Shrug It Off+1","Shockwave+1","Anger","Uppercut+1","Second Wind+1","Offering","Flame Barrier+1","Warcry+1","Fiend Fire+1","Battle Trance","Spot Weakness","Dropkick","Corruption"],"relics":["Burning Blood","Whetstone","Torii","StrikeDummy","Darkstone Periapt","Velvet Choker","Chemical X","Question Card","War Paint","Kunai"],"acts_visited":["TheCity"],"potions_floor_usage":[],"damage_taken":[{"damage":1.0,"enemies":"2 Louse","floor":1.0,"turns":3.0},{"damage":1.0,"enemies":"Cultist","floor":2.0,"turns":3.0},{"damage":16.0,"enemies":"Small Slimes","floor":4.0,"turns":4.0},{"damage":24.0,"enemies":"Lagavulin","floor":7.0,"turns":7.0},{"damage":9.0,"enemies":"Exordium Wildlife","floor":8.0,"turns":5.0},{"damage":4.0,"enemies":"Gremlin Gang","floor":10.0,"turns":5.0},{"damage":13.0,"enemies":"3 Sentries","floor":12.0,"turns":7.0},{"damage":9.0,"enemies":"3 Louse","floor":14.0,"turns":4.0},{"damage":23.0,"enemies":"Hexaghost","floor":16.0,"turns":9.0},{"damage":15.0,"enemies":"2 Thieves","floor":18.0,"turns":2.0},{"damage":6.0,"enemies":"Chosen","floor":21.0,"turns":2.0},{"damage":1.0,"enemies":"Snecko","floor":25.0,"turns":5.0},{"damage":18.0,"enemies":"Book of Stabbing","floor":28.0,"turns":5.0},{"damage":28.0,"enemies":"Gremlin Leader","floor":30.0,"turns":4.0},{"damage":32,"enemies":"Collector","floor":33,"turns":5}],"seed_played":"823652723139379381","potions_obtained":[{"floor":1.0,"key":"LiquidBronze"},{"floor":4.0,"key":"BlessingOfTheForge"},{"floor":16.0,"key":"Block Potion"},{"floor":18.0,"key":"Fire Potion"},{"floor":28.0,"key":"Strength Potion"}],"is_trial":false,"path_per_floor":["M","M","$","M","$","R","E","M","T","M","R","E","R","M","R","B",null,"M","?","?","M","$","R","?","M","T","R","E","R","E","?","R","B"],"character_chosen":"IRONCLAD","items_purchased":["Iron Wave","Shrug It Off","Chemical X"],"campfire_rested":0,"item_purchase_floors":[5,5,22],"current_hp_per_floor":[73,75,75,65,65,65,47,44,44,46,46,39,39,36,36,19,61,52,52,52,52,52,52,46,51,51,51,39,39,17,32,32,0,0],"gold":85,"neow_bonus":"RANDOM_COMMON_RELIC","is_daily":false,"chose_seed":false,"campfire_upgraded":8,"win_rate":0.0,"timestamp":1611133109,"path_taken":["M","M","$","M","$","R","E","M","T","M","R","E","R","M","R","BOSS","M","?","?","M","$","R","?","?","T","R","E","R","E","?","R","BOSS"],"items_purchased_type":["Card","Card","Relic"],"build_version":"2020-12-22","purchased_purges":1,"victory":false,"max_hp_per_floor":[75,75,75,75,75,75,75,75,75,75,75,75,75,75,75,75,75,75,75,75,75,75,75,75,75,75,75,75,75,75,75,75,75,75],"relic_stats":{"Darkstone Periapt":0,"Torii":44,"counters":[15,70],"Whetstone":["Strike_R","Strike_R"],"Chemical X":[3],"Kunai":[1],"War Paint":["Shrug It Off","Warcry"],"Question Card":2,"obtain_stats":[{"Darkstone Periapt":12,"Torii":7,"Velvet Choker":17,"Whetstone":0,"Chemical X":22,"Kunai":30,"War Paint":28,"StrikeDummy":9,"Question Card":26,"Burning Blood":0},{"Darkstone Periapt":7,"Torii":4,"Velvet Choker":9,"Whetstone":0,"Chemical X":11,"Kunai":14,"War Paint":13,"StrikeDummy":5,"Question Card":12,"Burning Blood":0},{"Darkstone Periapt":34,"Torii":17,"Velvet Choker":47,"Whetstone":0,"Chemical X":51,"Kunai":65,"War Paint":61,"StrikeDummy":22,"Question Card":56,"Burning Blood":0}],"Burning Blood":81},"card_choices":[{"not_picked":["Power Through","Wild Strike"],"picked":"True Grit","floor":1.0},{"not_picked":["Havoc","Perfected Strike"],"picked":"Sword Boomerang","floor":2.0},{"not_picked":["Reckless Charge","Ghostly Armor"],"picked":"Whirlwind","floor":4.0},{"not_picked":["Carnage","Infernal Blade"],"picked":"Shockwave","floor":7.0},{"not_picked":["Sword Boomerang","Armaments"],"picked":"Anger","floor":8.0},{"not_picked":["Bloodletting","Warcry"],"picked":"Uppercut","floor":10.0},{"not_picked":["Whirlwind","Flex","Havoc"],"picked":"SKIP","floor":12.0},{"not_picked":["Armaments","Clothesline"],"picked":"Second Wind","floor":14.0},{"not_picked":["Impervious","Double Tap"],"picked":"Offering","floor":16.0},{"not_picked":["Perfected Strike","Cleave"],"picked":"Flame Barrier","floor":18.0},{"not_picked":["Rupture","Evolve"],"picked":"Battle Trance","floor":21.0},{"not_picked":["Flex","Body Slam+1"],"picked":"Spot Weakness","floor":25.0},{"not_picked":["Fire Breathing","Infernal Blade+1","Intimidate"],"picked":"Dropkick","floor":28.0},{"not_picked":["Seeing Red","Rampage","Combust"],"picked":"Corruption","floor":30.0}],"player_experience":500367,"relics_obtained":[{"floor":7.0,"key":"Torii"},{"floor":9.0,"key":"StrikeDummy"},{"floor":12.0,"key":"Darkstone Periapt"},{"floor":26.0,"key":"Question Card"},{"floor":28.0,"key":"War Paint"},{"floor":30.0,"key":"Kunai"}],"event_choices":[{"damage_healed":0.0,"max_hp_gain":0.0,"max_hp_loss":0.0,"gold_gain":0.0,"event_name":"Vampires","player_choice":"Ignored","floor":19.0,"gold_loss":0.0,"damage_taken":0.0},{"damage_healed":0.0,"max_hp_gain":0.0,"max_hp_loss":0.0,"gold_gain":0.0,"cards_transformed":["Strike_R","Strike_R"],"event_name":"Drug Dealer","player_choice":"Became Test Subject","floor":20.0,"gold_loss":0.0,"damage_taken":0.0,"cards_obtained":["Warcry","Fiend Fire"]},{"damage_healed":0.0,"max_hp_gain":0.0,"max_hp_loss":0.0,"gold_gain":0.0,"event_name":"Knowing Skull","player_choice":"","floor":24.0,"potions_obtained":[],"gold_loss":0.0,"damage_taken":6.0,"cards_obtained":[]},{"damage_healed":15.0,"max_hp_gain":0.0,"max_hp_loss":0.0,"gold_gain":0.0,"event_name":"The Library","player_choice":"Heal","floor":31.0,"gold_loss":0.0,"damage_taken":0.0}],"is_beta":false,"boss_relics":[{"not_picked":["Calling Bell","Busted Crown"],"picked":"Velvet Choker"}],"items_purged_floors":[22],"is_endless":false,"potions_floor_spawned":[1,4,16,18,28,30],"killed_by":"Collector","ascension_level":19}}