{"host":"f0gpob8hq9vgebej","time":1611161525,"event":{"mods":["AchievementEnabler","BaseMod","Minty Spire (QoL Compilation)","Quick Restart","SuperFastMode"],"gold_per_floor":[117,130,130,146,163,163,190,190,190,23,41,57,76,151,151,151,151],"floor_reached":16,"language":"KOR","playtime":250,"items_purged":["Strike_R"],"score":166,"play_id":"07b87458-8724-4b7c-8fd3-c09e895de20b","local_time":"20210121015205","is_ascension_mode":true,"campfire_choices":[{"data":"Fire Breathing","floor":6,"key":"SMITH"},{"data":"Wild Strike","floor":8,"key":"SMITH"},{"data":"Feel No Pain","floor":15,"key":"SMITH"}],"circlet_count":0,"master_deck":["AscendersBane","Strike_R","Strike_R","Strike_R","Defend_R","Defend_R","Defend_R","Bash","Entrench","Sever Soul","Fire Breathing+1","Pommel Strike","Reckless Charge","Wild Strike+1","Evolve","Shrug It Off","Feel No Pain+1"],"relics":["Burning Blood","Gremlin Horn","Ornamental Fan"],"acts_visited":["Exordium"],"potions_floor_usage":[7,16,16],"damage_taken":[{"damage":5,"enemies":"2 Louse","floor":1,"turns":2},{"damage":1,"enemies":"Cultist","floor":2,"turns":3},{"damage":0,"enemies":"Small Slimes","floor":4,"turns":3},{"damage":13,"enemies":"Blue Slaver","floor":5,"turns":3},{"damage":16,"enemies":"Gremlin Nob","floor":7,"turns":3},{"damage":12,"enemies":"Large Slime","floor":11,"turns":4},{"damage":12,"enemies":"Looter","floor":12,"turns":3},{"damage":12,"enemies":"3 Louse","floor":13,"turns":3},{"damage":33,"enemies":"The Guardian","floor":16,"turns":10}],"seed_played":"-8496150270824312280","potions_obtained":[{"floor":1,"key":"Ancient Potion"},{"floor":4,"key":"SteroidPotion"},{"floor":7,"key":"LiquidMemories"},{"floor":12,"key":"BloodPotion"}],"is_trial":false,"path_per_floor":["M","M","?","M","M","R","E","R","T","$","M","M","M","?","R","B"],"character_chosen":"IRONCLAD","items_purchased":["Evolve","Shrug It Off"],"campfire_rested":0,"item_purchase_floors":[10,10],"current_hp_per_floor":[52,57,57,63,56,56,46,46,46,46,40,34,28,20,20,3,3],"gold":151,"neow_bonus":"TRANSFORM_TWO_CARDS","is_daily":false,"chose_seed":false,"campfire_upgraded":3,"win_rate":0.0,"timestamp":1611161525,"path_taken":["M","M","?","M","?","R","E","R","T","?","M","M","M","?","R","BOSS"],"items_purchased_type":["Card","Card"],"build_version":"2020-12-22","purchased_purges":1,"victory":false,"max_hp_per_floor":[80,80,80,80,80,80,80,80,80,80,80,80,80,80,80,80,80],"card_choices":[{"not_picked":["Dropkick","Havoc"],"picked":"Fire Breathing","floor":1},{"not_picked":["Power Through","Twin Strike"],"picked":"Pommel Strike","floor":2},{"not_picked":["Havoc","Thunderclap"],"picked":"Reckless Charge","floor":4},{"not_picked":["Warcry","Hemokinesis","Intimidate"],"picked":"SKIP","floor":5},{"not_picked":["Ghostly Armor","Disarm"],"picked":"Wild Strike","floor":7},{"not_picked":["Pommel Strike","Havoc","Dual Wield"],"picked":"SKIP","floor":11},{"not_picked":["Ghostly Armor","Clothesline","Thunderclap"],"picked":"SKIP","floor":12},{"not_picked":["Iron Wave","Whirlwind"],"picked":"Feel No Pain","floor":13}],"player_experience":185710,"relics_obtained":[{"floor":7,"key":"Gremlin Horn"},{"floor":9,"key":"Ornamental Fan"}],"event_choices":[{"damage_healed":0,"gold_gain":0,"player_choice":"Bought 0 Potions","damage_taken":0,"max_hp_gain":0,"max_hp_loss":0,"event_name":"The Woman in Blue","floor":3,"gold_loss":0},{"damage_healed":0,"gold_gain":75,"player_choice":"Touch","damage_taken":8,"max_hp_gain":0,"max_hp_loss":0,"event_name":"FaceTrader","floor":14,"gold_loss":0}],"is_beta":false,"boss_relics":[],"items_purged_floors":[10],"is_endless":false,"potions_floor_spawned":[1,4,7,12],"killed_by":"The Guardian","ascension_level":12}}