{"host":"xetj7e4h1njmphhb","time":1611114146,"event":{"mods":["BaseMod","Minty Spire (QoL Compilation)","SuperFastMode"],"gold_per_floor":[118,118,293,293,305,305,336,33,103,25,56,73,73,93,93,188,188,208,191,53,53,53,53,53,53],"floor_reached":24,"language":"ENG","playtime":1199,"items_purged":[],"score":202,"play_id":"2bc36246-ca3c-480a-bfb9-a233803fa465","local_time":"20210119224226","is_ascension_mode":false,"campfire_choices":[{"floor":6,"key":"REST"},{"floor":13,"key":"REST"},{"floor":15,"key":"REST"},{"floor":23,"key":"REST"}],"circlet_count":0,"master_deck":["Strike_B","Strike_B","Strike_B","Strike_B","Defend_B","Defend_B","Defend_B","Defend_B","Zap","Dualcast","Self Repair+1","Doubt","Gash","Darkness","Multi-Cast","Capacitor","Chaos","Ball Lightning","Scrape","Echo Form","CurseOfTheBell","Conserve Battery","Chaos","Thunder Strike","RitualDagger","White Noise+1"],"relics":["Cracked Core","Blood Vial","Regal Pillow","Eternal Feather","WingedGreaves","Calling Bell","Dream Catcher","Mercury Hourglass","Calipers"],"acts_visited":["TheCity"],"potions_floor_usage":[],"damage_taken":[{"damage":8.0,"enemies":"Small Slimes","floor":1.0,"turns":3.0},{"damage":11,"enemies":"Jaw Worm","floor":5,"turns":3},{"damage":55,"enemies":"Lagavulin","floor":7,"turns":7},{"damage":38,"enemies":"3 Sentries","floor":11,"turns":7},{"damage":11,"enemies":"Cultist","floor":12,"turns":4},{"damage":13,"enemies":"Red Slaver","floor":14,"turns":3},{"damage":68,"enemies":"The Guardian","floor":16,"turns":9},{"damage":30,"enemies":"3 Byrds","floor":18,"turns":5},{"damage":31,"enemies":"2 Thieves","floor":19,"turns":4},{"damage":93,"enemies":"Slavers","floor":24,"turns":7}],"seed_played":"-5205459848166746803","potions_obtained":[{"floor":1,"key":"Explosive Potion"},{"floor":7,"key":"SpeedPotion"},{"floor":19,"key":"Swift Potion"}],"is_trial":false,"path_per_floor":["M","?","?","?","M","R","E","$","T","$","E","M","R","M","R","B",null,"M","M","$","$","?","R","E"],"character_chosen":"DEFECT","items_purchased":["Multi-Cast","Regal Pillow","Capacitor","Thunder Strike"],"campfire_rested":4,"item_purchase_floors":[8,8,10,20],"current_hp_per_floor":[60,60,60,60,59,85,40,40,40,40,14,15,65,64,89,31,89,69,50,50,50,44,89,0,0],"gold":53,"neow_bonus":"TWENTY_PERCENT_HP_BONUS","is_daily":false,"chose_seed":false,"campfire_upgraded":0,"win_rate":0.0,"timestamp":1611114146,"path_taken":["M","?","?","?","M","R","E","$","T","?","E","?","R","M","R","BOSS","M","M","$","$","?","R","E"],"items_purchased_type":["Card","Relic","Card","Card"],"build_version":"2020-12-22","purchased_purges":0,"victory":false,"max_hp_per_floor":[89,89,89,89,89,89,89,89,89,89,89,89,89,89,89,89,89,89,89,89,89,89,89,89,89],"card_choices":[{"not_picked":["Barrage","Skim"],"picked":"Self Repair","floor":1},{"not_picked":["Glacier","Coolheaded"],"picked":"Gash","floor":5},{"not_picked":["Scrape","White Noise"],"picked":"Darkness","floor":7},{"not_picked":["Capacitor","Gash"],"picked":"Chaos","floor":11},{"not_picked":["Fusion","Leap"],"picked":"Ball Lightning","floor":12},{"not_picked":["Go for the Eyes","Compile Driver"],"picked":"Scrape","floor":14},{"not_picked":["Amplify","Multi-Cast"],"picked":"Echo Form","floor":16},{"not_picked":["Coolheaded","Melter"],"picked":"Conserve Battery","floor":18},{"not_picked":["Blizzard+1","Amplify"],"picked":"Chaos","floor":19},{"not_picked":["Hologram","FTL+1"],"picked":"White Noise+1","floor":23}],"player_experience":6721,"relics_obtained":[{"floor":7,"key":"Blood Vial"},{"floor":9,"key":"Eternal Feather"},{"floor":11,"key":"WingedGreaves"},{"floor":17,"key":"Dream Catcher"},{"floor":17,"key":"Mercury Hourglass"},{"floor":17,"key":"Calipers"}],"event_choices":[{"damage_healed":0,"gold_gain":0,"player_choice":"Grow","damage_taken":0,"max_hp_gain":0,"max_hp_loss":0,"event_name":"Living Wall","floor":2,"gold_loss":0,"cards_upgraded":["Self Repair"]},{"damage_healed":0,"gold_gain":175,"player_choice":"AGREE","damage_taken":0,"max_hp_gain":0,"max_hp_loss":0,"event_name":"Liars Game","floor":3,"gold_loss":0,"cards_obtained":["Doubt"]},{"damage_healed":0,"gold_gain":0,"player_choice":"Fled","damage_taken":0,"max_hp_gain":0,"max_hp_loss":0,"event_name":"Scrap Ooze","floor":4,"gold_loss":0},{"damage_healed":0,"gold_gain":0,"player_choice":"Joined the Cult","damage_taken":6,"max_hp_gain":0,"max_hp_loss":0,"event_name":"Nest","floor":22,"gold_loss":0,"cards_obtained":["RitualDagger"]}],"is_beta":false,"boss_relics":[{"not_picked":["Sozu","Tiny House"],"picked":"Calling Bell"}],"items_purged_floors":[],"is_endless":false,"potions_floor_spawned":[1,7,19],"killed_by":"Slavers","ascension_level":0}}