{"host":"0cm5wy4nhuju7tij","time":1611114804,"event":{"mods":["100% Spire Juice","2.2 Compatiblity","AchievementEnabler","Aspiration","BaseMod","Better Third Choice","BetterRewards","CCEM","CapriCore","Chen","Colored Powertips","Curses Come First","Custom Start","Displayed Cursed Tome","Downfall","Energized Spire","Evolution","Filter the Spire","Highlight Path","Jess\u0027s Bottle","Minty Spire (QoL Compilation)","Permanent Neow","Relic Stats","SOS???????","Shop Mod","Spicy Shops","StSLib","The Cursed","The Juggle","The Sage","TheFirefly"],"gold_per_floor":[119,135,147,147,171,171,189,230,230,230,230,274,274,274,274,274,274],"floor_reached":16,"language":"ENG","playtime":1048,"items_purged":[],"score":110,"play_id":"78ae709d-d08a-42d2-9c63-62a2891b1118","local_time":"20210119225324","is_ascension_mode":false,"campfire_choices":[{"data":"jugglermod: Collision","floor":6,"key":"SMITH"},{"floor":11,"key":"REST"},{"floor":13,"key":"REST"},{"floor":15,"key":"REST"}],"circlet_count":0,"master_deck":["jugglermod: SandBlast+1","jugglermod: SandBlast","jugglermod: SandBlast+1","jugglermod: Strike","jugglermod: Defend","jugglermod: Defend","jugglermod: Defend","jugglermod: Defend","jugglermod: HighThrow","jugglermod: RightHook","jugglermod: Collision+1","jugglermod: BouncingBall","jugglermod: PocketSearch","jugglermod: PalmLift+1","jugglermod: Box","jugglermod: GravityWell","jugglermod: BallUp"],"relics":["jugglermod: WetwareUpgrade","EVO:Axolotl","Golden Idol","Bottled Flame","Du-Vu Doll","PreservedInsect"],"acts_visited":["Exordium"],"potions_floor_usage":[],"damage_taken":[{"damage":1,"enemies":"Jaw Worm","floor":1,"turns":2},{"damage":0,"enemies":"2 Louse","floor":2,"turns":2},{"damage":6,"enemies":"Small Slimes","floor":3,"turns":3},{"damage":9,"enemies":"Blue Slaver","floor":5,"turns":3},{"damage":22,"enemies":"Exordium Wildlife","floor":7,"turns":4},{"damage":14,"enemies":"Gremlin Nob","floor":8,"turns":4},{"damage":28,"enemies":"Lagavulin","floor":12,"turns":9},{"damage":45,"enemies":"The Guardian","floor":16,"turns":12}],"seed_played":"-5188099533584212025","potions_obtained":[{"floor":3,"key":"Fire Potion"},{"floor":5,"key":"GamblersBrew"}],"is_trial":false,"path_per_floor":["M","M","M","?","M","R","M","E","T","?","R","E","R","?","R","B"],"character_chosen":"THE_JUGGLER","items_purchased":[],"campfire_rested":3,"item_purchase_floors":[],"current_hp_per_floor":[74,74,68,68,59,59,37,23,23,9,29,1,21,21,41,0,0],"gold":274,"neow_bonus":"UPGRADE_CARD","is_daily":false,"chose_seed":false,"campfire_upgraded":1,"win_rate":0.0,"timestamp":1611114804,"path_taken":["M","M","M","?","M","R","M","E","T","?","R","E","R","?","R","BOSS"],"items_purchased_type":[],"build_version":"2020-12-22","purchased_purges":0,"victory":false,"max_hp_per_floor":[75,75,75,69,69,69,69,69,69,69,69,69,69,69,69,69,69],"relic_stats":{"counters":[8,39],"Golden Idol":26,"PreservedInsect":0,"obtain_stats":[{"Du-Vu Doll":9,"Bottled Flame":8,"Golden Idol":4,"PreservedInsect":12,"EVO:Axolotl":0,"jugglermod: WetwareUpgrade":0},{"Du-Vu Doll":6,"Bottled Flame":6,"Golden Idol":3,"PreservedInsect":7,"EVO:Axolotl":0,"jugglermod: WetwareUpgrade":0},{"Du-Vu Doll":18,"Bottled Flame":18,"Golden Idol":7,"PreservedInsect":27,"EVO:Axolotl":0,"jugglermod: WetwareUpgrade":0}]},"card_choices":[{"not_picked":["jugglermod: Backcross","jugglermod: BallUp"],"picked":"jugglermod: Collision","floor":1},{"not_picked":["jugglermod: Parry","jugglermod: PocketSearch"],"picked":"jugglermod: BouncingBall","floor":2},{"not_picked":["jugglermod: InsideOut","jugglermod: Squeeze"],"picked":"jugglermod: PocketSearch","floor":3},{"not_picked":["jugglermod: SandBlast","jugglermod: BackSmack"],"picked":"jugglermod: PalmLift","floor":5},{"not_picked":["jugglermod: VanishingAct","jugglermod: TheCrush"],"picked":"jugglermod: Box","floor":7},{"not_picked":["jugglermod: Butterfly","jugglermod: FindBalance"],"picked":"jugglermod: GravityWell","floor":8},{"not_picked":["jugglermod: SwitchFeet","jugglermod: OrbitFling"],"picked":"jugglermod: BallUp","floor":12}],"player_experience":208894,"relics_obtained":[{"floor":8,"key":"Bottled Flame"},{"floor":9,"key":"Du-Vu Doll"},{"floor":12,"key":"PreservedInsect"}],"event_choices":[{"damage_healed":0,"gold_gain":0,"player_choice":"Lose Max HP","damage_taken":0,"relics_obtained":["Golden Idol"],"max_hp_gain":0,"max_hp_loss":6,"event_name":"Golden Idol","floor":4,"gold_loss":0},{"damage_healed":23,"gold_gain":0,"player_choice":"Upgrade","damage_taken":14,"max_hp_gain":0,"max_hp_loss":69,"event_name":"betterThird:BetterShining","floor":10,"gold_loss":0,"cards_upgraded":["jugglermod: PalmLift","jugglermod: SandBlast"]},{"damage_healed":0,"gold_gain":0,"player_choice":"Ignored","damage_taken":274,"max_hp_gain":0,"max_hp_loss":0,"event_name":"betterThird:BetterSerpent","floor":14,"gold_loss":0}],"is_beta":false,"boss_relics":[],"items_purged_floors":[],"is_endless":false,"potions_floor_spawned":[3,5],"killed_by":"The Guardian","ascension_level":0}}