{"host":"fzku1ofsxv8lro8o","time":1611116814,"event":{"mods":["BaseMod","Colored Map","Downfall","Minty Spire (QoL Compilation)","Relic Stats","StSLib","everything is the same but u backflip on backflip"],"gold_per_floor":[99,118,118,128,139,157,157,189,189,89,89,89,89],"floor_reached":11,"language":"ENG","playtime":586,"items_purged":[],"score":77,"play_id":"8bbbcae7-2d86-4bc5-bca4-7b464d3b1a94","local_time":"20210120072654","is_ascension_mode":true,"campfire_choices":[{"data":"bronze:AlphaBuild","floor":1,"key":"SMITH"},{"data":"bronze:Fortify","floor":10,"key":"SMITH"}],"circlet_count":0,"master_deck":["bronze:Strike","bronze:Strike+1","bronze:Strike","bronze:Strike","bronze:Defend","bronze:Defend","bronze:Defend+1","bronze:Replicate","bronze:Goto","bronze:AlphaBuild+1","bronze:NullPointer+1","bronze:Fortify+1","bronze:Turbo","bronze:Iterate","downfall:Malfunctioning"],"relics":["bronze:BronzeCore","hexamod:BolsterEngine","Kunai","downfall:HeartBlessingGreen"],"acts_visited":["Exordium"],"potions_floor_usage":[],"damage_taken":[{"damage":1,"enemies":"2 Louse","floor":2,"turns":4},{"damage":0,"enemies":"Small Slimes","floor":4,"turns":2},{"damage":0,"enemies":"Jaw Worm","floor":5,"turns":4},{"damage":6,"enemies":"Exordium Wildlife","floor":6,"turns":5},{"damage":20,"enemies":"Lagavulin","floor":8,"turns":8},{"damage":38,"enemies":"3 Sentries","floor":11,"turns":10}],"seed_played":"-8292434967712209226","potions_obtained":[{"floor":5,"key":"Dexterity Potion"}],"is_trial":false,"path_per_floor":["R","M","?","M","M","M","T","E","?","R","E"],"character_chosen":"THE_AUTOMATON","items_purchased":[],"campfire_rested":0,"item_purchase_floors":[],"current_hp_per_floor":[63,62,62,62,62,56,56,36,36,36,0,0,0],"gold":89,"neow_bonus":"THREE_RARE_CARDS","is_daily":false,"chose_seed":false,"campfire_upgraded":2,"win_rate":0.0,"timestamp":1611116814,"path_taken":["R","M","?","M","M","M","T","E","?","R","E"],"items_purchased_type":[],"build_version":"2020-12-22","purchased_purges":0,"victory":false,"max_hp_per_floor":[63,63,63,63,63,63,63,63,63,63,63,63,63],"relic_stats":{"counters":[6,33],"Kunai":[1],"obtain_stats":[{"bronze:BronzeCore":0,"downfall:HeartBlessingGreen":10,"Kunai":8,"hexamod:BolsterEngine":7},{"bronze:BronzeCore":0,"downfall:HeartBlessingGreen":5,"Kunai":5,"hexamod:BolsterEngine":4},{"bronze:BronzeCore":0,"downfall:HeartBlessingGreen":23,"Kunai":23,"hexamod:BolsterEngine":15}]},"card_choices":[{"not_picked":["bronze:Break","bronze:Format"],"picked":"bronze:AlphaBuild","floor":0},{"not_picked":["bronze:Branch","bronze:Invalidate","bronze:Return"],"picked":"SKIP","floor":2},{"not_picked":["bronze:Overheat","bronze:Flail"],"picked":"bronze:NullPointer","floor":4},{"not_picked":["bronze:Separator","bronze:CutThrough"],"picked":"bronze:Fortify","floor":5},{"not_picked":["bronze:ForLoop","bronze:GetLatest"],"picked":"bronze:Turbo","floor":6},{"not_picked":["bronze:Invalidate","bronze:Separator"],"picked":"bronze:Iterate","floor":8}],"player_experience":881470,"relics_obtained":[{"floor":7,"key":"hexamod:BolsterEngine"},{"floor":8,"key":"Kunai"}],"event_choices":[{"cards_removed":["bronze:Defend"],"damage_healed":0,"gold_gain":0,"player_choice":"Card Removal","damage_taken":0,"max_hp_gain":0,"max_hp_loss":0,"event_name":"The Cleric","floor":3,"gold_loss":0}],"is_beta":false,"boss_relics":[],"items_purged_floors":[],"is_endless":false,"potions_floor_spawned":[5],"killed_by":"3 Sentries","ascension_level":1}}