{"host":"f5n4tidiz2n5sooh","time":1611150521,"event":{"mods":["BaseMod","Colored Map","Minty Spire (QoL Compilation)","Relic Stats","Slay the Relics Exporter","StSLib"],"gold_per_floor":[111,127,142,142,161,161,185,219,219,263,263,322,287,44,44,44,44],"floor_reached":16,"language":"ENG","playtime":440,"items_purged":["Strike_R"],"score":220,"play_id":"94b99d83-b4aa-409d-b290-e549c01d7e47","local_time":"20210120074841","is_ascension_mode":true,"campfire_choices":[{"data":"Carnage","floor":6,"key":"SMITH"},{"data":"Bash","floor":15,"key":"SMITH"}],"circlet_count":0,"master_deck":["AscendersBane","Strike_R","Strike_R","Strike_R+1","Strike_R","Defend_R","Defend_R","Defend_R","Defend_R","Bash+1","Carnage+1","Anger+1","True Grit","Shrug It Off","Exhume","Havoc"],"relics":["Burning Blood","Golden Idol","Whetstone","Nunchaku","Centennial Puzzle","Bag of Marbles"],"acts_visited":["Exordium"],"potions_floor_usage":[7,8,16],"damage_taken":[{"damage":6,"enemies":"2 Louse","floor":1,"turns":4},{"damage":14,"enemies":"Jaw Worm","floor":2,"turns":3},{"damage":1,"enemies":"Small Slimes","floor":3,"turns":3},{"damage":10,"enemies":"Looter","floor":5,"turns":3},{"damage":20,"enemies":"Exordium Thugs","floor":7,"turns":4},{"damage":32,"enemies":"Gremlin Nob","floor":8,"turns":4},{"damage":27,"enemies":"Lagavulin","floor":10,"turns":5},{"damage":32,"enemies":"Slime Boss","floor":16,"turns":6}],"seed_played":"-2338150213645944499","potions_obtained":[{"floor":2,"key":"Swift Potion"},{"floor":3,"key":"PowerPotion"},{"floor":10,"key":"Fruit Juice"}],"is_trial":false,"path_per_floor":["M","M","M","?","M","R","M","E","T","E","?","?","?","$","R","B"],"character_chosen":"IRONCLAD","items_purchased":["Bag of Marbles"],"campfire_rested":0,"item_purchase_floors":[14],"current_hp_per_floor":[75,67,72,72,68,68,54,28,28,7,7,7,25,25,25,0,0],"gold":44,"neow_bonus":"TEN_PERCENT_HP_BONUS","is_daily":false,"chose_seed":false,"campfire_upgraded":2,"win_rate":0.0,"timestamp":1611150521,"path_taken":["M","M","M","?","M","R","M","E","T","E","?","?","?","?","R","BOSS"],"items_purchased_type":["Relic"],"build_version":"2020-12-22","purchased_purges":1,"victory":false,"max_hp_per_floor":[82,82,82,74,74,74,74,74,74,74,74,74,74,74,74,79,79],"relic_stats":{"Nunchaku":[2],"Centennial Puzzle":[3],"counters":[8,32],"Golden Idol":25,"Whetstone":["Strike_R","Anger"],"obtain_stats":[{"Nunchaku":9,"Centennial Puzzle":10,"Golden Idol":4,"Bag of Marbles":14,"Whetstone":8,"Burning Blood":0},{"Nunchaku":6,"Centennial Puzzle":7,"Golden Idol":3,"Bag of Marbles":7,"Whetstone":6,"Burning Blood":0},{"Nunchaku":21,"Centennial Puzzle":26,"Golden Idol":10,"Bag of Marbles":26,"Whetstone":21,"Burning Blood":0}],"Burning Blood":42},"card_choices":[{"not_picked":["Pommel Strike","Feel No Pain"],"picked":"Carnage","floor":1},{"not_picked":["Warcry","Flex"],"picked":"Anger","floor":2},{"not_picked":["Sword Boomerang","Heavy Blade"],"picked":"True Grit","floor":3},{"not_picked":["Bloodletting","Clothesline","Twin Strike"],"picked":"SKIP","floor":5},{"not_picked":["Havoc","Perfected Strike"],"picked":"Shrug It Off","floor":7},{"not_picked":["Sentinel","Body Slam"],"picked":"Exhume","floor":8},{"not_picked":["Flex","Perfected Strike"],"picked":"Havoc","floor":10}],"player_experience":2023030,"relics_obtained":[{"floor":8,"key":"Whetstone"},{"floor":9,"key":"Nunchaku"},{"floor":10,"key":"Centennial Puzzle"}],"event_choices":[{"damage_healed":0,"gold_gain":0,"player_choice":"Lose Max HP","damage_taken":0,"relics_obtained":["Golden Idol"],"max_hp_gain":0,"max_hp_loss":8,"event_name":"Golden Idol","floor":4,"gold_loss":0},{"damage_healed":0,"gold_gain":0,"player_choice":"Fled","damage_taken":0,"max_hp_gain":0,"max_hp_loss":0,"event_name":"Scrap Ooze","floor":11,"gold_loss":0},{"damage_healed":0,"gold_gain":59,"player_choice":"Gained Gold","damage_taken":0,"max_hp_gain":0,"max_hp_loss":0,"event_name":"Golden Wing","floor":12,"gold_loss":0},{"damage_healed":18,"gold_gain":0,"player_choice":"Healed","damage_taken":0,"max_hp_gain":0,"max_hp_loss":0,"event_name":"The Cleric","floor":13,"gold_loss":35}],"is_beta":false,"boss_relics":[],"items_purged_floors":[14],"is_endless":false,"potions_floor_spawned":[2,3,10],"killed_by":"Slime Boss","ascension_level":20}}