{"host":"ebihz8f2751gru4o","time":1611136418,"event":{"mods":["BaseMod","Downfall","Minty Spire (QoL Compilation)","Quick Restart","StSLib"],"gold_per_floor":[99,115,115,115,133,133,133,165,265,285,285,316,216,231,241,241,241,241],"floor_reached":16,"language":"ENG","playtime":1212,"items_purged":[],"score":110,"play_id":"bc54ba7e-297f-48c4-b4b0-1fb8ea7578aa","local_time":"20210120015338","is_ascension_mode":false,"campfire_choices":[{"data":"champ:Taunt","floor":1,"key":"SMITH"},{"data":"champ:ShieldSlam","floor":11,"key":"SMITH"},{"floor":13,"key":"REST"}],"circlet_count":0,"master_deck":["champ:Strike","champ:Strike","champ:Strike","champ:Strike","champ:Defend","champ:Defend","champ:Defend","champ:Defend","champ:Execute","champ:Taunt+1","champ:PerfectedStrike","champ:FocusedDefense","champ:IronFortress","champ:GutPunch","champ:ShieldSlam+1","champ:EnGarde","champ:Backstep","champ:CalledShot"],"relics":["champ:ChampionCrown","Bag of Marbles","Omamori","Bronze Scales","Champion Belt","Kunai","downfall:HeartBlessingGreen"],"acts_visited":["Exordium"],"potions_floor_usage":[],"damage_taken":[{"damage":16,"enemies":"Small Slimes","floor":2,"turns":3},{"damage":1,"enemies":"2 Louse","floor":5,"turns":2},{"damage":46,"enemies":"3 Sentries","floor":8,"turns":8},{"damage":27,"enemies":"3 Sentries","floor":9,"turns":4},{"damage":2,"enemies":"Jaw Worm","floor":10,"turns":3},{"damage":45,"enemies":"Lagavulin","floor":12,"turns":7},{"damage":15,"enemies":"Large Slime","floor":14,"turns":5},{"damage":17,"enemies":"2 Fungi Beasts","floor":15,"turns":3},{"damage":71,"enemies":"IC_STATUS_ARCHETYPE","floor":16,"turns":10}],"seed_played":"261674974604817635","potions_obtained":[{"floor":8,"key":"FearPotion"},{"floor":9,"key":"SteroidPotion"},{"floor":12,"key":"FearPotion"}],"is_trial":false,"path_per_floor":["R","M","?","?","M","?","T","E","?","M","R","E","R","M","M","B"],"character_chosen":"THE_CHAMP","items_purchased":[],"campfire_rested":1,"item_purchase_floors":[],"current_hp_per_floor":[99,93,93,75,74,74,74,48,41,39,39,29,58,58,51,0,0,0],"gold":241,"neow_bonus":"TEN_PERCENT_HP_BONUS","is_daily":false,"chose_seed":false,"campfire_upgraded":2,"win_rate":0.0,"timestamp":1611136418,"path_taken":["R","M","?","?","M","?","T","E","?","M","R","E","R","M","M","BOSS"],"items_purchased_type":[],"build_version":"2020-12-22","purchased_purges":0,"victory":false,"max_hp_per_floor":[99,99,99,99,99,99,99,99,99,99,99,99,99,99,99,99,99,99],"card_choices":[{"not_picked":["champ:TornadoPunch","champ:Backstep"],"picked":"champ:PerfectedStrike","floor":2},{"not_picked":["champ:HeartStrike","champ:Circumvent"],"picked":"champ:FocusedDefense","floor":5},{"not_picked":["champ:PreemptiveStrike","champ:FlashCut"],"picked":"champ:IronFortress","floor":8},{"not_picked":["champ:ArenaPreparation","champ:Encircle"],"picked":"champ:GutPunch","floor":9},{"not_picked":["champ:GutPunch","champ:Lariat"],"picked":"champ:ShieldSlam","floor":10},{"not_picked":["champ:EnragedBash","champ:FlashCut"],"picked":"champ:EnGarde","floor":12},{"not_picked":["champ:FocusedDefense","champ:PreemptiveStrike"],"picked":"champ:Backstep","floor":14},{"not_picked":["champ:SetATrap","champ:DefensiveShout"],"picked":"champ:CalledShot","floor":15}],"player_experience":61449,"relics_obtained":[{"floor":7,"key":"Omamori"},{"floor":8,"key":"Bronze Scales"},{"floor":9,"key":"Champion Belt"},{"floor":12,"key":"Kunai"}],"event_choices":[{"damage_healed":0,"gold_gain":0,"player_choice":"Success","damage_taken":18,"relics_obtained":["Bag of Marbles"],"max_hp_gain":0,"max_hp_loss":0,"event_name":"Scrap Ooze","floor":4,"gold_loss":0}],"is_beta":false,"boss_relics":[],"items_purged_floors":[],"is_endless":false,"potions_floor_spawned":[8,9,12],"killed_by":"IC_STATUS_ARCHETYPE","ascension_level":0}}