{"host":"00tqcjwpycel7e54","time":1611149795,"event":{"mods":["ATMod(∞¢Ë™Mod)","Act Like it!","Aspiration","BaseMod","Colored Powertips","Gensokyo","Hallownest","Hermit","Highlight Path","Hubris","Koishi","LagranYue(¿≠∏Ò¿ °§‘¬)","Lobotomy","Luminous","Marisa£®ÏF”Í°°ƒß¿Ì…≥£©","Minty Spire (QoL Compilation)","Pale of the Ancients","Remilia£®¿Ÿ√◊¿Ú—«£©","Robot Space Explorer","SOS£®Àπ∞Õ¥Ô÷Æ◊”£©","Shop Mod","Spicy Shops","StSLib","The Administrix","The Animator","The Bug Knight","The Construct","The Cursed","The Gatherer","The Hierophant","The Jungle","The Mystic","The Runesmith","The Servant 0.9.4","Youmu£®ªÍ∆«—˝√Œ£©","Yuyuko","[IsaacMod]“‘»ˆº‚À˛","vexMod","°æ“≈ŒÔø®≈∆°øREMEMod"],"gold_per_floor":[167,167,184,184,243,324,389,442,442,480,503,503,536,572,572,698,698,656,656,11,39,80,131,150,150,174,112,46,46,96,122,122,131,131,145,145,156,26,37,72,72,138,138,218,237,237,49,49,49,92,171,46,46,73,73,119,119,119,119,120],"floor_reached":61,"language":"ZHS","playtime":9200,"items_purged":["Attack_a","Shame","Defend_Dante","Defend_Dante","Defend_Dante","Defend_Dante","Blueorb","Attack_a"],"score":1818,"play_id":"2fa2e779-c7a3-42d1-9068-feb69e3ac17b","local_time":"20210120213635","is_ascension_mode":true,"campfire_choices":[{"data":"Gunslinger","floor":12.0,"key":"SMITH"},{"data":"CoyoteA","floor":15.0,"key":"SMITH"},{"data":"Honeycombofire","floor":25.0,"key":"SMITH"},{"data":"Provocation","floor":32.0,"key":"SMITH"},{"data":"Trickster","floor":41,"key":"SMITH"},{"data":"Dash2","floor":49,"key":"SMITH"},{"data":"Gunstinger","floor":55,"key":"SMITH"},{"data":"Gunstinger","floor":57,"key":"SMITH"}],"circlet_count":0,"master_deck":["Attack_b","Shoot","Shoot","Provocation+1","Redorb","Royaldefend","Gunslinger+1","Airhike","CoyoteA+1","Gunstinger+1","Greenorb","Doubleshoot+1","Trickster","Chargeshoot2+1","SSScard","Dash2+1","Honeycombofire+1","Gunstinger+1","Purpleorb","Dash2+1","Trickster+1","Gunstinger+1","Master of Strategy","Stinger+1"],"relics":["SSS","Combocheck","AT_ATBox","REME_ComplimentaryCards","HushsDoor","LagranYue:RandomDrawCardRelic","Oddly Smooth Stone","PillsDrop","Hallownest:SalubrasBlessingRelic","Pen Nib","aspiration:Lifesprig","SharpPlug","Smiling Mask","SacredBark","hubris:Towel","aspiration:Nostalgia","Koishi:ImaginaryFriend","aspiration:HummingbirdHeart","hubris:TenFootPole","AT_SunfireAegis","Potion Belt","hubris:SlimyHat","theJungle:PaperFaux","AT_SeraphEmbrace","aspiration:MobileForge","SatanicBible","Incubus","Shuriken","hubris:ToyBattleship","LagranYue:WskJewelryRelic","PokeGo","AT_ChloranthyRing","paleoftheancients:Timepiece","paleoftheancients:KeyRelic","paleoftheancients:SoulOfTheShapes","ScarletDevilRocket","aspiration:StickyExplosives_weak"],"acts_visited":["Hallownest:Greenpath","Hallownest:Greenpath","Hallownest:KingdomsEdge","paleoftheancients:PaleOfTheAncients"],"potions_floor_usage":[50,50,60,60,60,60,60,60,60,60],"damage_taken":[{"damage":8.0,"enemies":"Hallownest:2_Tiktiks_and_1_Crawlid","floor":1.0,"turns":4.0},{"damage":0.0,"enemies":"Hallownest:monsterHuskWarrior","floor":3.0,"turns":2.0},{"damage":0.0,"enemies":"Hallownest:monsterHuskGuard","floor":5.0,"turns":5.0},{"damage":19.0,"enemies":"Hallownest:eliteMossKnight","floor":6.0,"turns":17.0},{"damage":7.0,"enemies":"Hallownest:Guard_and_Warrior","floor":7.0,"turns":6.0},{"damage":0.0,"enemies":"Hallownest:eliteCrystalGuardian","floor":8.0,"turns":3.0},{"damage":2.0,"enemies":"Hallownest:eliteMossKnight","floor":10.0,"turns":3.0},{"damage":9.0,"enemies":"Hallownest:MossCreep_and_Mosskin","floor":11.0,"turns":6.0},{"damage":0.0,"enemies":"Hallownest:1_Baldur_1_Crawlid_1_Warrior","floor":13.0,"turns":4.0},{"damage":3.0,"enemies":"Hallownest:Guard_and_Warrior","floor":14.0,"turns":3.0},{"damage":20.0,"enemies":"Hallownest:BossHornet","floor":16.0,"turns":4.0},{"damage":7.0,"enemies":"theJungle:MUSHROOMGANG","floor":18.0,"turns":6.0},{"damage":0.0,"enemies":"theJungle:GiantWrat","floor":21.0,"turns":5.0},{"damage":1.0,"enemies":"theJungle:Lyon","floor":22.0,"turns":6.0},{"damage":0.0,"enemies":"theJungle:2_Phrogs","floor":23.0,"turns":3.0},{"damage":10.0,"enemies":"theJungle:Snecko_Cultist_And_Trap","floor":24.0,"turns":3.0},{"damage":6.0,"enemies":"theJungle:Cassacara","floor":27.0,"turns":5.0},{"damage":11.0,"enemies":"Snake Plant","floor":28.0,"turns":4.0},{"damage":0.0,"enemies":"theJungle:2_Phrogs","floor":30.0,"turns":3.0},{"damage":0.0,"enemies":"theJungle:2_Snecko_Cultists","floor":31.0,"turns":4.0},{"damage":0.0,"enemies":"theJungle:FunGuy","floor":33.0,"turns":3.0},{"damage":0.0,"enemies":"Hallownest:Shield_Heavy","floor":35.0,"turns":3.0},{"damage":0,"enemies":"Hallownest:2_Littles","floor":37,"turns":2},{"damage":0,"enemies":"Hallownest:2_Soldiers_and_1_Guardian","floor":38,"turns":3},{"damage":0,"enemies":"Hallownest:2_Great","floor":39,"turns":3},{"damage":0,"enemies":"Hallownest:StalkingDevout","floor":40,"turns":2},{"damage":0,"enemies":"Hallownest:eliteHiveKnight","floor":42,"turns":2},{"damage":0,"enemies":"Hallownest:eliteCollector","floor":44,"turns":2},{"damage":0,"enemies":"Hallownest:2_Wing_and_1_Kings","floor":45,"turns":2},{"damage":0,"enemies":"Hallownest:BossHollowKnight","floor":50,"turns":3},{"damage":0,"enemies":"Hallownest:BossHollowKnight","floor":51,"turns":2},{"damage":0,"enemies":"Hallownest:BossHollowKnight","floor":52,"turns":2},{"damage":0,"enemies":"Hallownest:BossHollowKnight","floor":56,"turns":2},{"damage":0,"enemies":"Delirium","floor":60,"turns":14}],"seed_played":"8930684649168204981","potions_obtained":[{"floor":1.0,"key":"Regen Potion"},{"floor":10.0,"key":"Ancient Potion"},{"floor":11.0,"key":"Block Potion"},{"floor":14.0,"key":"Explosive Potion"},{"floor":16.0,"key":"construct:ShiftPotion"},{"floor":22.0,"key":"SmokeBomb"},{"floor":27.0,"key":"REME_GoldPotion"},{"floor":30.0,"key":"Ancient Potion"},{"floor":35.0,"key":"Weak Potion"},{"floor":36,"key":"SmokeBomb"},{"floor":39,"key":"Fire Potion"},{"floor":40,"key":"AttackPotion"},{"floor":42,"key":"EntropicBrew"},{"floor":51,"key":"Dexterity Potion"},{"floor":56,"key":"AttackPotion"}],"is_trial":false,"path_per_floor":["M","?","M","?","M","E","M","E","T","E","M","R","M","M","R","B",null,"M","?","$","M","M","E","M","R","T","E","M","?","E","M","R","B",null,"M","?","M","M","M","E","R","E","T","E","M","$","$","?","R","B","M","M","$","T","R","M","R","T","?","B",null],"character_chosen":"DANTE","items_purchased":["aspiration:Nostalgia","Trickster","aspiration:HummingbirdHeart","hubris:TenFootPole","SatanicBible","Incubus","AT_ChloranthyRing","Master of Strategy"],"campfire_rested":0,"item_purchase_floors":[20,20,20,20,34,34,46,47],"current_hp_per_floor":[72,72,72,72,72,53,46,46,46,44,35,35,35,32,32,34,80,77,77,77,81,87,93,86,86,86,86,76,76,78,87,87,89,88,88,88,88,88,88,88,88,88,88,88,88,51,51,44,44,96,96,96,96,96,96,96,96,96,96,96],"gold":120,"neow_bonus":"RANDOM_COMMON_RELIC","is_daily":false,"chose_seed":false,"campfire_upgraded":8,"win_rate":0.0,"timestamp":1611149795,"path_taken":["M","?","?","?","M","E","M","E","T","E","M","R","M","M","R","BOSS","M","?","$","M","M","E","M","R","T","E","M","?","E","M","R","BOSS","M","?","M","?","M","E","R","E","T","E","M","?","$","?","R","BOSS","M","M","?","T","R","M","R","T","?","BOSS"],"items_purchased_type":["Relic","Card","Relic","Relic","Relic","Relic","Relic","Card"],"build_version":"2020-12-22","purchased_purges":8,"victory":true,"max_hp_per_floor":[80,80,80,80,80,80,80,80,80,80,80,80,80,80,80,80,80,93,93,93,93,93,93,93,93,93,103,113,113,113,113,113,123,88,88,88,88,88,88,88,88,88,88,88,88,88,88,88,88,96,96,96,96,96,96,96,96,96,96,96],"card_choices":[{"not_picked":["Pandora","Fullhouse"],"picked":"Royaldefend","floor":1.0},{"not_picked":["Hightime","VitalstarS","VitalstarM"],"picked":"SKIP","floor":3.0},{"not_picked":["LucifercomboA","Rebellion","Goldorb"],"picked":"SKIP","floor":5.0},{"not_picked":["Holywater","Gunslinger"],"picked":"Airhike","floor":6.0},{"not_picked":["Shock","Dash2"],"picked":"CoyoteA","floor":7.0},{"not_picked":["Dash2","Holywater"],"picked":"Gunstinger","floor":8.0},{"not_picked":["LucifercomboD","LucifercomboA","Splesh"],"picked":"SKIP","floor":10.0},{"not_picked":["Dash1","Unrisingdragon","Whiteorb"],"picked":"SKIP","floor":11.0},{"not_picked":["Millionkick","Kick13","VitalstarS"],"picked":"SKIP","floor":13.0},{"not_picked":["DT","Weaponupgrade"],"picked":"Greenorb","floor":14.0},{"not_picked":["Goldorb","Demonreform"],"picked":"Blueorb","floor":16.0},{"not_picked":["Gunstinger+1","EbonyIvory"],"picked":"Doubleshoot+1","floor":18.0},{"not_picked":["Weaponchange","LucifercomboB+1"],"picked":"Chargeshoot2+1","floor":21.0},{"not_picked":["GilgameshcomboA+1","Millionstab"],"picked":"SSScard","floor":22.0},{"not_picked":["Darkslayer","Demonreform"],"picked":"Dash2","floor":23.0},{"not_picked":["Kick13+1","Chargeshoot2+1"],"picked":"Honeycombofire","floor":24.0},{"not_picked":["VitalstarL","Rebellion"],"picked":"Gunstinger+1","floor":27.0},{"not_picked":["Rebellion","GilgameshcomboA+1","Weaponchange"],"picked":"SKIP","floor":28.0},{"not_picked":["Splesh","Gilgamesh+1","Kick13+1"],"picked":"SKIP","floor":30.0},{"not_picked":["Weaponchange+1","Millionkick","Weaponupgrade+1"],"picked":"SKIP","floor":31.0},{"not_picked":["Airtrick","Goldorb"],"picked":"Purpleorb","floor":33.0},{"not_picked":["Greenorb","Dash2","VitalstarS+1"],"picked":"SKIP","floor":35.0},{"not_picked":["Greenorb","Dash2","VitalstarS+1"],"picked":"SKIP","floor":35.0},{"not_picked":["CoyoteA","Weaponchange+1"],"picked":"Dash2+1","floor":37},{"not_picked":["VitalstarM","CoyoteA"],"picked":"Trickster","floor":38},{"not_picked":["Gunslinger+1","Chargeshoot2+1","Greenorb+1"],"picked":"SKIP","floor":39},{"not_picked":["GilgameshcomboA+1","Rebellion+1","Airhike"],"picked":"SKIP","floor":40},{"not_picked":["DT","Unrisingdragon+1","Lucifer+1"],"picked":"SKIP","floor":42},{"not_picked":["Shock+1","Rebellion+1","Fullhouse"],"picked":"SKIP","floor":44},{"not_picked":["Millionkick+1","Unrisingdragon"],"picked":"Gunstinger","floor":45},{"not_picked":["Fullhouse+1","EbonyIvory"],"picked":"Stinger+1","floor":51},{"not_picked":["Swordmaster","CoyoteA","Millionstab"],"picked":"SKIP","floor":52},{"not_picked":["Splesh+1","Lucifer","Holywater"],"picked":"SKIP","floor":56}],"player_experience":662701,"relics_obtained":[{"floor":6.0,"key":"Pen Nib"},{"floor":8.0,"key":"aspiration:Lifesprig"},{"floor":9.0,"key":"SharpPlug"},{"floor":10.0,"key":"Smiling Mask"},{"floor":23.0,"key":"AT_SunfireAegis"},{"floor":26.0,"key":"Potion Belt"},{"floor":27.0,"key":"hubris:SlimyHat"},{"floor":30.0,"key":"AT_ArchangelStaff"},{"floor":40,"key":"Shuriken"},{"floor":42,"key":"hubris:ToyBattleship"},{"floor":43,"key":"LagranYue:WskJewelryRelic"},{"floor":44,"key":"PokeGo"},{"floor":51,"key":"paleoftheancients:SoulOfTheShapes"},{"floor":52,"key":"paleoftheancients:SoulOfTheShowman"},{"floor":54,"key":"ScarletDevilRocket"},{"floor":56,"key":"paleoftheancients:SoulOfTheVixen"},{"floor":58,"key":"aspiration:StickyExplosives_weak"}],"event_choices":[],"is_beta":false,"boss_relics":[{"not_picked":["vexMod:TanglingVine","Velvet Choker"],"picked":"SacredBark"},{"not_picked":[]},{"not_picked":["construct:WeddingRing","aspiration:SilentSkillbook"],"picked":"aspiration:MobileForge"},{"not_picked":[]}],"items_purged_floors":[20,34,46,46,46,46,46,46],"is_endless":false,"potions_floor_spawned":[1,10,11,14,16,21,22,24,27,30,35,39,40,42,51,56],"ascension_level":3}}