{"host":"51f0ad793vly1w6u","time":1611118770,"event":{"mods":["BaseMod","Colored Map","DeckTracker","Minty Spire (QoL Compilation)","Replay The Spire","StSLib","SuperFastMode"],"gold_per_floor":[117,135,148,165,178,204,204,220,220,220,231,231,261,277,277,372,372,386,405,21,34,34,34,45,45,45,45,58,72,72,72,72,171,171,181,8,1007,1021,1021,1036,1036,1051,1051,1064,1064,1084,1111,808,808,808],"floor_reached":51,"language":"KOR","playtime":1318,"items_purged":["Distraction","Fluid Movement","Normality"],"score":735,"play_id":"b2850089-3a3b-4187-8311-d8b122e32863","local_time":"20210120135930","is_ascension_mode":false,"campfire_choices":[{"data":"Calculated Gamble","floor":7,"key":"SMITH"},{"data":"Crippling Poison","floor":10,"key":"SMITH"},{"data":"Deadly Poison","floor":12,"key":"SMITH"},{"data":"Bane","floor":15,"key":"SMITH"},{"data":"Tactician","floor":23,"key":"SMITH"},{"data":"Burst","floor":25,"key":"SMITH"},{"data":"Envenom","floor":27,"key":"SMITH"},{"data":"Reflex","floor":30,"key":"SMITH"},{"floor":32,"key":"DIG"},{"data":"Calculated Gamble","floor":41,"key":"SMITH"},{"data":"Wraith Form v2","floor":45,"key":"SMITH"},{"floor":49,"key":"REST"}],"circlet_count":0,"master_deck":["Survivor","Neutralize","ReplayTheSpireMod:The Works","Poisoned Stab","Deadly Poison+1","Calculated Gamble+1","Reflex+1","Crippling Poison+1","Bane+1","Burst+1","Blur","Envenom+1","Dagger Spray","Dagger Throw","Blur","Deflect","Storm of Steel","Tactician+1","Acrobatics","Deflect+1","Catalyst+1","Catalyst+1","Corpse Explosion","Wraith Form v2+1","Well Laid Plans","Calculated Gamble+1","PiercingWail","Adrenaline","Secret Technique","Impatience"],"relics":["Ring of the Snake","Centennial Puzzle","Omamori","Thread and Needle","Odd Mushroom","Pandora\u0027s Box","Ice Cream","Eternal Feather","Pen Nib","Calling Bell","Pet Ghost","Meat on the Bone","Bird Faced Urn","Letter Opener","Vampiric Spirits","ReplayTheSpireMod:ShopPack"],"acts_visited":["Exordium","TheCity","TheBeyond"],"potions_floor_usage":[6,16,16,19,33,33,47],"damage_taken":[{"damage":3,"enemies":"Small Slimes","floor":1,"turns":3},{"damage":0,"enemies":"2 Louse","floor":2,"turns":3},{"damage":0,"enemies":"Cultist","floor":3,"turns":4},{"damage":0,"enemies":"Looter","floor":4,"turns":3},{"damage":1,"enemies":"2 Fungi Beasts","floor":5,"turns":3},{"damage":6,"enemies":"3 Sentries","floor":6,"turns":10},{"damage":6,"enemies":"Exordium Wildlife","floor":8,"turns":3},{"damage":0,"enemies":"3 Louse","floor":11,"turns":3},{"damage":9,"enemies":"The Mushroom Lair","floor":13,"turns":3},{"damage":2,"enemies":"Lots of Slimes","floor":14,"turns":2},{"damage":32,"enemies":"Slime Boss","floor":16,"turns":12},{"damage":0,"enemies":"3 Byrds","floor":18,"turns":4},{"damage":10,"enemies":"2 Thieves","floor":19,"turns":2},{"damage":6,"enemies":"Cultist and Chosen","floor":21,"turns":6},{"damage":0,"enemies":"Snake Plant","floor":24,"turns":3},{"damage":0,"enemies":"3 Cultists","floor":28,"turns":2},{"damage":0,"enemies":"Shelled Parasite and Fungi","floor":29,"turns":2},{"damage":1,"enemies":"Champ","floor":33,"turns":6},{"damage":16,"enemies":"3 Shapes","floor":35,"turns":3},{"damage":9,"enemies":"Orb Walker","floor":38,"turns":3},{"damage":0,"enemies":"Transient","floor":40,"turns":5},{"damage":18,"enemies":"3 Darklings","floor":42,"turns":3},{"damage":7,"enemies":"Writhing Mass","floor":44,"turns":2},{"damage":9,"enemies":"4 Shapes","floor":46,"turns":3},{"damage":28,"enemies":"Reptomancer","floor":47,"turns":6},{"damage":23,"enemies":"Awakened One","floor":50,"turns":9}],"seed_played":"739174702298943923","potions_obtained":[{"floor":3,"key":"Block Potion"},{"floor":6,"key":"DistilledChaos"},{"floor":8,"key":"Languid Potion"},{"floor":14,"key":"Energy Potion"},{"floor":19,"key":"PowerPotion"},{"floor":21,"key":"Explosive Potion"},{"floor":24,"key":"EssenceOfSteel"},{"floor":38,"key":"Elixir"},{"floor":42,"key":"SmokeBomb"}],"is_trial":false,"path_per_floor":["M","M","M","M","M","E","R","M","T","R","M","R","?","M","R","B",null,"M","M","$","M","?","R","M","R","T","R","M","M","R","$","R_BF","B",null,"M","$","?","M","?","M","R","M","T","M","R","M","E","$","R","B",null],"character_chosen":"THE_SILENT","items_purchased":["Ice Cream","Well Laid Plans","ReplayTheSpireMod:ShopPack","Poison Potion"],"campfire_rested":1,"item_purchase_floors":[20,36,48,48],"current_hp_per_floor":[67,67,67,67,66,60,60,54,54,54,54,54,45,43,43,11,70,70,60,60,54,54,54,54,54,54,66,66,66,70,70,70,69,70,54,54,54,49,49,49,64,50,50,43,58,53,39,39,70,52],"gold":808,"neow_bonus":"RANDOM_COMMON_RELIC","is_daily":false,"chose_seed":false,"campfire_upgraded":10,"win_rate":0.0,"timestamp":1611118770,"path_taken":["M","M","M","M","M","E","R","M","T","R","M","R","?","M","R","BOSS","M","M","$","M","?","R","M","R","T","R","M","M","R","$","R_BF","BOSS","M","?","?","M","?","M","R","M","T","?","R","M","E","$","R","BOSS"],"items_purchased_type":["Relic","Card","Relic","Potion"],"build_version":"2020-12-22","purchased_purges":3,"victory":true,"max_hp_per_floor":[70,70,70,70,70,70,70,70,70,70,70,70,70,70,70,70,70,70,70,70,70,70,70,70,70,70,70,70,70,70,70,70,70,70,70,70,70,70,70,70,70,70,70,70,70,70,70,70,70,70],"card_choices":[{"not_picked":["Acrobatics","Outmaneuver"],"picked":"ReplayTheSpireMod:The Works","floor":1},{"not_picked":["Bane","Cloak And Dagger"],"picked":"Poisoned Stab","floor":2},{"not_picked":["Endless Agony","Distraction"],"picked":"Deadly Poison","floor":3},{"not_picked":["ReplayTheSpireMod:Scrap Shanks","Accuracy","Dodge and Roll"],"picked":"SKIP","floor":4},{"not_picked":["Blade Dance","Blur"],"picked":"Calculated Gamble","floor":5},{"not_picked":["Underhanded Strike","Slice"],"picked":"Reflex","floor":6},{"not_picked":["Flying Knee","Deadly Poison"],"picked":"Crippling Poison","floor":8},{"not_picked":["Tools of the Trade","Cloak And Dagger","Dagger Throw"],"picked":"SKIP","floor":11},{"not_picked":["Dagger Throw","Dodge and Roll","Bane"],"picked":"SKIP","floor":14},{"not_picked":["Dagger Throw","Dodge and Roll"],"picked":"Bane","floor":14},{"not_picked":["Grand Finale","Envenom"],"picked":"Burst","floor":16},{"not_picked":["Quick Slash","Fluid Movement"],"picked":"Acrobatics","floor":18},{"not_picked":["Flying Knee+1","Acrobatics"],"picked":"Deflect+1","floor":19},{"not_picked":["Deflect","PiercingWail"],"picked":"Catalyst+1","floor":21},{"not_picked":["Expertise+1","Poisoned Stab"],"picked":"Corpse Explosion","floor":24},{"not_picked":["Dodge and Roll","Acrobatics","Flying Knee+1"],"picked":"SKIP","floor":28},{"not_picked":["Toxin Wave","Bane+1","Acrobatics"],"picked":"SKIP","floor":29},{"not_picked":["Die Die Die","Glass Knife"],"picked":"Wraith Form v2","floor":33},{"not_picked":["Cloak And Dagger","Accuracy+1","Slice+1"],"picked":"SKIP","floor":35},{"not_picked":["Dagger Spray","Cloak And Dagger","Slice+1"],"picked":"SKIP","floor":38},{"not_picked":["Terror+1","Outmaneuver+1"],"picked":"Calculated Gamble","floor":40},{"not_picked":["PiercingWail","Deadly Poison","ReplayTheSpireMod:Scrap Shanks"],"picked":"SKIP","floor":42},{"not_picked":["Deadly Poison","ReplayTheSpireMod:Scrap Shanks"],"picked":"PiercingWail","floor":42},{"not_picked":["Blade Dance+1","Deflect"],"picked":"Adrenaline","floor":44},{"not_picked":["Toxin Wave+1","Dagger Throw+1","Underhanded Strike"],"picked":"SKIP","floor":46},{"not_picked":["Flying Knee+1","Dagger Throw","Well Laid Plans+1"],"picked":"SKIP","floor":47},{"not_picked":["Thinking Ahead","Mayhem"],"picked":"Secret Technique","floor":48},{"not_picked":["Poisoned Strike","Replay:BasicMightCard"],"picked":"Impatience","floor":48}],"player_experience":1405696,"relics_obtained":[{"floor":6,"key":"Omamori"},{"floor":9,"key":"Thread and Needle"},{"floor":13,"key":"Odd Mushroom"},{"floor":26,"key":"Eternal Feather"},{"floor":32,"key":"Pen Nib"},{"floor":34,"key":"Pet Ghost"},{"floor":34,"key":"Meat on the Bone"},{"floor":34,"key":"Bird Faced Urn"},{"floor":43,"key":"Letter Opener"},{"floor":47,"key":"Vampiric Spirits"}],"event_choices":[{"damage_healed":0,"gold_gain":0,"player_choice":"Fought Mushrooms","damage_taken":0,"max_hp_gain":0,"max_hp_loss":0,"event_name":"Mushrooms","floor":13,"gold_loss":0},{"damage_healed":0,"gold_gain":0,"player_choice":"Copied","damage_taken":0,"max_hp_gain":0,"max_hp_loss":0,"event_name":"Duplicator","floor":22,"gold_loss":0,"cards_obtained":["Catalyst"]},{"damage_healed":0,"gold_gain":999,"player_choice":"Gold","damage_taken":0,"max_hp_gain":0,"max_hp_loss":0,"event_name":"MindBloom","floor":37,"gold_loss":0,"cards_obtained":["Normality","Normality"]}],"is_beta":false,"boss_relics":[{"not_picked":["SacredBark","Fusion Hammer"],"picked":"Pandora\u0027s Box"},{"not_picked":["Replay:Drink Me","Honey Jar"],"picked":"Calling Bell"}],"items_purged_floors":[20,36,48],"is_endless":false,"potions_floor_spawned":[3,6,8,14,19,21,24,38,42,44],"ascension_level":0}}