{"host":"yuoancq4cku3x8wq","time":1611140172,"event":{"mods":["AchievementEnabler","BaseMod","Downfall","Minty Spire (QoL Compilation)","Quick Restart","StSLib","SuperFastMode"],"gold_per_floor":[99,99,99,99,99,99,99,130,30,30,49,78,78,103,115,212,212,112,124,144,144,164,183,183,46,46,46,64,64,95,0,20,20,20,20],"floor_reached":33,"language":"ZHS","playtime":1278,"items_purged":["Guardian:Strike_Guardian","Guardian:Strike_Guardian"],"score":398,"play_id":"cd6e5abc-276d-47bc-966d-22106ce683a6","local_time":"20210120185612","is_ascension_mode":true,"campfire_choices":[{"floor":1.0,"key":"RECALL"},{"data":"Guardian:CurlUp","floor":6.0,"key":"SMITH"},{"data":"Guardian:Suspension","floor":9.0,"key":"SMITH"},{"data":"Guardian:Planning","floor":13.0,"key":"SMITH"},{"data":"Guardian:PrismaticBarrier","floor":18,"key":"SMITH"},{"data":"Guardian:StasisStrike","floor":27,"key":"SMITH"},{"data":"Guardian:FastForward","floor":29,"key":"SMITH"}],"circlet_count":0,"master_deck":["Guardian:Strike_Guardian","Guardian:Strike_Guardian","Guardian:Defend_Guardian","Guardian:Defend_Guardian","Guardian:Defend_Guardian","Guardian:Defend_Guardian","Guardian:CurlUp+1","Guardian:TwinSlam","Guardian:ChargeCore+1","Guardian:Suspension+1","Guardian:Planning+1","Guardian:StasisStrike+1","Guardian:PrismaticBarrier+1","Guardian:FastForward+1","Guardian:FastForward","Guardian:ShieldCharger+1","Guardian:BodySlam+1","Guardian:Preprogram","Guardian:Gem_Orange"],"relics":["Guardian:ModeShifter","downfall:HeartsMalice","Mango","Turnip","downfall:HeartBlessingRed","FaceOfCleric","The Courier","Prayer Wheel","Philosopher\u0027s Stone","downfall:HeartBlessingGreen","White Beast Statue","Juzu Bracelet"],"acts_visited":["Exordium","TheCity"],"potions_floor_usage":[30,30,31],"damage_taken":[{"damage":0.0,"enemies":"2 Louse","floor":2.0,"turns":1.0},{"damage":0.0,"enemies":"Small Slimes","floor":5.0,"turns":1.0},{"damage":0.0,"enemies":"Gremlin Nob","floor":8.0,"turns":1.0},{"damage":1.0,"enemies":"Cultist","floor":11.0,"turns":3.0},{"damage":17.0,"enemies":"3 Sentries","floor":12.0,"turns":8.0},{"damage":18.0,"enemies":"Gremlin Nob","floor":14.0,"turns":5.0},{"damage":1.0,"enemies":"2 Fungi Beasts","floor":15.0,"turns":3.0},{"damage":32.0,"enemies":"DF_ARCHETYPE_STREAMLINE","floor":16.0,"turns":11.0},{"damage":6,"enemies":"Chosen","floor":19,"turns":4},{"damage":6,"enemies":"Shell Parasite","floor":20,"turns":5},{"damage":18,"enemies":"Snake Plant","floor":22,"turns":5},{"damage":21,"enemies":"3 Cultists","floor":23,"turns":7},{"damage":0,"enemies":"downfall:FleeingMerchant","floor":25,"turns":4},{"damage":10,"enemies":"Centurion and Healer","floor":28,"turns":6},{"damage":18,"enemies":"Slavers","floor":30,"turns":4},{"damage":0,"enemies":"downfall:FleeingMerchant","floor":31,"turns":4},{"damage":6,"enemies":"Snake Plant","floor":32,"turns":4},{"damage":30,"enemies":"SI_MIRROR_ARCHETYPE","floor":33,"turns":4}],"seed_played":"-1033946133763398505","potions_obtained":[{"floor":8.0,"key":"Fire Potion"},{"floor":14.0,"key":"SkillPotion"},{"floor":15.0,"key":"Fire Potion"},{"floor":16.0,"key":"EssenceOfSteel"},{"floor":19,"key":"SteroidPotion"},{"floor":25,"key":"champ:CounterPotion"},{"floor":30,"key":"Fruit Juice"},{"floor":31,"key":"GamblersBrew"},{"floor":32,"key":"DistilledChaos"}],"is_trial":false,"path_per_floor":["R","M","?","?","M","R","T","E","R","?","M","E","R","E","M","B",null,"R","M","M","?","M","M","T","$","?","R","M","R","E","$","M","B"],"character_chosen":"GUARDIAN","items_purchased":["Guardian:Gem_White"],"campfire_rested":0,"item_purchase_floors":[25],"current_hp_per_floor":[80,80,80,80,80,80,94,94,94,94,94,78,78,61,61,30,99,99,94,89,89,72,52,52,53,53,53,44,44,32,33,28,0,0,0],"gold":20,"neow_bonus":"THREE_ENEMY_KILL","is_daily":false,"chose_seed":false,"campfire_upgraded":6,"win_rate":0.0,"timestamp":1611140172,"path_taken":["R","M","?","?","?","R","T","E","R","?","?","E","R","E","M","BOSS","R","M","?","?","M","?","T","$","?","R","M","R","E","$","M","BOSS"],"items_purchased_type":["Card"],"build_version":"2020-12-22","purchased_purges":2,"victory":false,"max_hp_per_floor":[80,80,80,80,80,80,94,94,94,94,95,96,96,97,98,99,99,99,100,101,101,102,103,103,104,104,104,105,105,111,112,113,113,113,113],"card_choices":[{"not_picked":["Guardian:Gem_Red","Guardian:Reroute"],"picked":"Guardian:ChargeCore","floor":2.0},{"not_picked":["Guardian:TemporalStrike","Guardian:PrimingBeam","Guardian:ShieldCharger"],"picked":"SKIP","floor":5.0},{"not_picked":["Guardian:Gem_Green","Guardian:TimeBomb"],"picked":"Guardian:Suspension","floor":8.0},{"not_picked":["Guardian:Recover","Guardian:PrimingBeam"],"picked":"Guardian:Planning","floor":11.0},{"not_picked":["Guardian:Recover","Guardian:ChargeCore"],"picked":"Guardian:Gem_White","floor":12.0},{"not_picked":["Guardian:BronzeOrb","Guardian:Emergency"],"picked":"Guardian:Gem_Crimson","floor":14.0},{"not_picked":["Guardian:Gem_Green","Guardian:Emergency"],"picked":"Guardian:StasisStrike","floor":15.0},{"not_picked":["Guardian:Recover","Guardian:BodySlam"],"picked":"Guardian:PrismaticBarrier","floor":15.0},{"not_picked":["Guardian:StasisStrike","Guardian:BaubleBeam"],"picked":"Guardian:FastForward","floor":16.0},{"not_picked":["Guardian:DonusPower","Guardian:Gem_Red","Guardian:TimeCapacitor"],"picked":"SKIP","floor":19},{"not_picked":["Guardian:Gem_Lightblue","Guardian:Gem_Green","Guardian:Gem_Red"],"picked":"SKIP","floor":19},{"not_picked":["Guardian:CrystalBeam","Guardian:PrismaticBarrier"],"picked":"Guardian:Gem_Cyan","floor":20},{"not_picked":["Guardian:Suspension","Guardian:TemporalStrike","Guardian:Gem_Green"],"picked":"SKIP","floor":20},{"not_picked":["Guardian:ChargeCore","Guardian:Gem_Green"],"picked":"Guardian:ShieldCharger+1","floor":22},{"not_picked":["Guardian:CrystalBeam+1","Guardian:ChargeCore+1","Guardian:Gem_Green"],"picked":"SKIP","floor":22},{"not_picked":["Guardian:CrystalBeam","Guardian:ShieldSpikes"],"picked":"Guardian:BodySlam+1","floor":23},{"not_picked":["Guardian:PolyBeam","Guardian:ShieldCharger","Guardian:HyperBeam_Guardian"],"picked":"SKIP","floor":23},{"not_picked":["Guardian:BodySlam+1","Guardian:ShieldCharger","Guardian:FloatingOrbs"],"picked":"SKIP","floor":25},{"not_picked":["Guardian:ShieldCharger","Guardian:PrismaticBarrier"],"picked":"Guardian:Preprogram","floor":28},{"not_picked":["Guardian:ShieldCharger","Guardian:PiercingHide+1","Guardian:MultiBeam"],"picked":"SKIP","floor":28},{"not_picked":["Guardian:CrystalBeam","Guardian:PrismaticBeam"],"picked":"Guardian:Gem_Orange","floor":30},{"not_picked":["Guardian:PiercingHide+1","Guardian:Gem_Red","Guardian:CrystalBeam"],"picked":"SKIP","floor":31},{"not_picked":["Guardian:Gem_Lightblue","Guardian:ShieldCharger","Guardian:Incinerate"],"picked":"SKIP","floor":32},{"not_picked":["Guardian:Gem_Cyan","Guardian:PrimingBeam","Guardian:Gem_Red"],"picked":"SKIP","floor":32}],"player_experience":304167,"relics_obtained":[{"floor":7.0,"key":"Mango"},{"floor":8.0,"key":"Turnip"},{"floor":12.0,"key":"The Courier"},{"floor":14.0,"key":"Prayer Wheel"},{"floor":24,"key":"White Beast Statue"},{"floor":30,"key":"Juzu Bracelet"}],"event_choices":[{"damage_healed":0.0,"max_hp_gain":0.0,"max_hp_loss":0.0,"gold_gain":0.0,"event_name":"FaceTrader","player_choice":"Trade","floor":10.0,"gold_loss":0.0,"damage_taken":0.0,"relics_obtained":["FaceOfCleric"]},{"damage_healed":0,"gold_gain":0,"player_choice":"Ignored","damage_taken":0,"max_hp_gain":0,"max_hp_loss":0,"event_name":"Vampires","floor":26,"gold_loss":0}],"is_beta":false,"boss_relics":[{"not_picked":["Snecko Eye","Astrolabe"],"picked":"Philosopher\u0027s Stone"}],"items_purged_floors":[25,31],"is_endless":false,"potions_floor_spawned":[8,14,15,16,19,20,25,28,30,31,32],"killed_by":"SI_MIRROR_ARCHETYPE","ascension_level":1}}