{"host":"c97twqu0op5dg8i4","time":1611121545,"event":{"mods":["AchievementEnabler","BaseMod","Colored Map","Minty Spire (QoL Compilation)","Permanent Neow"],"gold_per_floor":[128,153,165,177,189,201,239,326,338,376,388,415,427,454,466,581,593,620,732,323,333,349,44,79,90,117,137,137,137,137],"floor_reached":29,"language":"ENG","playtime":961,"items_purged":["Recycle"],"score":316,"play_id":"8224c033-1876-44b7-96d1-4ef38de68d36","local_time":"20210120004545","is_ascension_mode":true,"campfire_choices":[{"data":"Static Discharge","floor":6,"key":"SMITH"},{"data":"Zap","floor":11,"key":"SMITH"},{"floor":13,"key":"REST"},{"data":"Leap","floor":15,"key":"SMITH"},{"data":"Defragment","floor":28,"key":"SMITH"}],"circlet_count":0,"master_deck":["Zap+1","Dualcast","Static Discharge+1","Thunder Strike","Melter","Leap+1","Rainbow+1","Echo Form","Hologram","Electrodynamics","Conserve Battery","Scrape","Glacier+1","All For One","Defragment+1","Ball Lightning","Defragment+1","Leap","Cold Snap","Ball Lightning"],"relics":["Cracked Core","MawBank","CultistMask","Mummified Hand","MealTicket","Tiny Chest","Matryoshka","Pandora\u0027s Box","Runic Capacitor","Bronze Scales","War Paint","ClockworkSouvenir","StrikeDummy","Blood Vial","Bag of Marbles"],"acts_visited":["Exordium","TheCity"],"potions_floor_usage":[7,16,16],"damage_taken":[{"damage":1,"enemies":"Cultist","floor":1,"turns":3},{"damage":2,"enemies":"Jaw Worm","floor":2,"turns":3},{"damage":15,"enemies":"3 Sentries","floor":7,"turns":5},{"damage":15,"enemies":"Lagavulin","floor":10,"turns":5},{"damage":7,"enemies":"2 Louse","floor":12,"turns":2},{"damage":20,"enemies":"Exordium Thugs","floor":14,"turns":2},{"damage":15,"enemies":"The Guardian","floor":16,"turns":9},{"damage":3,"enemies":"2 Thieves","floor":18,"turns":2},{"damage":11,"enemies":"Shell Parasite","floor":21,"turns":4},{"damage":0,"enemies":"Snecko","floor":22,"turns":3},{"damage":35,"enemies":"Slavers","floor":24,"turns":2},{"damage":3,"enemies":"Shelled Parasite and Fungi","floor":25,"turns":3},{"damage":4,"enemies":"3 Cultists","floor":27,"turns":4},{"damage":37,"enemies":"Snake Plant","floor":29,"turns":2}],"seed_played":"4964340657673322781","potions_obtained":[{"floor":1,"key":"AttackPotion"},{"floor":2,"key":"Energy Potion"},{"floor":10,"key":"Strength Potion"},{"floor":16,"key":"PotionOfCapacity"},{"floor":18,"key":"BlessingOfTheForge"},{"floor":25,"key":"FearPotion"}],"is_trial":false,"path_per_floor":["M","M","?","$","T","R","E","?","T","E","R","M","R","M","R","B",null,"M","?","$","M","M","$","E","M","T","M","R","M"],"character_chosen":"DEFECT","items_purchased":["Runic Capacitor","Ball Lightning","Bronze Scales","War Paint","ClockworkSouvenir"],"campfire_rested":1,"item_purchase_floors":[20,20,20,23,23],"current_hp_per_floor":[74,72,72,72,72,72,57,46,46,31,31,24,46,26,26,11,59,56,56,71,60,60,75,40,37,37,35,35,0,0],"gold":137,"neow_bonus":"RANDOM_COMMON_RELIC","is_daily":false,"chose_seed":false,"campfire_upgraded":4,"win_rate":0.0,"timestamp":1611121545,"path_taken":["M","M","?","?","?","R","E","?","T","E","R","M","R","M","R","BOSS","M","?","$","M","M","?","E","M","T","M","R","M"],"items_purchased_type":["Relic","Card","Relic","Relic","Relic"],"build_version":"2020-12-22","purchased_purges":1,"victory":false,"max_hp_per_floor":[75,75,75,75,75,75,75,75,75,75,75,75,75,75,75,75,75,75,75,75,75,75,75,75,75,75,75,75,75,75],"card_choices":[{"not_picked":["FTL","Stack"],"picked":"Static Discharge","floor":1},{"not_picked":["Aggregate","Compile Driver","Turbo"],"picked":"SKIP","floor":2},{"not_picked":["Steam","BootSequence"],"picked":"Thunder Strike","floor":7},{"not_picked":["Multi-Cast","Chill"],"picked":"Melter","floor":10},{"not_picked":["Sweeping Beam","Streamline"],"picked":"Leap","floor":12},{"not_picked":["Go for the Eyes","Gash","Rebound"],"picked":"SKIP","floor":14},{"not_picked":["Multi-Cast","All For One"],"picked":"Rainbow","floor":16},{"not_picked":["BootSequence","Force Field"],"picked":"Defragment+1","floor":18},{"not_picked":["Compile Driver","Consume"],"picked":"Defragment","floor":21},{"not_picked":["Recycle+1","Barrage"],"picked":"Leap","floor":22},{"not_picked":["Gash","Creative AI"],"picked":"Cold Snap","floor":24},{"not_picked":["Static Discharge","Blizzard","Redo"],"picked":"SKIP","floor":25},{"not_picked":["Compile Driver","Beam Cell+1"],"picked":"Ball Lightning","floor":27}],"player_experience":268884,"relics_obtained":[{"floor":5,"key":"Mummified Hand"},{"floor":7,"key":"MealTicket"},{"floor":9,"key":"Tiny Chest"},{"floor":10,"key":"Matryoshka"},{"floor":24,"key":"StrikeDummy"},{"floor":26,"key":"Blood Vial"},{"floor":26,"key":"Bag of Marbles"}],"event_choices":[{"damage_healed":0,"gold_gain":0,"player_choice":"Trade","damage_taken":0,"relics_obtained":["CultistMask"],"max_hp_gain":0,"max_hp_loss":0,"event_name":"FaceTrader","floor":3,"gold_loss":0},{"damage_healed":0,"gold_gain":75,"player_choice":"Gather Gold","damage_taken":11,"max_hp_gain":0,"max_hp_loss":0,"event_name":"World of Goop","floor":8,"gold_loss":0},{"damage_healed":0,"gold_gain":100,"player_choice":"Pray","damage_taken":0,"max_hp_gain":0,"max_hp_loss":0,"event_name":"Golden Shrine","floor":19,"gold_loss":0}],"is_beta":false,"boss_relics":[{"not_picked":["Ectoplasm","Runic Dome"],"picked":"Pandora\u0027s Box"}],"items_purged_floors":[20],"is_endless":false,"potions_floor_spawned":[1,2,10,16,18,25,27],"killed_by":"Snake Plant","ascension_level":5}}