{"host":"8i58hvcssdezoe94","time":1611171291,"event":{"mods":["Act Like it!","BaseMod","Colored Map","Conspire","Gensokyo","KinomotoSakuraMod(木之本樱)","Marisa（F雨　魔理沙）","Minty Spire (QoL Compilation)","Quick Restart","Remilia（蕾米莉亚）","Replay The Spire","StSLib","The Animator","The Bug Knight","The Construct","The Cursed","The Hierophant","The Jungle","The Servant 0.9.4"],"gold_per_floor":[110,122,149,149,149,178,51,51,76,176,192,205,239,14,14,113,113,126,226,237,160,160,160],"floor_reached":22,"language":"ZHS","playtime":1044,"items_purged":[],"score":192,"play_id":"7f08334c-a4b8-4f0d-8e64-e26f6200d48f","local_time":"20210121033451","is_ascension_mode":false,"campfire_choices":[{"data":"Zap","floor":8,"key":"SMITH"},{"floor":15,"key":"REST"}],"circlet_count":0,"master_deck":["Strike_B","Strike_B","Strike_B","Strike_B","Defend_B","Defend_B","Defend_B","Defend_B","Zap+1","Dualcast","Cold Snap","Redo","Glacier","Panic Button","Storm","Rebound","Capacitor","Loop","Creative AI","Streamline","Sweeping Beam","Conserve Battery","Core Surge","BasicCrystalCard","Ball Lightning","Steam+1","Self Repair"],"relics":["Cracked Core","NeowsBlessing","Bag of Preparation","Happy Flower","Replay:WaspNest","Regal Pillow","Sundial","Orrery","Shovel","Replay:Fungal Core","Ice Cream","conspire:InfiniteJournal"],"acts_visited":["Gensokyo:Gensokyo","Gensokyo:Gensokyoer"],"potions_floor_usage":[],"damage_taken":[{"damage":0,"enemies":"Gensokyo:3_Fairies","floor":1,"turns":1},{"damage":0,"enemies":"Gensokyo:2_Kodama","floor":2,"turns":1},{"damage":0,"enemies":"conspire:MimicChest","floor":3,"turns":1},{"damage":11,"enemies":"Gensokyo:Mamizou","floor":6,"turns":7},{"damage":1,"enemies":"Gensokyo:Python","floor":11,"turns":3},{"damage":11,"enemies":"Gensokyo:Kitsune","floor":12,"turns":6},{"damage":25,"enemies":"Gensokyo:Aya","floor":13,"turns":6},{"damage":23,"enemies":"Gensokyo:Kokoro","floor":16,"turns":9},{"damage":19,"enemies":"Gensokyo:3_Dogs","floor":18,"turns":4},{"damage":24,"enemies":"Gensokyo:3_Dogs","floor":19,"turns":9},{"damage":0,"enemies":"Gensokyo:Chomper","floor":20,"turns":4},{"damage":44,"enemies":"Gensokyo:Monolith_and_Dog","floor":22,"turns":5}],"seed_played":"-145806407652628745","potions_obtained":[{"floor":6,"key":"Fire Potion"},{"floor":11,"key":"DuplicationPotion"},{"floor":13,"key":"Doom Potion"},{"floor":20,"key":"PotionOfCapacity"}],"is_trial":false,"path_per_floor":["M","M","?","?","?","E","COS","R","T","?","M","M","E","$","R_BF","B",null,"M","?","M","$","M"],"character_chosen":"DEFECT","items_purchased":["Capacitor","Orrery","Self Repair"],"campfire_rested":1,"item_purchase_floors":[14,14,21],"current_hp_per_floor":[75,75,75,75,75,64,64,64,64,64,63,52,27,27,64,41,75,56,32,32,32,0,0],"gold":160,"neow_bonus":"THREE_ENEMY_KILL","is_daily":false,"chose_seed":false,"campfire_upgraded":1,"win_rate":0.0,"timestamp":1611171291,"path_taken":["M","M","?","?","?","E","COS","R","T","?","M","M","E","?","R_BF","BOSS","M","?","?","$","?"],"items_purchased_type":["Card","Relic","Card"],"build_version":"2020-12-22","purchased_purges":0,"victory":false,"max_hp_per_floor":[75,75,75,75,75,75,75,75,75,75,75,75,75,75,75,75,75,75,75,75,75,75,75],"card_choices":[{"not_picked":["Hologram","Gash"],"picked":"Rebound","floor":1},{"not_picked":["Coolheaded","Redo"],"picked":"Cold Snap","floor":2},{"not_picked":["Reprogram","Mirror Shield"],"picked":"Redo","floor":3},{"not_picked":["Beam Cell","Chill"],"picked":"Glacier","floor":6},{"not_picked":["Cold Snap","Coolheaded"],"picked":"Panic Button","floor":11},{"not_picked":["Beam Cell","Genetic Algorithm"],"picked":"Storm","floor":12},{"not_picked":["Compile Driver","Consume"],"picked":"Rebound","floor":13},{"not_picked":["Barrage","Gash"],"picked":"Loop","floor":14},{"not_picked":["Panic Button","Time Bomb"],"picked":"Creative AI","floor":14},{"not_picked":["Auto Shields","Tempest"],"picked":"Streamline","floor":14},{"not_picked":["Blizzard","Barrage"],"picked":"Sweeping Beam","floor":14},{"not_picked":["Recycle","Blizzard"],"picked":"Conserve Battery","floor":14},{"not_picked":["Amplify","Rainbow"],"picked":"Core Surge","floor":16},{"not_picked":["Sweeping Beam","conspire:SharedLibrary"],"picked":"BasicCrystalCard","floor":18},{"not_picked":["Gash+1","Leap+1"],"picked":"Ball Lightning","floor":19},{"not_picked":["Rebound+1","Conserve Battery"],"picked":"Steam+1","floor":20}],"player_experience":60973,"relics_obtained":[{"floor":3,"key":"Bag of Preparation"},{"floor":6,"key":"Replay:WaspNest"},{"floor":13,"key":"Sundial"},{"floor":19,"key":"Ice Cream"},{"floor":19,"key":"conspire:InfiniteJournal"}],"event_choices":[],"is_beta":false,"boss_relics":[{"not_picked":["Inserter","Replay:Drink Me"],"picked":"Replay:Fungal Core"}],"items_purged_floors":[],"is_endless":false,"potions_floor_spawned":[6,11,13,16,20],"killed_by":"Gensokyo:Monolith_and_Dog","ascension_level":0}}