{"host":"dz1qwalix8eproj8","time":1611159373,"event":{"mods":["AchievementEnabler","BaseMod","Block Reminder","Minty Spire (QoL Compilation)","Relic Stats","StSLib","SuperFastMode"],"gold_per_floor":[116,129,142,220,232,264,282,311,311,311,329,329,329,343,343,445,445,455,455,470,183,193,193,46,74,99,133,133,162,182,92,92,192,192,211,231,249,302,45,45,63,94,94,94,122,122,122,134,134,134],"floor_reached":51,"language":"ENG","playtime":4106,"items_purged":["Strike_B","Strike_B"],"score":1338,"play_id":"4c96666f-9614-4e71-b966-491d0e71a44d","local_time":"20210120171613","is_ascension_mode":true,"campfire_choices":[{"floor":10.0,"key":"DIG"},{"floor":12.0,"key":"DIG"},{"floor":15.0,"key":"DIG"},{"floor":23.0,"key":"DIG"},{"floor":28.0,"key":"DIG"},{"floor":32.0,"key":"DIG"},{"floor":40,"key":"DIG"},{"floor":44,"key":"DIG"},{"floor":46,"key":"DIG"},{"floor":49,"key":"DIG"}],"circlet_count":0,"master_deck":["Strike_B","Defend_B","Defend_B+1","Defend_B","Defend_B","Zap+1","Dualcast","Apotheosis+1","Sweeping Beam+1","Doom and Gloom","Melter+1","Tempest","Conserve Battery","Genetic Algorithm","Beam Cell","Hologram","Reboot","CurseOfTheBell","Redo+1","Defragment+1","Leap+1","Seek","Lockon+1","Rainbow+1","Rip and Tear","Defragment+1","Defragment+1"],"relics":["Cracked Core","Shuriken","Shovel","Blood Vial","Akabeko","Pear","HornCleat","Lantern","Calling Bell","Pen Nib","Frozen Egg 2","FossilizedHelix","Oddly Smooth Stone","Unceasing Top","Strawberry","Centennial Puzzle","Whetstone","Orichalcum","Happy Flower","Toy Ornithopter","Nunchaku","Fusion Hammer","Ginger","DataDisk","War Paint","PreservedInsect","Toxic Egg 2","Ancient Tea Set","Torii","InkBottle","Vajra"],"acts_visited":["Exordium","TheCity","TheBeyond"],"potions_floor_usage":[37,42,50,50],"damage_taken":[{"damage":0.0,"enemies":"Cultist","floor":1.0,"turns":4.0},{"damage":4.0,"enemies":"2 Louse","floor":2.0,"turns":2.0},{"damage":0.0,"enemies":"Small Slimes","floor":3.0,"turns":2.0},{"damage":11.0,"enemies":"Blue Slaver","floor":5.0,"turns":4.0},{"damage":22.0,"enemies":"Lagavulin","floor":6.0,"turns":5.0},{"damage":0.0,"enemies":"Lots of Slimes","floor":7.0,"turns":1.0},{"damage":0.0,"enemies":"Gremlin Nob","floor":8.0,"turns":3.0},{"damage":0.0,"enemies":"Large Slime","floor":11.0,"turns":2.0},{"damage":0.0,"enemies":"2 Fungi Beasts","floor":14.0,"turns":2.0},{"damage":31.0,"enemies":"The Guardian","floor":16.0,"turns":10.0},{"damage":0.0,"enemies":"Chosen","floor":18.0,"turns":5.0},{"damage":0.0,"enemies":"Spheric Guardian","floor":20.0,"turns":1.0},{"damage":0.0,"enemies":"Chosen and Byrds","floor":22.0,"turns":4.0},{"damage":17.0,"enemies":"Slavers","floor":25.0,"turns":5.0},{"damage":21.0,"enemies":"Gremlin Leader","floor":27.0,"turns":6.0},{"damage":0.0,"enemies":"Book of Stabbing","floor":29.0,"turns":4.0},{"damage":0.0,"enemies":"Cultist and Chosen","floor":30.0,"turns":5.0},{"damage":0.0,"enemies":"Champ","floor":33.0,"turns":7.0},{"damage":9,"enemies":"3 Darklings","floor":35,"turns":4},{"damage":0,"enemies":"Orb Walker","floor":36,"turns":3},{"damage":18,"enemies":"4 Shapes","floor":37,"turns":4},{"damage":29,"enemies":"2 Orb Walkers","floor":38,"turns":4},{"damage":0,"enemies":"Writhing Mass","floor":41,"turns":4},{"damage":8,"enemies":"Giant Head","floor":42,"turns":8},{"damage":0,"enemies":"Nemesis","floor":45,"turns":5},{"damage":1,"enemies":"Transient","floor":48,"turns":5},{"damage":0,"enemies":"Donu and Deca","floor":50,"turns":9}],"seed_played":"-5979301824537513491","potions_obtained":[{"floor":1.0,"key":"DistilledChaos"},{"floor":7.0,"key":"LiquidMemories"},{"floor":11.0,"key":"Block Potion"},{"floor":14.0,"key":"Swift Potion"},{"floor":16.0,"key":"Fruit Juice"},{"floor":18.0,"key":"Regen Potion"},{"floor":22.0,"key":"Block Potion"},{"floor":29.0,"key":"LiquidMemories"},{"floor":33.0,"key":"SteroidPotion"},{"floor":35,"key":"ColorlessPotion"},{"floor":37,"key":"BlessingOfTheForge"},{"floor":42,"key":"Swift Potion"}],"is_trial":false,"path_per_floor":["M","M","M","?","M","E","M","E","T","R","M","R","?","M","R","B",null,"M","?","M","$","M","R","$","E","T","E","R","E","M","?","R","B",null,"M","M","M","?","$","R","M","E","T","R","E","R","?","M","R","B",null],"character_chosen":"DEFECT","items_purchased":["Oddly Smooth Stone","Defragment+1","Strawberry","DataDisk"],"campfire_rested":0,"item_purchase_floors":[21,21,24,39],"current_hp_per_floor":[68,64,64,64,53,31,31,31,31,31,33,43,40,42,42,13,62,69,69,71,71,73,73,80,65,65,46,46,48,50,50,50,57,82,75,77,66,39,39,39,41,52,52,52,54,54,54,55,55,67],"gold":134,"neow_bonus":"RANDOM_COLORLESS_2","is_daily":false,"chose_seed":false,"campfire_upgraded":0,"win_rate":0.0,"timestamp":1611159373,"path_taken":["M","?","M","?","M","E","M","E","T","R","M","R","?","M","R","BOSS","M","?","M","$","?","R","$","E","T","E","R","E","M","?","R","BOSS","M","M","?","?","$","R","M","E","T","R","E","R","?","M","R","BOSS"],"items_purchased_type":["Relic","Card","Relic","Relic"],"build_version":"2020-12-22","purchased_purges":2,"victory":true,"max_hp_per_floor":[68,68,68,68,68,68,68,68,68,68,68,78,78,78,78,78,78,83,83,83,83,83,83,90,90,90,90,90,90,90,90,90,90,90,90,90,90,90,90,90,90,90,90,90,90,90,90,90,90,90],"relic_stats":{"Happy Flower":[20],"Torii":0,"counters":[27,118],"Pen Nib":[11],"PreservedInsect":50,"Whetstone":["Sweeping Beam","Melter"],"Ginger":[2],"Orichalcum":[48],"War Paint":["Rainbow","Defend_B"],"Blood Vial":40,"Centennial Puzzle":[18],"Nunchaku":[7],"Shovel":10,"Shuriken":[14],"obtain_stats":[{"Lantern":15,"Torii":45,"Vajra":49,"Whetstone":26,"Ginger":38,"Ancient Tea Set":44,"Blood Vial":9,"Centennial Puzzle":25,"Nunchaku":32,"Shovel":8,"HornCleat":13,"Strawberry":24,"Fusion Hammer":34,"Toxic Egg 2":43,"Cracked Core":0,"InkBottle":46,"Pear":12,"Happy Flower":28,"Oddly Smooth Stone":21,"Pen Nib":17,"PreservedInsect":42,"Frozen Egg 2":17,"Orichalcum":27,"War Paint":40,"Akabeko":10,"Calling Bell":17,"DataDisk":39,"Shuriken":6,"FossilizedHelix":17,"Unceasing Top":23,"Toy Ornithopter":29},{"Lantern":9,"Torii":25,"Vajra":26,"Whetstone":14,"Ginger":22,"Ancient Tea Set":24,"Blood Vial":7,"Centennial Puzzle":14,"Nunchaku":17,"Shovel":7,"HornCleat":8,"Strawberry":13,"Fusion Hammer":18,"Toxic Egg 2":24,"Cracked Core":0,"InkBottle":25,"Pear":8,"Happy Flower":15,"Oddly Smooth Stone":12,"Pen Nib":10,"PreservedInsect":24,"Frozen Egg 2":10,"Orichalcum":15,"War Paint":22,"Akabeko":7,"Calling Bell":10,"DataDisk":22,"Shuriken":5,"FossilizedHelix":10,"Unceasing Top":13,"Toy Ornithopter":16},{"Lantern":25,"Torii":104,"Vajra":109,"Whetstone":50,"Ginger":87,"Ancient Tea Set":99,"Blood Vial":21,"Centennial Puzzle":50,"Nunchaku":65,"Shovel":21,"HornCleat":23,"Strawberry":45,"Fusion Hammer":72,"Toxic Egg 2":99,"Cracked Core":0,"InkBottle":104,"Pear":23,"Happy Flower":56,"Oddly Smooth Stone":41,"Pen Nib":35,"PreservedInsect":99,"Frozen Egg 2":35,"Orichalcum":56,"War Paint":87,"Akabeko":21,"Calling Bell":35,"DataDisk":87,"Shuriken":17,"FossilizedHelix":35,"Unceasing Top":45,"Toy Ornithopter":60}],"Unceasing Top":[22],"Toy Ornithopter":25,"InkBottle":[6]},"card_choices":[{"not_picked":["Magnetism","Master of Strategy"],"picked":"Apotheosis","floor":0.0},{"not_picked":["Gash","Barrage"],"picked":"Sweeping Beam","floor":1.0},{"not_picked":["Blizzard","Force Field"],"picked":"Doom and Gloom","floor":2.0},{"not_picked":["Sweeping Beam","Gash"],"picked":"Melter","floor":3.0},{"not_picked":["Redo","Leap"],"picked":"Tempest","floor":5.0},{"not_picked":["Melter","All For One"],"picked":"Conserve Battery","floor":6.0},{"not_picked":["Coolheaded","Sweeping Beam"],"picked":"Genetic Algorithm","floor":7.0},{"not_picked":["Cold Snap","Gash"],"picked":"Beam Cell","floor":8.0},{"not_picked":["Ball Lightning","Storm"],"picked":"Hologram","floor":11.0},{"not_picked":["Sweeping Beam","Melter","Hello World"],"picked":"SKIP","floor":14.0},{"not_picked":["Echo Form","Meteor Strike"],"picked":"Reboot","floor":16.0},{"not_picked":["Compile Driver","Steam+1"],"picked":"Redo+1","floor":18.0},{"not_picked":["Ball Lightning","Hello World+1","Force Field"],"picked":"SKIP","floor":20.0},{"not_picked":["Melter","Beam Cell","Steam Power"],"picked":"SKIP","floor":22.0},{"not_picked":["Go for the Eyes","Fusion+1"],"picked":"Leap+1","floor":25.0},{"not_picked":["Gash","Conserve Battery+1"],"picked":"Seek","floor":27.0},{"not_picked":["Hologram+1","Blizzard+1","Stack"],"picked":"SKIP","floor":29.0},{"not_picked":["Go for the Eyes","Self Repair+1"],"picked":"Lockon+1","floor":30.0},{"not_picked":["All For One","Thunder Strike"],"picked":"Rainbow","floor":33.0},{"not_picked":["Gash+1","Conserve Battery+1"],"picked":"Rip and Tear","floor":35},{"not_picked":["Cold Snap+1","Doom and Gloom","Leap"],"picked":"SKIP","floor":36},{"not_picked":["Coolheaded+1","Gash","Fusion"],"picked":"SKIP","floor":37},{"not_picked":["Reboot","Heatsinks+1"],"picked":"Defragment+1","floor":41},{"not_picked":["Steam Power","Glacier","Sweeping Beam+1"],"picked":"SKIP","floor":42},{"not_picked":["Genetic Algorithm+1","Fusion+1","Hello World+1"],"picked":"SKIP","floor":45},{"not_picked":["Go for the Eyes+1","Cold Snap"],"picked":"Defragment+1","floor":48}],"player_experience":584802,"relics_obtained":[{"floor":6.0,"key":"Shuriken"},{"floor":8.0,"key":"Shovel"},{"floor":9.0,"key":"Blood Vial"},{"floor":10.0,"key":"Akabeko"},{"floor":12.0,"key":"Pear"},{"floor":15.0,"key":"Lantern"},{"floor":17.0,"key":"Pen Nib"},{"floor":17.0,"key":"Frozen Egg 2"},{"floor":17.0,"key":"FossilizedHelix"},{"floor":23.0,"key":"Unceasing Top"},{"floor":25.0,"key":"Centennial Puzzle"},{"floor":26.0,"key":"Whetstone"},{"floor":27.0,"key":"Orichalcum"},{"floor":28.0,"key":"Happy Flower"},{"floor":29.0,"key":"Toy Ornithopter"},{"floor":32.0,"key":"Nunchaku"},{"floor":38,"key":"Ginger"},{"floor":40,"key":"War Paint"},{"floor":42,"key":"PreservedInsect"},{"floor":43,"key":"Toxic Egg 2"},{"floor":44,"key":"Ancient Tea Set"},{"floor":45,"key":"Torii"},{"floor":46,"key":"InkBottle"},{"floor":49,"key":"Vajra"}],"event_choices":[{"damage_healed":0.0,"max_hp_gain":0.0,"max_hp_loss":0.0,"gold_gain":78.0,"event_name":"Golden Wing","player_choice":"Gained Gold","floor":4.0,"gold_loss":0.0,"damage_taken":0.0},{"damage_healed":0.0,"max_hp_gain":0.0,"max_hp_loss":0.0,"gold_gain":0.0,"event_name":"Scrap Ooze","player_choice":"Success","floor":13.0,"gold_loss":0.0,"damage_taken":3.0,"relics_obtained":["HornCleat"]},{"damage_healed":0.0,"max_hp_gain":0.0,"max_hp_loss":0.0,"gold_gain":0.0,"event_name":"Upgrade Shrine","player_choice":"Upgraded","floor":19.0,"gold_loss":0.0,"damage_taken":0.0,"cards_upgraded":["Apotheosis"]},{"cards_removed":["Strike_B"],"damage_healed":0.0,"max_hp_gain":0.0,"max_hp_loss":0.0,"gold_gain":0.0,"event_name":"Designer","player_choice":"Upgrade and Remove","floor":31.0,"gold_loss":90.0,"damage_taken":0.0,"cards_upgraded":["Zap"]},{"damage_healed":0,"gold_gain":0,"player_choice":"Fight","damage_taken":0,"max_hp_gain":0,"max_hp_loss":0,"event_name":"Mysterious Sphere","floor":38,"gold_loss":0},{"damage_healed":0,"gold_gain":0,"player_choice":"Bought 0 Potions","damage_taken":0,"max_hp_gain":0,"max_hp_loss":0,"event_name":"The Woman in Blue","floor":47,"gold_loss":0}],"is_beta":false,"boss_relics":[{"not_picked":["Pandora\u0027s Box","Snecko Eye"],"picked":"Calling Bell"},{"not_picked":["Runic Pyramid","Busted Crown"],"picked":"Fusion Hammer"}],"items_purged_floors":[21,39],"is_endless":false,"potions_floor_spawned":[1,7,11,14,16,18,22,29,33,35,37,38,42],"ascension_level":8}}