{"host":"u4zac1ah2fyo4jwu","time":1611144546,"event":{"mods":["AchievementEnabler","BaseMod","Keyboard Shortcuts","Minty Spire (QoL Compilation)","Quick Restart","Rare Cards Sparkle","SuperFastMode"],"gold_per_floor":[114,114,114,133,208,208,243,243,323,335,335,349,366,396,396,501,501,520,536,536,554,554,268,268,296,296,312,312,22,22,52,52,151,151,164,5,5,1004,1015,1015,1015,1015,1015,1015,1027,1043,531,584,584,584],"floor_reached":51,"language":"KOR","playtime":1932,"items_purged":["Normality"],"score":766,"play_id":"ccf891ff-c10b-4947-b9cc-80eca228d70a","local_time":"20210120210906","is_ascension_mode":false,"campfire_choices":[{"data":"Clash","floor":6,"key":"SMITH"},{"data":"Heavy Blade","floor":8,"key":"SMITH"},{"data":"Intimidate","floor":11,"key":"SMITH"},{"data":"Juggernaut","floor":15,"key":"SMITH"},{"floor":30,"key":"REST"},{"data":"Ghostly","floor":32,"key":"SMITH"},{"floor":40,"key":"REST"},{"floor":42,"key":"REST"},{"data":"Apotheosis","floor":44,"key":"SMITH"},{"data":"Mayhem","floor":49,"key":"SMITH"}],"circlet_count":0,"master_deck":["Strike_R","Strike_R","Strike_R","Strike_R","Strike_R","Defend_R+1","Defend_R","Defend_R+1","Bash","Clash+1","Clash+1","Heavy Blade+1","Intimidate+1","Blood for Blood","Thunderclap","Juggernaut+1","Feed","Perfected Strike","Perfected Strike+1","Rampage","Ghostly+1","Ghostly","Ghostly","Ghostly","Ghostly","Power Through","Anger+1","Cleave+1","Double Tap","CurseOfTheBell","Dropkick+1","Apotheosis+1","Clash+1","Normality","Body Slam+1","Discovery","Finesse","Swift Strike+1","Heavy Blade+1","Clothesline+1","Ghostly+1","Dark Shackles","Mayhem+1"],"relics":["Burning Blood","War Paint","Darkstone Periapt","Oddly Smooth Stone","Busted Crown","Nilry\u0027s Codex","Bag of Marbles","Bronze Scales","Molten Egg 2","Centennial Puzzle","Membership Card","Shuriken","Matryoshka","Calling Bell","Happy Flower","Self Forming Clay","Bird Faced Urn","Orichalcum","MealTicket","DollysMirror","Kunai","Prayer Wheel","Frozen Egg 2","Nunchaku"],"acts_visited":["Exordium","TheCity","TheBeyond"],"potions_floor_usage":[7,12,14,21,21,23,25,33,33,50,50],"damage_taken":[{"damage":4,"enemies":"2 Louse","floor":1,"turns":3},{"damage":3,"enemies":"Small Slimes","floor":4,"turns":3},{"damage":26,"enemies":"Lagavulin","floor":7,"turns":4},{"damage":0,"enemies":"Jaw Worm","floor":10,"turns":1},{"damage":6,"enemies":"Exordium Wildlife","floor":12,"turns":3},{"damage":0,"enemies":"Lots of Slimes","floor":13,"turns":4},{"damage":12,"enemies":"Gremlin Nob","floor":14,"turns":3},{"damage":58,"enemies":"The Guardian","floor":16,"turns":8},{"damage":11,"enemies":"2 Thieves","floor":18,"turns":3},{"damage":38,"enemies":"3 Byrds","floor":19,"turns":6},{"damage":9,"enemies":"Snake Plant","floor":21,"turns":3},{"damage":13,"enemies":"Book of Stabbing","floor":25,"turns":7},{"damage":11,"enemies":"Shelled Parasite and Fungi","floor":27,"turns":4},{"damage":6,"enemies":"Slavers","floor":31,"turns":7},{"damage":33,"enemies":"Automaton","floor":33,"turns":9},{"damage":6,"enemies":"3 Shapes","floor":35,"turns":4},{"damage":15,"enemies":"Orb Walker","floor":39,"turns":3},{"damage":17,"enemies":"Maw","floor":45,"turns":7},{"damage":20,"enemies":"Spire Growth","floor":46,"turns":3},{"damage":84,"enemies":"Time Eater","floor":50,"turns":11}],"seed_played":"-4634821115440685408","potions_obtained":[{"floor":4,"key":"AttackPotion"},{"floor":7,"key":"BlessingOfTheForge"},{"floor":12,"key":"Regen Potion"},{"floor":19,"key":"AttackPotion"},{"floor":20,"key":"CultistPotion"},{"floor":20,"key":"SkillPotion"},{"floor":20,"key":"HeartOfIron"},{"floor":25,"key":"BlessingOfTheForge"},{"floor":31,"key":"BloodPotion"},{"floor":45,"key":"SkillPotion"},{"floor":46,"key":"FairyPotion"}],"is_trial":false,"path_per_floor":["M","?","?","M","?","R","E","R","T","M","R","M","M","E","R","B",null,"M","M","?","M","?","$","?","E","T","M","?","$","R","E","R","B",null,"M","$","?","?","M","R","?","R","T","R","M","M","$","T","R","B",null],"character_chosen":"IRONCLAD","items_purchased":["Bag of Marbles","EssenceOfSteel","BloodPotion","Membership Card","Shuriken","Anger+1","Apotheosis","Regen Potion","Clash+1","DollysMirror","Dark Shackles","Mayhem","Kunai","Prayer Wheel"],"campfire_rested":3,"item_purchase_floors":[23,23,23,29,29,29,36,36,36,47,47,47,47,47],"current_hp_per_floor":[88,88,88,88,77,77,57,57,57,63,63,63,69,72,72,20,88,83,51,51,48,32,49,44,37,37,32,32,32,44,44,44,17,50,53,53,53,65,56,65,55,65,65,65,54,42,57,57,57,39],"gold":584,"neow_bonus":"TEN_PERCENT_HP_BONUS","is_daily":false,"chose_seed":false,"campfire_upgraded":7,"win_rate":0.0,"timestamp":1611144546,"path_taken":["M","?","?","M","?","R","E","R","T","M","R","M","M","E","R","BOSS","M","M","?","?","?","?","?","E","T","M","?","$","R","E","R","BOSS","M","$","?","?","M","R","?","R","T","R","M","M","$","?","R","BOSS"],"items_purchased_type":["Relic","Potion","Potion","Relic","Relic","Card","Card","Potion","Card","Relic","Card","Card","Relic","Relic"],"build_version":"2020-12-22","purchased_purges":1,"victory":true,"max_hp_per_floor":[88,88,88,88,88,88,88,88,88,88,88,88,88,88,88,88,88,88,88,88,88,88,88,44,44,44,44,44,44,44,44,44,44,50,53,53,53,65,65,65,65,65,65,65,65,65,65,65,65,65],"card_choices":[{"not_picked":["Wild Strike","Perfected Strike"],"picked":"Clash","floor":1},{"not_picked":["Rage","Pummel"],"picked":"Clash","floor":4},{"not_picked":["Second Wind","Warcry"],"picked":"Heavy Blade","floor":7},{"not_picked":["Battle Trance","Armaments"],"picked":"Intimidate","floor":10},{"not_picked":["Sword Boomerang","Perfected Strike"],"picked":"Blood for Blood","floor":12},{"not_picked":["Intimidate","Bloodletting"],"picked":"Thunderclap","floor":13},{"not_picked":["Sword Boomerang","Wild Strike"],"picked":"Juggernaut","floor":14},{"not_picked":["Juggernaut","Bludgeon"],"picked":"Feed","floor":16},{"not_picked":[],"picked":"Perfected Strike","floor":18},{"not_picked":[],"picked":"Perfected Strike+1","floor":19},{"not_picked":[],"picked":"Rampage","floor":21},{"not_picked":[],"picked":"Power Through","floor":25},{"not_picked":["True Grit"],"picked":"SKIP","floor":27},{"not_picked":[],"picked":"Cleave+1","floor":31},{"not_picked":[],"picked":"Double Tap","floor":33},{"not_picked":[],"picked":"Dropkick+1","floor":35},{"not_picked":[],"picked":"Body Slam+1","floor":39},{"not_picked":[],"picked":"Discovery","floor":41},{"not_picked":[],"picked":"Finesse","floor":41},{"not_picked":[],"picked":"Swift Strike+1","floor":41},{"not_picked":[],"picked":"Heavy Blade+1","floor":45},{"not_picked":[],"picked":"Clothesline+1","floor":46}],"player_experience":9721,"relics_obtained":[{"floor":7,"key":"War Paint"},{"floor":9,"key":"Darkstone Periapt"},{"floor":14,"key":"Oddly Smooth Stone"},{"floor":22,"key":"Nilry\u0027s Codex"},{"floor":25,"key":"Bronze Scales"},{"floor":26,"key":"Molten Egg 2"},{"floor":28,"key":"Centennial Puzzle"},{"floor":31,"key":"Matryoshka"},{"floor":34,"key":"Happy Flower"},{"floor":34,"key":"Self Forming Clay"},{"floor":34,"key":"Bird Faced Urn"},{"floor":43,"key":"Orichalcum"},{"floor":43,"key":"MealTicket"},{"floor":48,"key":"Frozen Egg 2"},{"floor":48,"key":"Nunchaku"}],"event_choices":[{"damage_healed":0,"gold_gain":0,"player_choice":"Grow","damage_taken":0,"max_hp_gain":0,"max_hp_loss":0,"event_name":"Living Wall","floor":2,"gold_loss":0,"cards_upgraded":["Clash"]},{"damage_healed":0,"gold_gain":0,"player_choice":"Leave","damage_taken":0,"max_hp_gain":0,"max_hp_loss":0,"event_name":"The Cleric","floor":3,"gold_loss":0},{"damage_healed":0,"gold_gain":75,"player_choice":"Gather Gold","damage_taken":11,"max_hp_gain":0,"max_hp_loss":0,"event_name":"World of Goop","floor":5,"gold_loss":0},{"damage_healed":0,"gold_gain":0,"player_choice":"Got Potions","damage_taken":0,"max_hp_gain":0,"max_hp_loss":0,"event_name":"Lab","floor":20,"gold_loss":0},{"damage_healed":0,"gold_gain":0,"player_choice":"Obtained Book","damage_taken":16,"max_hp_gain":0,"max_hp_loss":0,"event_name":"Cursed Tome","floor":22,"gold_loss":0},{"damage_healed":0,"gold_gain":0,"player_choice":"Became a Ghost","damage_taken":0,"max_hp_gain":0,"max_hp_loss":44,"event_name":"Ghosts","floor":24,"gold_loss":0,"cards_obtained":["Ghostly","Ghostly","Ghostly","Ghostly","Ghostly"]},{"damage_healed":0,"gold_gain":0,"player_choice":"Relic","damage_taken":0,"max_hp_gain":0,"max_hp_loss":0,"event_name":"Wheel of Change","floor":28,"gold_loss":0},{"cards_removed":["Defend_R"],"damage_healed":0,"gold_gain":0,"player_choice":"Removed Skill","damage_taken":0,"max_hp_gain":0,"max_hp_loss":0,"event_name":"Falling","floor":37,"gold_loss":0},{"damage_healed":0,"gold_gain":999,"player_choice":"Gold","damage_taken":0,"max_hp_gain":0,"max_hp_loss":0,"event_name":"MindBloom","floor":38,"gold_loss":0,"cards_obtained":["Normality","Normality"]},{"damage_healed":0,"gold_gain":0,"player_choice":"Memory 3","damage_taken":10,"max_hp_gain":0,"max_hp_loss":0,"event_name":"SensoryStone","floor":41,"gold_loss":0}],"is_beta":false,"boss_relics":[{"not_picked":["Runic Pyramid","Coffee Dripper"],"picked":"Busted Crown"},{"not_picked":["Runic Dome","Sozu"],"picked":"Calling Bell"}],"items_purged_floors":[47],"is_endless":false,"potions_floor_spawned":[4,7,12,19,25,31,45,46],"ascension_level":0}}