{"host":"tf5skwcwe0vlu2md","time":1611152718,"event":{"mods":["BaseMod","Downfall","Highlight Path","Minty Spire (QoL Compilation)","Quick Restart","StSLib","The Hierophant"],"gold_per_floor":[109,122,137,137,148,190,190,190,190],"floor_reached":8,"playtime":341,"items_purged":[],"score":70,"play_id":"1dd3b9ae-73fc-4e15-b36c-efbad9489ec3","local_time":"20210121012518","is_ascension_mode":true,"campfire_choices":[{"floor":7,"key":"REST"}],"circlet_count":0,"master_deck":["Strike_R","Strike_R+1","Strike_R","Strike_R","Strike_R","Defend_R","Defend_R","Defend_R","Defend_R","Bash+1","Sword Boomerang","Shockwave","Seeing Red","Cleave"],"relics":["Burning Blood","CeramicFish"],"acts_visited":["Exordium"],"potions_floor_usage":[6,6],"damage_taken":[{"damage":4,"enemies":"2 Louse","floor":1,"turns":3},{"damage":13,"enemies":"Small Slimes","floor":2,"turns":3},{"damage":1,"enemies":"Cultist","floor":3,"turns":3},{"damage":24,"enemies":"Exordium Thugs","floor":5,"turns":5},{"damage":44,"enemies":"3 Sentries","floor":6,"turns":10},{"damage":57,"enemies":"Lagavulin","floor":8,"turns":6}],"seed_played":"1651204707587568889","potions_obtained":[{"floor":2,"key":"EssenceOfSteel"},{"floor":3,"key":"FearPotion"},{"floor":5,"key":"champ:CounterPotion"}],"is_trial":false,"path_per_floor":["M","M","M","?","M","E","R","E"],"character_chosen":"IRONCLAD","items_purchased":[],"campfire_rested":1,"item_purchase_floors":[],"current_hp_per_floor":[88,81,86,68,50,12,38,0,0],"gold":190,"neow_bonus":"TEN_PERCENT_HP_BONUS","is_daily":false,"chose_seed":false,"campfire_upgraded":0,"win_rate":0.0,"timestamp":1611152718,"path_taken":["M","M","M","?","M","E","R","E"],"items_purchased_type":[],"build_version":"2020-12-13","purchased_purges":0,"victory":false,"max_hp_per_floor":[88,88,88,88,88,88,88,88,88],"card_choices":[{"not_picked":["Body Slam","Warcry"],"picked":"Sword Boomerang","floor":1},{"not_picked":["Armaments","Metallicize","Anger"],"picked":"SKIP","floor":2},{"not_picked":["Dropkick","Searing Blow"],"picked":"Shockwave","floor":3},{"not_picked":["Berserk","Havoc"],"picked":"Seeing Red","floor":5},{"not_picked":["Armaments","Seeing Red"],"picked":"Cleave","floor":6}],"player_experience":232235,"relics_obtained":[{"floor":6,"key":"CeramicFish"}],"event_choices":[{"damage_healed":0,"gold_gain":0,"player_choice":"Entered Light","damage_taken":18,"max_hp_gain":0,"max_hp_loss":0,"event_name":"Shining Light","floor":4,"gold_loss":0,"cards_upgraded":["Strike_R","Bash"]}],"is_beta":false,"boss_relics":[],"items_purged_floors":[],"is_endless":false,"potions_floor_spawned":[2,3,5],"killed_by":"Lagavulin","ascension_level":4}}