{"host":"00tqcjwpycel7e54","time":1611150147,"event":{"mods":["ATMod(阿瑾Mod)","Act Like it!","Aspiration","BaseMod","Colored Powertips","Gensokyo","Hallownest","Hermit","Highlight Path","Hubris","Koishi","LagranYue(拉格朗・月)","Lobotomy","Luminous","Marisa（F雨　魔理沙）","Minty Spire (QoL Compilation)","Pale of the Ancients","Remilia（蕾米莉亚）","Robot Space Explorer","SOS（斯巴达之子）","Shop Mod","Spicy Shops","StSLib","The Administrix","The Animator","The Bug Knight","The Construct","The Cursed","The Gatherer","The Hierophant","The Jungle","The Mystic","The Runesmith","The Servant 0.9.4","Youmu（魂魄妖梦）","Yuyuko","[IsaacMod]以撒尖塔","vexMod","【遗物卡牌】REMEMod"],"gold_per_floor":[110,110,120,133,133,133,133],"floor_reached":6,"language":"ZHS","playtime":329,"items_purged":[],"score":72,"play_id":"4bf43528-57c2-4279-aeec-b330332fefdd","local_time":"20210120214227","is_ascension_mode":true,"campfire_choices":[],"circlet_count":0,"master_deck":["AscendersBane","Strike_R","Strike_R","Strike_R","Strike_R","Strike_R","Defend_R","Defend_R","Defend_R","Defend_R","Bash","Heavy Blade","Writhe","Cleave"],"relics":["AT_ATBox","REME_ComplimentaryCards","HushsDoor","KeepersGift","LagranYue:RandomDrawCardRelic","vexMod:MysteryBossChallenge","SlaversCollar"],"acts_visited":["Hallownest:Greenpath"],"potions_floor_usage":[],"damage_taken":[{"damage":11,"enemies":"2_ Uuma","floor":1,"turns":8},{"damage":9,"enemies":"Hallownest:2_MossCreeps","floor":3,"turns":8},{"damage":11,"enemies":"Hallownest:2_Baldur","floor":4,"turns":4},{"damage":32,"enemies":"Hallownest:eliteVengeflyKing","floor":6,"turns":7}],"seed_played":"-7928795343570280474","potions_obtained":[{"floor":1,"key":"BlessingOfTheForge"}],"is_trial":false,"path_per_floor":["M","?","M","M","?","E"],"character_chosen":"IRONCLAD","items_purchased":[],"campfire_rested":0,"item_purchase_floors":[],"current_hp_per_floor":[57,66,57,46,31,0,0],"gold":133,"neow_bonus":"BOSS_RELIC","is_daily":false,"chose_seed":false,"campfire_upgraded":0,"win_rate":0.0,"timestamp":1611150147,"path_taken":["M","?","?","M","?","E"],"items_purchased_type":[],"build_version":"2020-12-22","purchased_purges":0,"victory":false,"max_hp_per_floor":[75,84,84,84,84,84,84],"card_choices":[{"not_picked":["Hemokinesis","Combust"],"picked":"Heavy Blade","floor":1},{"not_picked":["Havoc","Fire Breathing"],"picked":"Cleave","floor":3},{"not_picked":["Combust","Flame Barrier","Cleave"],"picked":"SKIP","floor":4}],"player_experience":671901,"relics_obtained":[],"event_choices":[],"is_beta":false,"boss_relics":[],"items_purged_floors":[],"is_endless":false,"potions_floor_spawned":[1],"killed_by":"Hallownest:eliteVengeflyKing","ascension_level":20}}