{"host":"hrvs05np4ys7itky","time":1611106042,"event":{"mods":["BaseMod","Colored Map","Colored Powertips","Downfall","Emptier Cage","Highlight Path","Minty Spire (QoL Compilation)","Permanent Neow","Rare Cards Sparkle","Relic Stats","StSLib","everything is the same but u backflip on backflip"],"gold_per_floor":[119,10,26,26,36,36,63,78,103,103,103,103],"floor_reached":11,"language":"ENG","playtime":610,"items_purged":["Normality"],"score":128,"play_id":"3bb35926-640a-4336-a762-198421593c6a","local_time":"20210119202722","is_ascension_mode":true,"campfire_choices":[],"circlet_count":0,"master_deck":["AscendersBane","Strike_G","Strike_G","Strike_G","Strike_G","Defend_G","Defend_G","Defend_G","Defend_G","Defend_G","Survivor","Neutralize","Noxious Fumes","Footwork","Dagger Spray","Poisoned Stab","PiercingWail","Backstab","Pain"],"relics":["Ring of the Snake","Incense Burner","Potion Belt","Oddly Smooth Stone","Juzu Bracelet","WarpedTongs"],"acts_visited":["Exordium"],"potions_floor_usage":[8],"damage_taken":[{"damage":0,"enemies":"2 Louse","floor":1,"turns":3},{"damage":0,"enemies":"Jaw Worm","floor":3,"turns":7},{"damage":0,"enemies":"Cultist","floor":5,"turns":4},{"damage":16,"enemies":"3 Sentries","floor":7,"turns":8},{"damage":1,"enemies":"Exordium Thugs","floor":8,"turns":3},{"damage":19,"enemies":"Gremlin Nob","floor":11,"turns":4}],"seed_played":"4837313075222866098","potions_obtained":[{"floor":1,"key":"AttackPotion"}],"is_trial":false,"path_per_floor":["M","$","M","?","M","?","E","M","T","?","E"],"character_chosen":"THE_SILENT","items_purchased":["Footwork"],"campfire_rested":0,"item_purchase_floors":[2],"current_hp_per_floor":[59,59,59,54,54,54,38,37,37,37,18,18],"gold":103,"neow_bonus":"ONE_RARE_RELIC","is_daily":false,"chose_seed":false,"campfire_upgraded":0,"win_rate":0.0,"timestamp":1611106042,"path_taken":["M","$","M","?","M","?","E","M","T","?","E"],"items_purchased_type":["Card"],"build_version":"2020-12-22","purchased_purges":1,"victory":false,"max_hp_per_floor":[66,66,66,66,66,66,66,66,66,66,66,66],"relic_stats":{"counters":[6,29],"Juzu Bracelet":1,"obtain_stats":[{"Potion Belt":4,"Oddly Smooth Stone":7,"Incense Burner":0,"Juzu Bracelet":9,"Ring of the Snake":0,"WarpedTongs":10},{"Potion Belt":2,"Oddly Smooth Stone":4,"Incense Burner":0,"Juzu Bracelet":5,"Ring of the Snake":0,"WarpedTongs":5},{"Potion Belt":10,"Oddly Smooth Stone":22,"Incense Burner":0,"Juzu Bracelet":25,"Ring of the Snake":0,"WarpedTongs":25}],"Ring of the Snake":[12],"WarpedTongs":[4]},"card_choices":[{"not_picked":["Poisoned Stab","Underhanded Strike"],"picked":"Noxious Fumes","floor":1},{"not_picked":["Prepared","Crippling Poison"],"picked":"Dagger Spray","floor":3},{"not_picked":["Tactician","Flechettes","Flying Knee"],"picked":"SKIP","floor":5},{"not_picked":["Quick Slash","Riddle With Holes"],"picked":"PiercingWail","floor":7},{"not_picked":["Slice","Underhanded Strike"],"picked":"Backstab","floor":8}],"player_experience":1009020,"relics_obtained":[{"floor":7,"key":"Oddly Smooth Stone"},{"floor":9,"key":"Juzu Bracelet"}],"event_choices":[{"damage_healed":0,"gold_gain":0,"player_choice":"Success","damage_taken":5,"relics_obtained":["Potion Belt"],"max_hp_gain":0,"max_hp_loss":0,"event_name":"Scrap Ooze","floor":4,"gold_loss":0},{"damage_healed":0,"gold_gain":0,"cards_transformed":["Strike_G"],"player_choice":"Transformed","damage_taken":0,"max_hp_gain":0,"max_hp_loss":0,"event_name":"Transmorgrifier","floor":6,"gold_loss":0,"cards_obtained":["Poisoned Stab"]},{"damage_healed":0,"gold_gain":0,"player_choice":"Rummage","damage_taken":0,"relics_obtained":["WarpedTongs"],"max_hp_gain":0,"max_hp_loss":0,"event_name":"Accursed Blacksmith","floor":10,"gold_loss":0,"cards_obtained":["Pain"]}],"is_beta":false,"boss_relics":[],"items_purged_floors":[2],"is_endless":false,"potions_floor_spawned":[1],"killed_by":"Gremlin Nob","ascension_level":15}}