{"host":"1ecbliur7lfoj0sl","time":1611121935,"event":{"mods":["BaseMod","Downfall","Minty Spire (QoL Compilation)","StSLib","The Senshi","Waifu the Spire"],"gold_per_floor":[0,11,11,11,66,91,149,193,216,128,152,164,201,228,251,361,373,385,410,422,454,486,498,557,584,622,651,563,336,336,551,566,667,667,667,667,687,687,697,726,726,393,404,243,271,52,52,62,82,82],"floor_reached":51,"language":"ZHS","playtime":2972,"items_purged":["bronze:Defend","bronze:Strike","bronze:Defend","bronze:Defend"],"score":1262,"play_id":"9d72242d-9c3f-4428-9417-180e791a837a","local_time":"20210120135215","is_ascension_mode":false,"campfire_choices":[{"data":"bronze:Goto","floor":1.0,"key":"SMITH"},{"data":"bronze:ChildClass","floor":10.0,"key":"SMITH"},{"data":"bronze:HardenedForm","floor":18.0,"key":"SMITH"},{"data":"bronze:Deprecate","floor":28.0,"key":"SMITH"},{"data":"bronze:BronzeArmor","floor":35.0,"key":"SMITH"},{"data":"bronze:Return","floor":47,"key":"SMITH"}],"circlet_count":0,"master_deck":["bronze:Defend+1","bronze:Replicate","bronze:Goto+1","bronze:ChildClass+1","bronze:ChosenStrike","bronze:FineTuning+1","bronze:HardenedForm+1","bronze:Mutator+1","bronze:Deprecate+1","bronze:BronzeArmor+1","bronze:Assembly","bronze:MaxOutput","bronze:Return+1","bronze:ItsAFeature","bronze:MaxOutput+1","bronze:ClassDefault"],"relics":["bronze:BronzeCore","Dream Catcher","MawBank","War Paint","Molten Egg 2","downfall:HeartBlessingGreen","bronze:SilverBullet","Centennial Puzzle","expansioncontent:StudyCardRelic","theSenshi:SailorFukuRelic","downfall:HeartBlessingBlue","HandDrill","Kunai","Sozu","Sundial","Pen Nib","InkBottle","Lizard Tail"],"acts_visited":["Exordium","TheCity","TheBeyond"],"potions_floor_usage":[],"damage_taken":[{"damage":2.0,"enemies":"Small Slimes","floor":2.0,"turns":3.0},{"damage":15.0,"enemies":"3 Sentries","floor":5.0,"turns":10.0},{"damage":6.0,"enemies":"3 Sentries","floor":8.0,"turns":9.0},{"damage":0.0,"enemies":"Jaw Worm","floor":9.0,"turns":4.0},{"damage":0.0,"enemies":"2 Louse","floor":11.0,"turns":5.0},{"damage":6.0,"enemies":"Gremlin Nob","floor":13.0,"turns":3.0},{"damage":0.0,"enemies":"Blue Slaver","floor":14.0,"turns":3.0},{"damage":0.0,"enemies":"Red Slaver","floor":15.0,"turns":2.0},{"damage":0.0,"enemies":"DF_ARCHETYPE_STREAMLINE","floor":16.0,"turns":8.0},{"damage":4.0,"enemies":"3 Byrds","floor":19.0,"turns":3.0},{"damage":4.0,"enemies":"Chosen","floor":21.0,"turns":2.0},{"damage":3.0,"enemies":"Centurion and Healer","floor":22.0,"turns":3.0},{"damage":0.0,"enemies":"3 Cultists","floor":25.0,"turns":3.0},{"damage":18.0,"enemies":"Slavers","floor":26.0,"turns":5.0},{"damage":9.0,"enemies":"Snake Plant","floor":27.0,"turns":5.0},{"damage":0.0,"enemies":"downfall:FleeingMerchant","floor":29.0,"turns":4.0},{"damage":0.0,"enemies":"downfall:FleeingMerchant","floor":31.0,"turns":3.0},{"damage":10.0,"enemies":"Chosen and Byrds","floor":32.0,"turns":3.0},{"damage":0.0,"enemies":"WA_ARCHETYPE_CALM","floor":33.0,"turns":3.0},{"damage":15.0,"enemies":"3 Darklings","floor":37.0,"turns":3.0},{"damage":7,"enemies":"3 Shapes","floor":39,"turns":3},{"damage":0,"enemies":"Giant Head","floor":40,"turns":5},{"damage":0,"enemies":"Jaw Worm Horde","floor":43,"turns":2},{"damage":0,"enemies":"Reptomancer","floor":45,"turns":3},{"damage":0,"enemies":"Transient","floor":48,"turns":5},{"damage":0,"enemies":"Maw","floor":49,"turns":3},{"damage":0,"enemies":"IC_BLOCK_ARCHETYPE","floor":50,"turns":2}],"seed_played":"636888736481042990","potions_obtained":[{"floor":2.0,"key":"FearPotion"},{"floor":5.0,"key":"LiquidMemories"},{"floor":9.0,"key":"Regen Potion"},{"floor":13.0,"key":"Block Potion"},{"floor":15.0,"key":"Guardian:BlockOnCardUsePotion"},{"floor":26.0,"key":"Regen Potion"},{"floor":33.0,"key":"bronze:FreeFunctionsPotion"}],"is_trial":false,"path_per_floor":["R","M","?","?","?","T","T","E","M","R","M","?","E","M","M","B",null,"R","M","?","M","M","?","T","M","E","M","R","$","T","$","M","B",null,"R","T","M","?","M","E","T","?","M","$","E","$","R","M","M","B",null],"character_chosen":"THE_AUTOMATON","items_purchased":["HandDrill","bronze:ItsAFeature","bronze:ClassDefault"],"campfire_rested":0,"item_purchase_floors":[29,44,46],"current_hp_per_floor":[70,68,68,68,53,53,53,47,47,47,47,40,34,34,34,34,70,70,66,66,62,59,59,59,59,41,66,76,76,76,76,66,66,80,80,80,65,65,58,58,58,90,90,90,90,90,90,90,90,90],"gold":82,"neow_bonus":"REMOVE_TWO","is_daily":false,"chose_seed":false,"campfire_upgraded":6,"win_rate":0.0,"timestamp":1611121935,"path_taken":["R","M","?","?","?","?","T","E","M","R","M","?","E","M","M","BOSS","R","M","?","?","M","?","T","M","E","M","R","$","?","$","M","BOSS","R","?","M","?","?","E","T","?","M","$","E","?","R","?","M","BOSS"],"items_purchased_type":["Relic","Card","Card"],"build_version":"2020-12-22","purchased_purges":4,"victory":true,"max_hp_per_floor":[70,70,70,70,70,70,70,70,70,70,70,70,70,70,70,70,70,70,70,70,70,70,70,70,70,70,70,80,80,80,80,80,80,80,80,80,80,80,80,80,80,90,90,90,90,90,90,90,90,90],"card_choices":[{"not_picked":["bronze:Allocate","bronze:Branch"],"picked":"bronze:ChildClass","floor":2.0},{"not_picked":["bronze:Turbo","bronze:WildBeam"],"picked":"bronze:FineTuning","floor":5.0},{"not_picked":["bronze:Philosophize","bronze:Branch+1","bronze:Deprecate"],"picked":"SKIP","floor":8.0},{"not_picked":["bronze:Flail+1","bronze:Frontload","bronze:Branch+1"],"picked":"SKIP","floor":9.0},{"not_picked":["bronze:Fortify+1","bronze:Frontload"],"picked":"bronze:HardenedForm","floor":11.0},{"not_picked":["bronze:Philosophize","bronze:Allocate","bronze:ItsAFeature"],"picked":"SKIP","floor":13.0},{"not_picked":["bronze:Flail+1","bronze:Branch+1","bronze:DelayedGuard"],"picked":"SKIP","floor":14.0},{"not_picked":["bronze:ItsAFeature","bronze:Safeguard","bronze:Repulsor"],"picked":"SKIP","floor":15.0},{"not_picked":["bronze:ShipIt+1","bronze:BurnOut+1"],"picked":"bronze:Mutator","floor":16.0},{"not_picked":["bronze:WildBeam+1","bronze:DelayedSlice+1","bronze:BugBarrage+1"],"picked":"SKIP","floor":19.0},{"not_picked":["bronze:Shield","bronze:BugBarrage+1","bronze:Backtrace+1"],"picked":"SKIP","floor":21.0},{"not_picked":["bronze:Frontload","bronze:Invalidate","bronze:Overload"],"picked":"SKIP","floor":22.0},{"not_picked":["bronze:Flail+1","bronze:Shield+1","bronze:CutThrough+1"],"picked":"SKIP","floor":25.0},{"not_picked":["bronze:Repulsor","bronze:ForceShield"],"picked":"bronze:Deprecate","floor":26.0},{"not_picked":["bronze:Shield","bronze:WhirlingStrike+1","bronze:Fortify+1"],"picked":"SKIP","floor":27.0},{"not_picked":["bronze:DelayedSlice+1","bronze:Frontload","bronze:FollowUp+1"],"picked":"SKIP","floor":29.0},{"not_picked":["bronze:Iterate+1","bronze:WhirlingStrike+1","bronze:CutThrough+1"],"picked":"SKIP","floor":31.0},{"not_picked":["bronze:HardenedForm","bronze:DelayedGuard+1"],"picked":"bronze:BronzeArmor","floor":32.0},{"not_picked":["bronze:FindAndReplace","bronze:ShipIt+1"],"picked":"bronze:Assembly","floor":33.0},{"not_picked":["bronze:ItsAFeature+1","bronze:Iterate+1"],"picked":"bronze:MaxOutput","floor":37.0},{"not_picked":["bronze:CutThrough+1","bronze:Overheat+1"],"picked":"bronze:Return","floor":39},{"not_picked":["bronze:Deprecate+1","bronze:BitShift+1","bronze:WildBeam+1"],"picked":"SKIP","floor":40},{"not_picked":["bronze:Iterate+1","bronze:DarkDash+1","bronze:DelayedGuard"],"picked":"SKIP","floor":43},{"not_picked":["bronze:Return+1","bronze:Branch+1"],"picked":"bronze:MaxOutput+1","floor":45},{"not_picked":["bronze:CutThrough+1","bronze:Invalidate+1","bronze:DelayedSlice+1"],"picked":"SKIP","floor":48},{"not_picked":["bronze:Backtrace+1","bronze:BitShift","bronze:WildBeam+1"],"picked":"SKIP","floor":49}],"player_experience":68985,"relics_obtained":[{"floor":5.0,"key":"Dream Catcher"},{"floor":6.0,"key":"MawBank"},{"floor":7.0,"key":"War Paint"},{"floor":8.0,"key":"Molten Egg 2"},{"floor":13.0,"key":"Centennial Puzzle"},{"floor":26.0,"key":"theSenshi:SailorFukuRelic"},{"floor":30.0,"key":"Kunai"},{"floor":36.0,"key":"Sundial"},{"floor":40,"key":"Pen Nib"},{"floor":41,"key":"InkBottle"},{"floor":45,"key":"Lizard Tail"}],"event_choices":[{"damage_healed":0.0,"max_hp_gain":0.0,"max_hp_loss":0.0,"gold_gain":0.0,"event_name":"Scrap Ooze","player_choice":"Success","floor":12.0,"gold_loss":0.0,"damage_taken":7.0,"relics_obtained":["bronze:SilverBullet"]}],"is_beta":false,"boss_relics":[{"not_picked":["Snecko Eye","Calling Bell"],"picked":"expansioncontent:StudyCardRelic"},{"not_picked":["bronze:PlatinumCore","Fusion Hammer"],"picked":"Sozu"}],"items_purged_floors":[29,31,44,46],"is_endless":false,"potions_floor_spawned":[2,5,9,13,15,21,25,26,33,37,43,45,48],"ascension_level":0}}