{"host":"94qggqh0xz0sp6ai","time":1611119505,"event":{"mods":["100% Spire Juice","Abigail Mod","Act Like it!","BaseMod","CapriCore","Downfall","Friendly Minions","Gensokyo","Hermit","Jorbs\u0027s Wanderer Trilogy","Koishi","Marisa（霧雨　魔理沙）","Minty Spire (QoL Compilation)","Permanent Neow","Reimu（博??梦）","StSLib","The Alterego","The Construct","The Cursed","The Hierophant","The Immortal","The Marked","The Servant 0.9.4","TheBandit","Waifu the Spire"],"gold_per_floor":[110,23,40,55,15,15,44,44,68,100,100,142,165,191,191,191,191],"floor_reached":16,"language":"ENG","playtime":594,"items_purged":[],"score":198,"play_id":"fc27f5fe-3fa6-4d2f-81ea-13b5b838f2f4","local_time":"20210119231145","is_ascension_mode":true,"campfire_choices":[{"data":"DeepEcoloBomb","floor":6,"key":"SMITH"},{"floor":8,"key":"REST"},{"floor":15,"key":"REST"}],"circlet_count":0,"master_deck":["AscendersBane","Strike_MRS","Strike_MRS","Strike_MRS","Defend_MRS","Defend_MRS","Defend_MRS","Defend_MRS","MasterSpark+1","UpSweep","DoubleSpark","RefractionSpark","DeepEcoloBomb+1","Robbery","MilkyWay","Parasite","Parasite","FairyDestructionRay","JA","GalacticHalo","NonDirectionalLaser"],"relics":["MiniHakkero","Centennial Puzzle","ShroomBag","Peace Pipe"],"acts_visited":["Exordium"],"potions_floor_usage":[16],"damage_taken":[{"damage":9,"enemies":"Gensokyo:Gryphon","floor":1,"turns":3},{"damage":11,"enemies":"Gensokyo:2_Kodama","floor":3,"turns":5},{"damage":7,"enemies":"Gensokyo:3_Fairies","floor":4,"turns":3},{"damage":10,"enemies":"Gensokyo:Mamizou","floor":7,"turns":7},{"damage":15,"enemies":"Gensokyo:Kitsune","floor":10,"turns":3},{"damage":22,"enemies":"Gensokyo:2_Rabbits","floor":12,"turns":6},{"damage":0,"enemies":"Gensokyo:LivingMonolith","floor":13,"turns":3},{"damage":7,"enemies":"Gensokyo:5_Fairies","floor":14,"turns":4},{"damage":47,"enemies":"Gensokyo:Reimu","floor":16,"turns":7}],"seed_played":"7104855613735566041","potions_obtained":[{"floor":1,"key":"Weak Potion"},{"floor":3,"key":"Explosive Potion"},{"floor":13,"key":"Dexterity Potion"}],"is_trial":false,"path_per_floor":["M","COS","M","M","$","R","E","R","T","M","?","M","M","M","R","B"],"character_chosen":"MARISA","items_purchased":["Robbery"],"campfire_rested":2,"item_purchase_floors":[5],"current_hp_per_floor":[54,54,43,36,36,36,26,47,47,36,36,18,18,15,36,0,0],"gold":191,"neow_bonus":"UPGRADE_CARD","is_daily":false,"chose_seed":false,"campfire_upgraded":1,"win_rate":0.0,"timestamp":1611119505,"path_taken":["M","COS","M","M","$","R","E","R","T","M","?","M","M","?","R","BOSS"],"items_purchased_type":["Card"],"build_version":"2020-12-22","purchased_purges":0,"victory":false,"max_hp_per_floor":[70,70,70,70,70,70,70,70,70,70,70,70,70,70,70,70,70],"card_choices":[{"not_picked":["RefractionSpark","DeepEcoloBomb"],"picked":"DoubleSpark","floor":1},{"not_picked":["ShootingEcho","LuminesStrike"],"picked":"RefractionSpark","floor":3},{"not_picked":["IllusionStar","UnstableBomb"],"picked":"DeepEcoloBomb","floor":4},{"not_picked":["ManaRampage","SporeBomb"],"picked":"MilkyWay","floor":7},{"not_picked":["IllusionStar","WitchOfGreed"],"picked":"FairyDestructionRay","floor":10},{"not_picked":["FairyDestructionRay","DC"],"picked":"GalacticHalo","floor":12},{"not_picked":["UnstableBomb","MilkyWay"],"picked":"NonDirectionalLaser","floor":13},{"not_picked":["OpenUniverse","SuperNova","WitchLeyline"],"picked":"SKIP","floor":14}],"player_experience":1405835,"relics_obtained":[{"floor":7,"key":"Centennial Puzzle"},{"floor":9,"key":"ShroomBag"}],"event_choices":[],"is_beta":false,"boss_relics":[],"items_purged_floors":[],"is_endless":false,"potions_floor_spawned":[1,3,10,12,13,14],"killed_by":"Gensokyo:Reimu","ascension_level":20}}