{"host":"hw9lt6p3yhr90vz0","time":1611124902,"event":{"mods":["BaseMod","DeckTracker","Minty Spire (QoL Compilation)","Relic Stats"],"gold_per_floor":[216,66,86,96,115,115,125,155,155,155,189,205,205,205,205,205,205],"floor_reached":16,"language":"ENG","playtime":881,"items_purged":[],"score":134,"play_id":"44b78b87-65b1-48f7-bce6-1688138612af","local_time":"20210120014142","is_ascension_mode":true,"campfire_choices":[{"floor":6,"key":"RECALL"},{"floor":10,"key":"REST"},{"data":"Eruption","floor":13,"key":"SMITH"},{"data":"Vigilance","floor":15,"key":"SMITH"}],"circlet_count":0,"master_deck":["Strike_P","Strike_P","Strike_P","Strike_P","Defend_P+1","Defend_P","Defend_P","Defend_P","Eruption+1","Vigilance+1","Tantrum","DeceiveReality","ReachHeaven","FollowUp","EmptyBody+1","InnerPeace","Consecrate","JustLucky","Regret"],"relics":["PureWater","Tiny Chest","Akabeko","Lantern","War Paint","Molten Egg 2"],"acts_visited":["Exordium"],"potions_floor_usage":[8,11,16],"damage_taken":[{"damage":4,"enemies":"Jaw Worm","floor":1,"turns":3},{"damage":3,"enemies":"Small Slimes","floor":3,"turns":4},{"damage":0,"enemies":"2 Louse","floor":4,"turns":2},{"damage":0,"enemies":"Looter","floor":5,"turns":2},{"damage":0,"enemies":"Large Slime","floor":7,"turns":3},{"damage":28,"enemies":"Gremlin Nob","floor":8,"turns":3},{"damage":3,"enemies":"3 Sentries","floor":11,"turns":5},{"damage":0,"enemies":"Lots of Slimes","floor":12,"turns":1},{"damage":68,"enemies":"Slime Boss","floor":16,"turns":5}],"seed_played":"-8714885950910611499","potions_obtained":[{"floor":1,"key":"LiquidBronze"},{"floor":3,"key":"LiquidMemories"},{"floor":4,"key":"BottledMiracle"}],"is_trial":false,"path_per_floor":["M","$","M","M","M","R","M","E","T","R","E","M","R","?","R","B"],"character_chosen":"WATCHER","items_purchased":["Tiny Chest"],"campfire_rested":1,"item_purchase_floors":[2],"current_hp_per_floor":[68,68,65,65,65,65,65,37,37,58,55,55,55,55,55,0,0],"gold":205,"neow_bonus":"HUNDRED_GOLD","is_daily":false,"chose_seed":false,"campfire_upgraded":2,"win_rate":0.0,"timestamp":1611124902,"path_taken":["M","$","M","M","M","R","M","E","T","R","E","M","R","?","R","BOSS"],"items_purchased_type":["Relic"],"build_version":"2020-12-22","purchased_purges":0,"victory":false,"max_hp_per_floor":[72,72,72,72,72,72,72,72,72,72,72,72,72,72,72,72,72],"relic_stats":{"counters":[9,28],"Tiny Chest":0,"War Paint":["Defend_P","EmptyBody"],"obtain_stats":[{"Lantern":9,"Tiny Chest":2,"Molten Egg 2":14,"PureWater":0,"War Paint":11,"Akabeko":8},{"Lantern":6,"Tiny Chest":1,"Molten Egg 2":8,"PureWater":0,"War Paint":7,"Akabeko":6},{"Lantern":17,"Tiny Chest":3,"Molten Egg 2":23,"PureWater":0,"War Paint":22,"Akabeko":17}]},"card_choices":[{"not_picked":["Sanctity","WreathOfFlame"],"picked":"Tantrum","floor":1},{"not_picked":["SignatureMove","Weave"],"picked":"DeceiveReality","floor":3},{"not_picked":["Evaluate","Study"],"picked":"ReachHeaven","floor":4},{"not_picked":["FlyingSleeves","WheelKick"],"picked":"FollowUp","floor":5},{"not_picked":["FlurryOfBlows","Sanctity"],"picked":"EmptyBody","floor":7},{"not_picked":["Nirvana","SashWhip"],"picked":"InnerPeace","floor":8},{"not_picked":["Evaluate","Tantrum"],"picked":"Consecrate","floor":11},{"not_picked":["ThirdEye","Prostrate"],"picked":"JustLucky","floor":12}],"player_experience":1242868,"relics_obtained":[{"floor":8,"key":"Akabeko"},{"floor":9,"key":"Lantern"},{"floor":11,"key":"War Paint"}],"event_choices":[{"damage_healed":0,"gold_gain":0,"player_choice":"Box","damage_taken":0,"relics_obtained":["Molten Egg 2"],"max_hp_gain":0,"max_hp_loss":0,"event_name":"Big Fish","floor":14,"gold_loss":0,"cards_obtained":["Regret"]}],"is_beta":false,"boss_relics":[],"items_purged_floors":[],"is_endless":false,"potions_floor_spawned":[1,3,4],"killed_by":"Slime Boss","ascension_level":4}}