{"host":"flm17o2q7bfjyna6","time":1611177191,"event":{"mods":["2.2 Compatiblity","Act Like it!","BaseMod","Better Altar","Better Match","Better Note","Better Sensory Stone","Better Skull","Better Third Choice","Better Vampires","Colored Map","Colored Powertips","DeckTracker","Fox Events","Hermit","Minty Spire (QoL Compilation)","Quick Restart","Replay The Spire","Reworked Bosses","Spicy Shops","StSLib","Wandering Minibosses"],"gold_per_floor":[115,115,65,65,65,98,98,109,163,163,196,216,232,103,103,215,215,238,268,268,13,13,13,49,95,95,95,19,58,91,91,91,91,91,201,201,230,0,0,60,84,122,122,171,171,171,171,201,217,217],"floor_reached":49,"language":"ENG","playtime":4287,"items_purged":["Strike_B","Defend_B","Defend_B"],"score":993,"play_id":"f8e890ae-9540-47eb-a72e-c87f932533f3","local_time":"20210120161311","is_ascension_mode":true,"campfire_choices":[{"data":"Hyperbeam","floor":7,"key":"SMITH"},{"data":"Streamline","floor":10,"key":"SMITH"},{"data":"Beam Cell","floor":15,"key":"SMITH"},{"data":"Zap","floor":23,"key":"SMITH"},{"floor":27,"key":"REST"},{"floor":34,"key":"REST"},{"floor":43,"key":"REST"},{"floor":46,"key":"REST"}],"circlet_count":0,"master_deck":["AscendersBane","Strike_B","Zap+1","Dualcast","Leap","Hyperbeam+1","Streamline+1","Beam Cell+1","Leap","Leap","Gash","Undo","BasicCrystalCard+1","Defragment+1","Hologram","Go for the Eyes","Streamline+1","Beam Cell+1","Stack","ReplayTheSpireMod:Calculation Training","Gash+1","Conserve Battery","Seek","Sickly","Mirror Shield","ReplaySort","Melter","ReplayGash","Coolheaded","Ball Lightning","Blind","Panacea","Time Bomb","White Noise+1","Coolheaded+1","Darkness+1","Go for the Eyes+1","Amnesia","Static Discharge+1"],"relics":["Cracked Core","NeowsBlessing","Art of War","Replay:Ringing Soul","Replay:Bandana","Replay:Baseball","SacredBark","Prayer Wheel","StrikeDummy","Replay:Bottled Snecko","Darkstone Periapt","Snack Pack","Thread and Needle","Empty Cage","BargainBundle","Torii","Potion Belt","Replay:Arrowhead","Blue Doll"],"acts_visited":["Exordium","TheCity","TheBeyond"],"potions_floor_usage":[11,16,24,25,29,35,40,44,44,49,49],"damage_taken":[{"damage":0,"enemies":"Small Slimes","floor":1,"turns":1},{"damage":0,"enemies":"Lagavulin","floor":6,"turns":1},{"damage":0,"enemies":"2 Louse","floor":8,"turns":1},{"damage":0,"enemies":"3 Sentries","floor":11,"turns":1},{"damage":7,"enemies":"Jaw Worm","floor":12,"turns":2},{"damage":0,"enemies":"3 Louse","floor":13,"turns":1},{"damage":41,"enemies":"The Guardian","floor":16,"turns":11},{"damage":12,"enemies":"Chosen","floor":18,"turns":4},{"damage":17,"enemies":"Shell Parasite","floor":19,"turns":7},{"damage":11,"enemies":"Centurion and Healer","floor":24,"turns":6},{"damage":49,"enemies":"Book of Stabbing","floor":25,"turns":5},{"damage":21,"enemies":"Slavers","floor":29,"turns":4},{"damage":10,"enemies":"3 Cultists","floor":30,"turns":4},{"damage":60,"enemies":"bossMod:newChamp","floor":35,"turns":11},{"damage":13,"enemies":"3 Shapes","floor":37,"turns":6},{"damage":42,"enemies":"2 Orb Walkers","floor":40,"turns":4},{"damage":26,"enemies":"Orb Walker","floor":41,"turns":5},{"damage":12,"enemies":"R_Hoarder","floor":42,"turns":9},{"damage":57,"enemies":"Reptomancer","floor":44,"turns":7},{"damage":44,"enemies":"Jaw Worm Horde","floor":48,"turns":7},{"damage":72,"enemies":"Giant Head","floor":49,"turns":8}],"seed_played":"-8113392226555114841","potions_obtained":[{"floor":1,"key":"Fire Potion"},{"floor":5,"key":"SpeedPotion"},{"floor":5,"key":"FocusPotion"},{"floor":5,"key":"Strength Potion"},{"floor":6,"key":"Explosive Potion"},{"floor":11,"key":"Doom Potion"},{"floor":16,"key":"Energy Potion"},{"floor":24,"key":"LifebloodPotion"},{"floor":35,"key":"ColorlessPotion"},{"floor":40,"key":"Swift Potion"},{"floor":48,"key":"Adrenaline Potion"}],"is_trial":false,"path_per_floor":["M","?","?","T","?","E","R","M","T","R","E","M","M","$","R","B",null,"M","M","?","$","?","R","M","E","T","R","$","E","M","PTL","PTL","?","R","B",null,"M","$","?","?","M","E","R","E","T","R","?","M","E"],"character_chosen":"DEFECT","items_purchased":["Gash","StrikeDummy","Go for the Eyes","ReplayTheSpireMod:Calculation Training","BargainBundle","ReplayGash","Coolheaded","Explosive Potion","BlessingOfTheForge","Ball Lightning"],"campfire_rested":4,"item_purchase_floors":[14,21,21,28,38,38,38,38,38,38],"current_hp_per_floor":[68,61,61,61,61,64,64,67,67,67,70,66,69,72,72,34,81,72,58,58,61,61,61,53,7,7,40,43,25,22,22,22,31,69,20,104,96,99,102,65,44,39,84,36,36,81,90,53,0,0],"gold":217,"neow_bonus":"THREE_ENEMY_KILL","is_daily":false,"chose_seed":false,"campfire_upgraded":4,"win_rate":0.0,"timestamp":1611177191,"path_taken":["M","?","?","?","?","E","R","M","T","R","E","?","M","$","R","BOSS","M","M","?","$","?","R","?","E","T","R","$","E","M","PTL","PTL","?","R","BOSS","M","$","?","?","M","E","R","E","T","R","?","?","E"],"items_purchased_type":["Card","Relic","Card","Card","Relic","Card","Card","Potion","Potion","Card"],"build_version":"2020-12-22","purchased_purges":3,"victory":false,"max_hp_per_floor":[75,75,75,75,75,78,78,81,81,81,84,87,90,93,93,96,96,99,102,102,105,105,105,108,111,111,111,114,117,120,120,120,129,129,132,132,135,138,141,144,147,150,150,153,153,153,162,165,165,165],"card_choices":[{"not_picked":["Steam Power","Heatsinks"],"picked":"Leap","floor":1},{"not_picked":["Redo","Compile Driver"],"picked":"Hyperbeam","floor":6},{"not_picked":["Stack","Darkness"],"picked":"Streamline","floor":8},{"not_picked":["Hologram","Panic Button"],"picked":"Beam Cell","floor":11},{"not_picked":["Scrape","Coolheaded"],"picked":"Leap","floor":12},{"not_picked":["Redo","Rebound"],"picked":"Leap","floor":13},{"not_picked":["Multi-Cast","Fission"],"picked":"ReplayTheSpireMod:Fabricate Wheel","floor":16},{"not_picked":["Panic Button","Compile Driver"],"picked":"Undo","floor":18},{"not_picked":["Turbo","Sweeping Beam"],"picked":"BasicCrystalCard+1","floor":18},{"not_picked":["Cold Snap+1","Coolheaded"],"picked":"Defragment","floor":19},{"not_picked":["Cold Snap+1","Streamline"],"picked":"Hologram","floor":19},{"not_picked":["ReplayTheSpireMod:GoodbyeWorld","Cold Snap"],"picked":"Streamline+1","floor":24},{"not_picked":["Chaos+1","BootSequence"],"picked":"Beam Cell+1","floor":24},{"not_picked":["Force Field","Defragment"],"picked":"Stack","floor":25},{"not_picked":["Force Field+1","Redo"],"picked":"Gash+1","floor":29},{"not_picked":["Skim","Streamline"],"picked":"Conserve Battery","floor":30},{"not_picked":["Lockon","Sweeping Beam"],"picked":"Seek","floor":30},{"not_picked":["Electrodynamics","Thunder Strike"],"picked":"Mirror Shield","floor":35},{"not_picked":["Beam Cell","Cold Snap+1"],"picked":"ReplaySort","floor":37},{"not_picked":["Rebound","Leap"],"picked":"Melter","floor":37},{"not_picked":["Survey Options","Replay:Sssssssssstrike"],"picked":"Blind","floor":39},{"not_picked":["Thinking Ahead","Replay:Bootleg Shield Generator"],"picked":"Panacea","floor":39},{"not_picked":["Streamline","Sweeping Beam"],"picked":"Time Bomb","floor":40},{"not_picked":["Auto Shields","Rip and Tear"],"picked":"White Noise+1","floor":41},{"not_picked":["Heatsinks","Double Energy+1"],"picked":"Coolheaded+1","floor":41},{"not_picked":["Amplify","FTL+1"],"picked":"Darkness+1","floor":42},{"not_picked":["Redo","Lockon+1"],"picked":"Go for the Eyes+1","floor":44},{"not_picked":["Cold Snap+1","Doom and Gloom"],"picked":"Static Discharge+1","floor":48},{"not_picked":["Blizzard+1","Ball Lightning","Beam Cell"],"picked":"SKIP","floor":48}],"player_experience":1669889,"relics_obtained":[{"floor":4,"key":"Art of War"},{"floor":6,"key":"Replay:Ringing Soul"},{"floor":9,"key":"Replay:Bandana"},{"floor":11,"key":"Replay:Baseball"},{"floor":25,"key":"Replay:Bottled Snecko"},{"floor":26,"key":"Darkstone Periapt"},{"floor":29,"key":"Snack Pack"},{"floor":40,"key":"Torii"},{"floor":42,"key":"Potion Belt"},{"floor":44,"key":"Replay:Arrowhead"},{"floor":45,"key":"Blue Doll"}],"event_choices":[{"cards_removed":["Defend_B"],"damage_healed":0,"gold_gain":0,"player_choice":"Card Removal","damage_taken":7,"max_hp_gain":0,"max_hp_loss":0,"event_name":"Golden Wing","floor":2,"gold_loss":0},{"cards_removed":["Defend_B"],"damage_healed":0,"gold_gain":0,"player_choice":"Card Removal","damage_taken":0,"max_hp_gain":0,"max_hp_loss":0,"event_name":"The Cleric","floor":3,"gold_loss":50},{"damage_healed":0,"gold_gain":0,"player_choice":"Got Potions","damage_taken":0,"max_hp_gain":0,"max_hp_loss":0,"event_name":"Lab","floor":5,"gold_loss":0},{"cards_removed":["Strike_B"],"damage_healed":0,"gold_gain":0,"player_choice":"Give","damage_taken":0,"max_hp_gain":0,"max_hp_loss":0,"event_name":"betterNote:BetterNote","floor":20,"gold_loss":0,"cards_obtained":["hermit:Strike_Hermit"]},{"damage_healed":0,"gold_gain":0,"player_choice":"Upgraded","damage_taken":0,"max_hp_gain":0,"max_hp_loss":0,"event_name":"Upgrade Shrine","floor":22,"gold_loss":0,"cards_upgraded":["Defragment"]},{"damage_healed":0,"gold_gain":3,"player_choice":"1","damage_taken":0,"max_hp_gain":0,"max_hp_loss":0,"event_name":"betterStone:BetterStone","floor":39,"gold_loss":0},{"damage_healed":0,"gold_gain":0,"player_choice":"Fight","damage_taken":0,"max_hp_gain":0,"max_hp_loss":0,"event_name":"Mysterious Sphere","floor":40,"gold_loss":0}],"is_beta":false,"boss_relics":[{"not_picked":["Abe\u0027s Treasure","Replay:Bronze Core"],"picked":"SacredBark"},{"not_picked":["ChewingGum","Honey Jar"],"picked":"Empty Cage"}],"items_purged_floors":[14,21,38],"is_endless":false,"potions_floor_spawned":[1,6,11,16,18,24,35,40,48],"killed_by":"Giant Head","ascension_level":10}}