{"host":"fzku1ofsxv8lro8o","time":1611127573,"event":{"mods":["BaseMod","Colored Map","Downfall","Minty Spire (QoL Compilation)","Relic Stats","StSLib","everything is the same but u backflip on backflip"],"gold_per_floor":[99,110,127,127,147,47,47,47,59,85,85,114,214,234,254,254,254,254],"floor_reached":16,"language":"ENG","playtime":824,"items_purged":[],"score":118,"play_id":"08892b7c-0473-452c-bbdd-29f34bdd823b","local_time":"20210120102613","is_ascension_mode":true,"campfire_choices":[{"floor":1,"key":"RECALL"},{"data":"Slimebound:LeadByExample","floor":6,"key":"SMITH"},{"data":"Slimebound:CorrosiveSpit","floor":8,"key":"SMITH"}],"circlet_count":0,"master_deck":["Slimebound:Strike_Slimebound","Slimebound:Strike_Slimebound","Slimebound:Strike_Slimebound","Slimebound:Tackle","Slimebound:Defend_Slimebound","Slimebound:Defend_Slimebound","Slimebound:Split","Slimebound:CorrosiveSpit+1","Slimebound:SlimeSpikes","Slimebound:LeadByExample+1","Slimebound:SpikyOuterGoop","Slimebound:GrowthPunch","Slimebound:RallyTheTroops","Slimebound:SlimeSpikes","Slimebound:SlimeSlap"],"relics":["Slimebound:AbsorbEndCombat","downfall:HeartBlessingRed","StrikeDummy","Letter Opener","Girya","downfall:GremlinWheel"],"acts_visited":["Exordium"],"potions_floor_usage":[13,16],"damage_taken":[{"damage":1,"enemies":"Cultist","floor":2,"turns":4},{"damage":0,"enemies":"2 Louse","floor":3,"turns":2},{"damage":6,"enemies":"Jaw Worm","floor":5,"turns":3},{"damage":8,"enemies":"Large Slime","floor":9,"turns":5},{"damage":9,"enemies":"Lagavulin","floor":10,"turns":5},{"damage":36,"enemies":"Gremlin Nob","floor":12,"turns":5},{"damage":24,"enemies":"Gremlin Nob","floor":13,"turns":4},{"damage":8,"enemies":"Exordium Thugs","floor":14,"turns":4},{"damage":9,"enemies":"Blue Slaver","floor":15,"turns":3},{"damage":18,"enemies":"WA_ARCHETYPE_RETAIN","floor":16,"turns":4}],"seed_played":"4435737155765526116","potions_obtained":[{"floor":9,"key":"Strength Potion"},{"floor":13,"key":"Strength Potion"},{"floor":15,"key":"CultistPotion"}],"is_trial":false,"path_per_floor":["R","M","M","?","M","R","T","R","M","E","?","E","?","M","M","B"],"character_chosen":"SLIMEBOUND","items_purchased":[],"campfire_rested":0,"item_purchase_floors":[],"current_hp_per_floor":[71,71,71,71,71,71,71,71,65,64,64,34,18,16,11,0,0,0],"gold":254,"neow_bonus":"TEN_PERCENT_HP_BONUS","is_daily":false,"chose_seed":false,"campfire_upgraded":2,"win_rate":0.0,"timestamp":1611127573,"path_taken":["R","M","?","?","M","R","T","R","M","E","?","E","?","M","M","BOSS"],"items_purchased_type":[],"build_version":"2020-12-22","purchased_purges":0,"victory":false,"max_hp_per_floor":[71,71,71,71,71,71,71,71,71,71,71,71,71,71,71,71,71,71],"relic_stats":{"counters":[10,39],"Letter Opener":[0],"obtain_stats":[{"Girya":12,"downfall:GremlinWheel":13,"downfall:HeartBlessingRed":6,"Slimebound:AbsorbEndCombat":0,"Letter Opener":10,"StrikeDummy":7},{"Girya":6,"downfall:GremlinWheel":7,"downfall:HeartBlessingRed":3,"Slimebound:AbsorbEndCombat":0,"Letter Opener":5,"StrikeDummy":3},{"Girya":24,"downfall:GremlinWheel":28,"downfall:HeartBlessingRed":9,"Slimebound:AbsorbEndCombat":0,"Letter Opener":19,"StrikeDummy":9}]},"card_choices":[{"not_picked":["Slimebound:SplitLeeching","Slimebound:FinishingTackle"],"picked":"Slimebound:SlimeSpikes","floor":2},{"not_picked":["Slimebound:Nibble","Slimebound:GoopTackle"],"picked":"Slimebound:LeadByExample","floor":3},{"not_picked":["Slimebound:FinishingTackle","Slimebound:SlimeBrawl","Slimebound:SamplingLick"],"picked":"SKIP","floor":5},{"not_picked":["Slimebound:Recollect","Slimebound:SlimeTap","Slimebound:ComboTackle"],"picked":"SKIP","floor":9},{"not_picked":["Slimebound:GrowthPunch","Slimebound:Prepare"],"picked":"Slimebound:SpikyOuterGoop","floor":10},{"not_picked":["Slimebound:PressTheAttack","Slimebound:Prepare"],"picked":"Slimebound:RallyTheTroops","floor":12},{"not_picked":["Slimebound:ComboTackle","Slimebound:ProtectTheBoss"],"picked":"Slimebound:SlimeSpikes","floor":14},{"not_picked":["Slimebound:LeechingTouch","Slimebound:SplitBruiser"],"picked":"Slimebound:SlimeSlap","floor":15}],"player_experience":886418,"relics_obtained":[{"floor":7,"key":"StrikeDummy"},{"floor":10,"key":"Letter Opener"},{"floor":12,"key":"Girya"},{"floor":13,"key":"downfall:GremlinWheel"}],"event_choices":[{"cards_removed":["Slimebound:Defend_Slimebound"],"damage_healed":0,"gold_gain":0,"player_choice":"Card Removal","damage_taken":0,"max_hp_gain":0,"max_hp_loss":0,"event_name":"The Cleric","floor":4,"gold_loss":0},{"damage_healed":0,"gold_gain":0,"cards_transformed":["Slimebound:Defend_Slimebound"],"player_choice":"Change","damage_taken":0,"max_hp_gain":0,"max_hp_loss":0,"event_name":"Living Wall","floor":11,"gold_loss":0,"cards_obtained":["Slimebound:GrowthPunch"]}],"is_beta":false,"boss_relics":[],"items_purged_floors":[],"is_endless":false,"potions_floor_spawned":[9,13,15],"killed_by":"WA_ARCHETYPE_RETAIN","ascension_level":1}}