{"host":"xc18ixkpjvqrt8st","time":1611113612,"event":{"mods":["Act Like it!","BaseMod","Better Match","Better Third Choice","Conspire","Hallownest","Hermit","Hubris","Infinite Spire","Minty Spire (QoL Compilation)","Replay The Spire","Robot Space Explorer","Shop Mod","Spicy Shops","StSLib","The Animator","The Jungle","The Marked"],"gold_per_floor":[119,119,53,75,88,88,134,146,146,146,158,185,0,31,31,132,132,149,204,229,244,263,263,263,283,309,320,335,335,346,366,366,474,524,539,124,140,140,173,173,177,177],"floor_reached":41,"language":"ENG","playtime":2939,"items_purged":[],"score":604,"play_id":"809bb2cb-0205-473f-949b-bb6de6f9654f","local_time":"20210119213332","is_ascension_mode":true,"campfire_choices":[{"floor":6.0,"key":"RECALL"},{"floor":23.0,"key":"REST"},{"floor":29.0,"key":"REST"},{"floor":32.0,"key":"REST"},{"floor":40,"key":"REST"}],"circlet_count":0,"master_deck":["animator:Strike_FullmetalAlchemist","animator:Defend_FullmetalAlchemist","animator:Strike","animator:Strike","animator:Strike","animator:Defend+1","animator:Defend","animator:Defend","animator:ElricEdward","animator:ElricAlphonse+1","animator:Sebas","animator:DwarfShaman","animator:ElricAlphonse","animator:Sonic","animator:MumenRider","animator:Melzalgald","animator:Mitsurugi","animator:Priestess","animator:Jibril","animator:YunYun","animator:RoyMustang+1","animator:ChaikaTrabant+1","animator:Gillette+1","animator:Sloth","animator:Pride+1","animator:DwarfShaman+1","animator:RoyMustang","animator:ElricAlphonse+1","animator:DolaStephanie+1","animator:Priestess+1","animator:Scar","animator:Chris","animator:Albedo+1","animator:Mitsurugi","animator:Tatsumaki+1","animator:TanyaDegurechaff","animator:Megumin+1","animator:Verdia+1","infinitespire:TheBestDefense+1","animator:Urushihara+1"],"relics":["animator:VividPicture","animator:TheMissingPiece","War Paint","ReplayTheSpireMod:CursedCoin","Strange Spoon","infinitespire:EmpoweringShard","Lizard Tail","Membership Card","Replay:Grab Bag","hubris:RunicObelisk","Mark of Pain","Toxic Egg 2","Replay:Mystery Machine","Tiny House","Oddly Smooth Stone","Guide Book","infinitespire:CursedDice","conspire:Dentures","Gambling Chip"],"acts_visited":["Exordium","TheCity","TheBeyond"],"potions_floor_usage":[],"damage_taken":[{"damage":0.0,"enemies":"conspire:RoseBush","floor":1.0,"turns":4.0},{"damage":11.0,"enemies":"Jaw Worm","floor":4.0,"turns":3.0},{"damage":0.0,"enemies":"Small Slimes","floor":5.0,"turns":4.0},{"damage":15.0,"enemies":"3 Sentries","floor":7.0,"turns":11.0},{"damage":3.0,"enemies":"3 Louse","floor":8.0,"turns":4.0},{"damage":21.0,"enemies":"Gremlin Gang","floor":11.0,"turns":3.0},{"damage":0.0,"enemies":"conspire:2 RoseBushes","floor":12.0,"turns":4.0},{"damage":8.0,"enemies":"3 Louse","floor":14.0,"turns":4.0},{"damage":50.0,"enemies":"Fading Forest","floor":16.0,"turns":11.0},{"damage":9.0,"enemies":"3 Byrds","floor":18.0,"turns":4.0},{"damage":1.0,"enemies":"Spheric Guardian","floor":20.0,"turns":3.0},{"damage":7.0,"enemies":"Chosen and Byrds","floor":21.0,"turns":3.0},{"damage":3.0,"enemies":"Centurion and Healer","floor":22.0,"turns":5.0},{"damage":12.0,"enemies":"conspire:HollyBat","floor":25.0,"turns":5.0},{"damage":0.0,"enemies":"Sentry and Sphere","floor":27.0,"turns":3.0},{"damage":6.0,"enemies":"Snecko","floor":28.0,"turns":5.0},{"damage":11.0,"enemies":"Shelled Parasite and Fungi","floor":30.0,"turns":3.0},{"damage":16.0,"enemies":"Centurion and Healer","floor":31.0,"turns":3.0},{"damage":37.0,"enemies":"Pondfish","floor":33.0,"turns":9.0},{"damage":12.0,"enemies":"3 Shapes","floor":35.0,"turns":2.0},{"damage":36.0,"enemies":"3 Darklings","floor":37.0,"turns":4.0},{"damage":23.0,"enemies":"infinitespire:Three Voidlings","floor":39.0,"turns":3.0},{"damage":10.0,"enemies":"Nightmare_Alpha","floor":39.0,"turns":7.0},{"damage":54,"enemies":"Giant Head","floor":41,"turns":7}],"seed_played":"-6742243690117449192","potions_obtained":[{"floor":1.0,"key":"BlessingOfTheForge"},{"floor":5.0,"key":"Fire Potion"},{"floor":11.0,"key":"infinitespire:BlackPotion"},{"floor":14.0,"key":"PowerPotion"},{"floor":19.0,"key":"DistilledChaos"},{"floor":27.0,"key":"LifebloodPotion"},{"floor":31.0,"key":"BlessingOfTheForge"},{"floor":34.0,"key":"Toxic Potion"},{"floor":37.0,"key":"Languid Potion"}],"is_trial":false,"path_per_floor":["M","?","$","M","M","R","E","M","T","?","M","M","$","M","R","B",null,"M","?","M","M","M","R","?","M","T","M","M","R","M","M","R","B",null,"M","$","M","?","?","R","E"],"character_chosen":"THE_ANIMATOR","items_purchased":["animator:DwarfShaman","animator:ElricAlphonse","ReplayTheSpireMod:CursedCoin","Strange Spoon","Membership Card","animator:YunYun","Oddly Smooth Stone","Guide Book","infinitespire:CursedDice","conspire:Dentures","animator:TanyaDegurechaff","animator:Megumin"],"campfire_rested":4,"item_purchase_floors":[3,3,3,3,13,13,36,36,36,36,36,36],"current_hp_per_floor":[66,66,66,55,56,56,41,38,38,38,17,17,17,9,29,37,67,58,33,32,25,22,42,42,30,30,31,25,45,35,19,40,3,75,64,64,28,28,27,49,0,0],"gold":177,"neow_bonus":"RANDOM_COMMON_RELIC","is_daily":false,"chose_seed":false,"campfire_upgraded":0,"win_rate":0.0,"timestamp":1611113612,"path_taken":["M","?","$","M","M","R","E","M","T","?","M","M","?","M","R","BOSS","M","?","?","M","M","R","?","M","T","M","M","R","M","M","R","BOSS","M","$","M","?","?","R","E"],"items_purchased_type":["Card","Card","Relic","Relic","Relic","Card","Relic","Relic","Relic","Relic","Card","Card"],"build_version":"2020-12-22","purchased_purges":0,"victory":false,"max_hp_per_floor":[66,66,66,66,67,67,67,67,67,67,67,67,67,67,67,67,67,67,68,68,68,68,68,68,68,68,69,69,69,70,70,70,70,75,76,76,76,76,76,76,76,76],"card_choices":[{"not_picked":["animator:ChaikaBohdan","animator:AcuraAkari"],"picked":"animator:Sebas","floor":1.0},{"not_picked":["animator:MumenRider","animator:ElricAlphonse"],"picked":"animator:Sonic","floor":4.0},{"not_picked":["animator:Entoma","animator:Guy"],"picked":"animator:MumenRider","floor":5.0},{"not_picked":["animator:Geryuganshoop","animator:Saitama"],"picked":"animator:Melzalgald","floor":7.0},{"not_picked":["animator:NarberalGamma","animator:Sebas"],"picked":"animator:Mitsurugi","floor":8.0},{"not_picked":["animator:Demiurge","animator:MaesHughes"],"picked":"animator:Priestess","floor":11.0},{"not_picked":["animator:PandorasActor","animator:Vanir"],"picked":"animator:Jibril","floor":12.0},{"not_picked":["animator:MaesHughes","animator:ElricEdward"],"picked":"animator:RoyMustang","floor":14.0},{"not_picked":["animator:Sora","animator:Father"],"picked":"animator:ChaikaTrabant","floor":16.0},{"not_picked":["animator:Entoma","animator:RoyMustang+1"],"picked":"animator:Gillette+1","floor":18.0},{"not_picked":["animator:Scar","animator:Entoma"],"picked":"animator:Sloth","floor":19.0},{"not_picked":["animator:ElricAlphonse+1","animator:Genos"],"picked":"animator:Pride+1","floor":20.0},{"not_picked":["animator:Gillette+1","animator:Evileye+1"],"picked":"animator:DwarfShaman","floor":21.0},{"not_picked":["animator:ElricEdward","animator:Gluttony+1"],"picked":"animator:RoyMustang","floor":22.0},{"not_picked":["animator:Viivi","animator:Sora+1"],"picked":"animator:ElricAlphonse+1","floor":25.0},{"not_picked":["animator:ChaikaBohdan","animator:LizardPriest+1"],"picked":"animator:DolaStephanie+1","floor":27.0},{"not_picked":["animator:Sora+1","animator:ElricAlphonse+1"],"picked":"animator:Priestess+1","floor":28.0},{"not_picked":["animator:MaesHughes+1","animator:ElricEdward"],"picked":"animator:Scar","floor":30.0},{"not_picked":["animator:Vanir","animator:Priestess+1"],"picked":"animator:Chris","floor":31.0},{"not_picked":["animator:Ainz","animator:Eris+1"],"picked":"animator:Albedo","floor":33.0},{"not_picked":["animator:Tet+1","animator:ChlammyZell+1"],"picked":"animator:Mitsurugi","floor":34.0},{"not_picked":["animator:PandorasActor+1","animator:ElricAlphonse+1"],"picked":"animator:Tatsumaki+1","floor":35.0},{"not_picked":["animator:RoyMustang+1","animator:DwarfShaman+1"],"picked":"animator:Verdia+1","floor":37.0},{"not_picked":["ReplayTheSpireMod:Haul","hubris:Rewind"],"picked":"infinitespire:TheBestDefense","floor":39},{"not_picked":["animator:NononJakuzure+1","animator:Zero+1"],"picked":"animator:Urushihara+1","floor":39}],"player_experience":561580,"relics_obtained":[{"floor":7.0,"key":"infinitespire:EmpoweringShard"},{"floor":9.0,"key":"Lizard Tail"},{"floor":19.0,"key":"Toxic Egg 2"},{"floor":26.0,"key":"Replay:Mystery Machine"},{"floor":39,"key":"Gambling Chip"}],"event_choices":[{"damage_healed":0.0,"max_hp_gain":0.0,"max_hp_loss":0.0,"gold_gain":0.0,"event_name":"Golden Wing","player_choice":"Ignored","floor":2.0,"gold_loss":0.0,"damage_taken":0.0},{"cards_removed":["conspire:NecroticWound"],"damage_healed":0.0,"max_hp_gain":0.0,"max_hp_loss":0.0,"gold_gain":0.0,"event_name":"The Cursed Forest","player_choice":"Removed","floor":24.0,"gold_loss":0.0,"damage_taken":0.0},{"cards_removed":["Amnesia"],"damage_healed":0.0,"max_hp_gain":0.0,"max_hp_loss":0.0,"gold_gain":0.0,"event_name":"The Cursed Forest","player_choice":"Removed","floor":24.0,"gold_loss":0.0,"damage_taken":0.0},{"damage_healed":0.0,"max_hp_gain":0.0,"max_hp_loss":0.0,"gold_gain":0.0,"event_name":"betterMatch:BetterMatch","player_choice":"3","floor":38.0,"gold_loss":0.0,"damage_taken":0.0,"cards_obtained":[]},{"damage_healed":0,"gold_gain":0,"player_choice":"2","damage_taken":0,"max_hp_gain":0,"max_hp_loss":0,"event_name":"betterMatch:BetterMatch","floor":39,"gold_loss":0,"cards_obtained":["betterMatch:ColorlessUncommonCard"]}],"is_beta":false,"boss_relics":[{"not_picked":["Kintsugi","Fusion Hammer"],"picked":"Replay:Grab Bag"},{"not_picked":["Abe\u0027s Treasure","hubris:CrackedHourglass"],"picked":"hubris:RunicObelisk"},{"not_picked":["Painkiller Herb","ReplayTheSpireMod:Onyx Gauntlets"],"picked":"Mark of Pain"},{"not_picked":["Black Star","Calling Bell"],"picked":"animator:VividPicture"},{"not_picked":["Sozu","animator:CursedBlade"],"picked":"Tiny House"}],"items_purged_floors":[],"is_endless":false,"potions_floor_spawned":[1,5,11,14,22,25,27,28,31,37],"killed_by":"Giant Head","ascension_level":1}}