{"host":"jyuuog6ydc2s7nd8","time":1611129777,"event":{"mods":["BaseMod","Better Vampires","Minty Spire (QoL Compilation)","Shop Mod","StSLib","The Hierophant","The Servant 0.9.4","TheBandit","[IsaacMod]ÒÔÈö¼âËþ"],"gold_per_floor":[114,36,136,153,153,153,183,183,183,183,202,213,223,239,239,316,316,335,348,348,216,216,231,147,147,147,181,46,78,94,110,110,182,182,198,123,157,182,15,49,49,80,80,94,120,120,147,173,173,173,173,173,173,0,32,32],"floor_reached":57,"language":"ZHS","playtime":1969,"items_purged":["Strike_R","Defend_R","Strike_R","Strike_R","Strike_R","Strike_R","Feed"],"score":3932,"play_id":"893848f1-a425-47ed-87a3-a6d64982e85e","local_time":"20210120160257","is_ascension_mode":true,"campfire_choices":[{"data":"Bash","floor":6.0,"key":"SMITH"},{"data":"Power Through","floor":8.0,"key":"SMITH"},{"data":"Second Wind","floor":10.0,"key":"SMITH"},{"data":"Entrench","floor":15.0,"key":"SMITH"},{"data":"Body Slam","floor":25.0,"key":"SMITH"},{"data":"Battle Trance","floor":32.0,"key":"SMITH"},{"data":"Pommel Strike","floor":41.0,"key":"SMITH"},{"data":"Defend_R","floor":46,"key":"PURGE"},{"floor":49,"key":"RECALL"},{"data":"Dark Embrace","floor":53,"key":"SMITH"}],"circlet_count":0,"master_deck":["AscendersBane","Defend_R","Defend_R","Bash+1","CurseOfTheBell","Ghostly Armor","Power Through+1","Second Wind+1","Shrug It Off","Battle Trance+1","Entrench+1","Body Slam+1","Necronomicurse","Feel No Pain","Sentinel","Warcry+1","Pommel Strike+1","Evolve+1","Dark Embrace+1","Bloodletting+1"],"relics":["HushsDoor","Calling Bell","Boot","TheBible","Du-Vu Doll","SteamSale","HowToJump","Philosopher\u0027s Stone","DeathBook","PreservedInsect","Necronomicon","Happy Flower","Lizard Tail","SatanicBible","PillsDrop","ChampionBelt","Bag of Marbles","CaptainsWheel","BookOfRevelations","Meat on the Bone","Lantern","Peace Pipe","Shuriken","Turnip","Art of War","Oddly Smooth Stone","Anchor","Red Skull"],"acts_visited":["TheCity","TheBeyond","TheEnding"],"potions_floor_usage":[56,56],"damage_taken":[{"damage":6.0,"enemies":"2 Louse","floor":1.0,"turns":3.0},{"damage":11.0,"enemies":"Cultist","floor":4.0,"turns":5.0},{"damage":16.0,"enemies":"Gremlin Nob","floor":7.0,"turns":4.0},{"damage":0.0,"enemies":"Jaw Worm","floor":11.0,"turns":5.0},{"damage":24.0,"enemies":"Exordium Thugs","floor":12.0,"turns":10.0},{"damage":8.0,"enemies":"Lots of Slimes","floor":13.0,"turns":8.0},{"damage":1.0,"enemies":"Looter","floor":14.0,"turns":3.0},{"damage":0.0,"enemies":"The Guardian","floor":16.0,"turns":1.0},{"damage":0.0,"enemies":"Spheric Guardian","floor":18.0,"turns":1.0},{"damage":7.0,"enemies":"3 Byrds","floor":19.0,"turns":5.0},{"damage":0.0,"enemies":"Shelled Parasite and Fungi","floor":23.0,"turns":4.0},{"damage":0.0,"enemies":"Book of Stabbing","floor":27.0,"turns":1.0},{"damage":0.0,"enemies":"Gremlin Leader","floor":29.0,"turns":1.0},{"damage":0.0,"enemies":"Centurion and Healer","floor":30.0,"turns":4.0},{"damage":7.0,"enemies":"Snecko","floor":31.0,"turns":4.0},{"damage":0.0,"enemies":"Champ","floor":33.0,"turns":4.0},{"damage":0.0,"enemies":"Orb Walker","floor":35.0,"turns":4.0},{"damage":33.0,"enemies":"Nemesis","floor":37.0,"turns":5.0},{"damage":1.0,"enemies":"Mind Bloom Boss Battle","floor":38.0,"turns":5.0},{"damage":0.0,"enemies":"Giant Head","floor":40.0,"turns":4.0},{"damage":0,"enemies":"Nemesis","floor":42,"turns":3},{"damage":9,"enemies":"3 Darklings","floor":44,"turns":4},{"damage":0,"enemies":"Giant Head","floor":45,"turns":4},{"damage":0,"enemies":"Nemesis","floor":47,"turns":3},{"damage":0,"enemies":"Reptomancer","floor":48,"turns":3},{"damage":0,"enemies":"Awakened One","floor":50,"turns":4},{"damage":0,"enemies":"Donu and Deca","floor":51,"turns":5},{"damage":0,"enemies":"Shield and Spear","floor":55,"turns":2},{"damage":0,"enemies":"The Heart","floor":56,"turns":6}],"seed_played":"-8875715540306986646","potions_obtained":[{"floor":7.0,"key":"Ancient Potion"},{"floor":11.0,"key":"EssenceOfSteel"},{"floor":14.0,"key":"Fruit Juice"},{"floor":18.0,"key":"Strength Potion"},{"floor":23.0,"key":"FearPotion"}],"is_trial":false,"path_per_floor":["M","$","?","M","?","R","E","R","T","R","M","M","M","M","R","B",null,"M","M","?","$","?","M","$","R","T","E","$","E","M","M","R","B",null,"M","$","M","?","$","E","R","M","T","M","E","R","E","M","R","B","B",null,"R","$","E","B",null],"character_chosen":"IRONCLAD","items_purchased":["Power Through","DeathBook","PreservedInsect","Feel No Pain","SatanicBible","BookOfRevelations","Oddly Smooth Stone","Anchor"],"campfire_rested":0,"item_purchase_floors":[2,17,21,24,28,39,54,54],"current_hp_per_floor":[62,62,62,51,51,51,35,35,35,35,35,11,3,7,7,7,51,54,50,50,50,29,32,32,32,32,32,32,32,32,28,28,28,60,63,63,30,29,29,29,29,41,41,44,44,44,44,44,44,44,44,62,62,62,62,62],"gold":32,"neow_bonus":"BOSS_RELIC","is_daily":false,"chose_seed":false,"campfire_upgraded":8,"win_rate":0.0,"timestamp":1611129777,"path_taken":["M","$","?","M","?","R","E","R","T","R","M","M","?","?","R","BOSS","M","M","?","$","?","M","$","R","T","E","?","E","M","M","R","BOSS","M","$","M","?","$","E","R","M","T","M","E","R","E","M","R","BOSS","BOSS","R","$","E","BOSS"],"items_purchased_type":["Card","Relic","Relic","Card","Relic","Relic","Relic","Relic"],"build_version":"2020-12-22","purchased_purges":7,"victory":true,"max_hp_per_floor":[75,75,75,75,75,75,75,75,75,75,75,75,75,80,80,80,65,68,71,71,71,71,74,74,74,74,74,74,74,74,77,77,77,70,73,73,73,73,73,68,68,68,68,68,68,68,68,68,68,68,68,68,68,68,68,68],"card_choices":[{"not_picked":["Headbutt","Twin Strike"],"picked":"Ghostly Armor","floor":1.0},{"not_picked":["Armaments","Metallicize"],"picked":"Second Wind","floor":4.0},{"not_picked":["Juggernaut","Dual Wield","Flex"],"picked":"SKIP","floor":7.0},{"not_picked":["Perfected Strike","Heavy Blade"],"picked":"Shrug It Off","floor":11.0},{"not_picked":["Clothesline","Entrench"],"picked":"Battle Trance","floor":12.0},{"not_picked":["Shrug It Off","Ghostly Armor","Clash"],"picked":"SKIP","floor":13.0},{"not_picked":["Wild Strike","Ghostly Armor"],"picked":"Entrench","floor":14.0},{"not_picked":["Double Tap","Limit Break"],"picked":"Feed","floor":16.0},{"not_picked":["Cleave","Heavy Blade"],"picked":"Body Slam","floor":18.0},{"not_picked":["Perfected Strike","True Grit","Heavy Blade+1"],"picked":"SKIP","floor":19.0},{"not_picked":["Bludgeon","Body Slam","True Grit"],"picked":"SKIP","floor":23.0},{"not_picked":["Entrench","Pummel"],"picked":"Sentinel","floor":27.0},{"not_picked":["Pummel","Feel No Pain"],"picked":"Warcry+1","floor":29.0},{"not_picked":["Anger","Shrug It Off+1","Hemokinesis"],"picked":"SKIP","floor":30.0},{"not_picked":["Flex+1","Anger","Clash"],"picked":"SKIP","floor":31.0},{"not_picked":["Pummel","Second Wind+1"],"picked":"Pommel Strike","floor":35.0},{"not_picked":["Impervious","Infernal Blade"],"picked":"Evolve+1","floor":37.0},{"not_picked":["Sentinel","Flame Barrier","Iron Wave+1"],"picked":"SKIP","floor":40.0},{"not_picked":["Clothesline+1","Power Through","Thunderclap+1"],"picked":"SKIP","floor":42},{"not_picked":["Feel No Pain+1","Uppercut","Exhume"],"picked":"SKIP","floor":44},{"not_picked":["Disarm+1","Cleave","Pommel Strike"],"picked":"SKIP","floor":45},{"not_picked":["Thunderclap+1","Rampage+1","Sword Boomerang"],"picked":"SKIP","floor":47},{"not_picked":["Whirlwind+1","Sword Boomerang"],"picked":"Dark Embrace","floor":48},{"not_picked":["True Grit","Headbutt"],"picked":"Bloodletting+1","floor":55}],"player_experience":1857436,"relics_obtained":[{"floor":0.0,"key":"Boot"},{"floor":0.0,"key":"TheBible"},{"floor":0.0,"key":"Du-Vu Doll"},{"floor":7.0,"key":"HowToJump"},{"floor":22.0,"key":"Necronomicon"},{"floor":26.0,"key":"Happy Flower"},{"floor":27.0,"key":"Lizard Tail"},{"floor":29.0,"key":"PillsDrop"},{"floor":37.0,"key":"Bag of Marbles"},{"floor":38.0,"key":"CaptainsWheel"},{"floor":40.0,"key":"Meat on the Bone"},{"floor":42,"key":"Lantern"},{"floor":43,"key":"Peace Pipe"},{"floor":45,"key":"Shuriken"},{"floor":47,"key":"Turnip"},{"floor":48,"key":"Art of War"},{"floor":55,"key":"Red Skull"}],"event_choices":[{"damage_healed":0.0,"max_hp_gain":0.0,"max_hp_loss":0.0,"gold_gain":100.0,"event_name":"Wheel of Change","player_choice":"Gold","floor":3.0,"gold_loss":0.0,"damage_taken":0.0},{"damage_healed":0.0,"max_hp_gain":0.0,"max_hp_loss":0.0,"gold_gain":0.0,"event_name":"Liars Game","player_choice":"Ignored","floor":5.0,"gold_loss":0.0,"damage_taken":0.0},{"damage_healed":0.0,"max_hp_gain":0.0,"max_hp_loss":0.0,"gold_gain":0.0,"event_name":"Ghosts","player_choice":"Ignored","floor":20.0,"gold_loss":0.0,"damage_taken":0.0},{"damage_healed":0.0,"max_hp_gain":0.0,"max_hp_loss":0.0,"gold_gain":0.0,"event_name":"Cursed Tome","player_choice":"Obtained Book","floor":22.0,"gold_loss":0.0,"damage_taken":21.0},{"damage_healed":0.0,"max_hp_gain":0.0,"max_hp_loss":0.0,"gold_gain":0.0,"event_name":"MindBloom","player_choice":"Fight","floor":38.0,"gold_loss":0.0,"damage_taken":0.0}],"is_beta":false,"boss_relics":[{"not_picked":["Cursed Key","Ectoplasm"],"picked":"Philosopher\u0027s Stone"},{"not_picked":[]},{"not_picked":["Empty Cage","Runic Dome"],"picked":"ChampionBelt"},{"not_picked":[]}],"items_purged_floors":[2,17,21,24,34,36,39],"is_endless":false,"potions_floor_spawned":[7,11,14,18,23,35,37,40,44,45,55],"ascension_level":20}}