{"host":"mai03x2ekbjy4059","time":1611111629,"event":{"mods":["2.2 Compatiblity","BaseMod","Colored Map","DeckTracker","Keyboard Shortcuts","Minty Spire (QoL Compilation)","Permanent Neow","Quick Restart","SuperFastMode","everything is the same but u backflip on backflip"],"gold_per_floor":[110,210,221,231,246,279,279,312,312,312,312,324,324,357,357,461,461,461],"floor_reached":17,"language":"KOR","playtime":377,"items_purged":[],"score":184,"play_id":"5229668b-2bb2-43b6-9ce6-8dd9be38742e","local_time":"20210120120029","is_ascension_mode":true,"campfire_choices":[{"floor":7.0,"key":"REST"},{"floor":10.0,"key":"REST"},{"data":"Zap","floor":13.0,"key":"SMITH"},{"floor":15,"key":"REST"}],"circlet_count":0,"master_deck":["Strike_B","Strike_B","Strike_B","Strike_B","Defend_B","Defend_B","Defend_B","Defend_B","Zap+1","Dualcast","Thunder Strike","Ball Lightning","Static Discharge","Capacitor","Decay","Conserve Battery","Loop","Machine Learning"],"relics":["Cracked Core","Question Card","Pen Nib","Mummified Hand","Shuriken","Coffee Dripper"],"acts_visited":["Exordium","TheCity"],"potions_floor_usage":[14,16],"damage_taken":[{"damage":6.0,"enemies":"Small Slimes","floor":1.0,"turns":3.0},{"damage":0.0,"enemies":"Cultist","floor":3.0,"turns":3.0},{"damage":8.0,"enemies":"Jaw Worm","floor":4.0,"turns":3.0},{"damage":14.0,"enemies":"Lots of Slimes","floor":5.0,"turns":4.0},{"damage":36.0,"enemies":"3 Sentries","floor":6.0,"turns":6.0},{"damage":22.0,"enemies":"Gremlin Nob","floor":8.0,"turns":4.0},{"damage":3.0,"enemies":"2 Fungi Beasts","floor":12.0,"turns":3.0},{"damage":8,"enemies":"3 Sentries","floor":14,"turns":4},{"damage":29,"enemies":"The Guardian","floor":16,"turns":8}],"seed_played":"-8486163085313815941","potions_obtained":[{"floor":8.0,"key":"SkillPotion"},{"floor":12.0,"key":"SteroidPotion"},{"floor":14,"key":"PotionOfCapacity"}],"is_trial":false,"path_per_floor":["M","?","M","M","M","E","R","E","T","R","?","M","R","E","R","B",null],"character_chosen":"DEFECT","items_purchased":[],"campfire_rested":3,"item_purchase_floors":[],"current_hp_per_floor":[62,62,62,54,40,4,24,2,2,22,22,19,19,11,31,2,68,68],"gold":461,"neow_bonus":"THREE_RARE_CARDS","is_daily":false,"chose_seed":false,"campfire_upgraded":1,"win_rate":0.0,"timestamp":1611111629,"path_taken":["M","?","M","?","M","E","R","E","T","R","?","?","R","E","R","BOSS"],"items_purchased_type":[],"build_version":"2020-12-22","purchased_purges":0,"victory":false,"max_hp_per_floor":[68,68,68,68,68,68,68,68,68,68,68,68,68,68,68,68,68,68],"card_choices":[{"not_picked":["Fission","Multi-Cast"],"picked":"Thunder Strike","floor":0.0},{"not_picked":["Beam Cell","Redo","Ball Lightning"],"picked":"SKIP","floor":1.0},{"not_picked":["Scrape","Coolheaded"],"picked":"Ball Lightning","floor":3.0},{"not_picked":["Go for the Eyes","Gash"],"picked":"Static Discharge","floor":4.0},{"not_picked":["BootSequence","Creative AI"],"picked":"Capacitor","floor":5.0},{"not_picked":["FTL","Hello World","Chill"],"picked":"SKIP","floor":6.0},{"not_picked":["Undo","Redo","Stack","Rebound"],"picked":"SKIP","floor":8.0},{"not_picked":["Ball Lightning","Compile Driver","BootSequence"],"picked":"Conserve Battery","floor":12.0},{"not_picked":["Genetic Algorithm","Darkness","Steam Power"],"picked":"Loop","floor":14},{"not_picked":["Rainbow","Biased Cognition","All For One"],"picked":"Machine Learning","floor":16}],"player_experience":1101104,"relics_obtained":[{"floor":6.0,"key":"Question Card"},{"floor":8.0,"key":"Pen Nib"},{"floor":9.0,"key":"Mummified Hand"},{"floor":14,"key":"Shuriken"}],"event_choices":[{"damage_healed":0.0,"max_hp_gain":0.0,"max_hp_loss":0.0,"gold_gain":100.0,"event_name":"Golden Shrine","player_choice":"Pray","floor":2.0,"gold_loss":0.0,"damage_taken":0.0},{"damage_healed":0.0,"max_hp_gain":0.0,"max_hp_loss":0.0,"gold_gain":0.0,"event_name":"Wheel of Change","player_choice":"Cursed","floor":11.0,"gold_loss":0.0,"damage_taken":0.0,"cards_obtained":["Decay"]}],"is_beta":false,"boss_relics":[{"not_picked":["Calling Bell","Velvet Choker"],"picked":"Coffee Dripper"}],"items_purged_floors":[],"is_endless":false,"potions_floor_spawned":[8,12,14],"ascension_level":1}}