{"host":"usrgk25etjl0nf5i","time":1611121650,"event":{"mods":["2.2 Compatiblity","BaseMod","Downfall","Hubris","Minty Spire (QoL Compilation)","StSLib","SuperFastMode"],"gold_per_floor":[17,30,30,43,43,43,77,77,77,104,123,151,162,192,192,296,296,308,308,308,320,320,320],"floor_reached":22,"language":"ENG","playtime":702,"items_purged":[],"score":316,"play_id":"f0d3ba39-886a-411b-92e6-7cd36ecd2e33","local_time":"20210119214730","is_ascension_mode":true,"campfire_choices":[{"data":"Lockon","floor":6,"key":"SMITH"},{"floor":15,"key":"REST"}],"circlet_count":0,"master_deck":["AscendersBane","Strike_B","Strike_B","Strike_B","Defend_B","Defend_B","Defend_B","Defend_B","Zap+1","Dualcast","Beam Cell","Lockon+1","White Noise","Leap","Skim","Force Field","Leap","Ball Lightning","Loop"],"relics":["Cracked Core","Pocketwatch","Nunchaku","Incense Burner","Mummified Hand","White Beast Statue","SlaversCollar"],"acts_visited":["Exordium","TheCity"],"potions_floor_usage":[12,22],"damage_taken":[{"damage":1,"enemies":"Cultist","floor":1,"turns":3},{"damage":3,"enemies":"2 Louse","floor":2,"turns":2},{"damage":0,"enemies":"Small Slimes","floor":4,"turns":2},{"damage":13,"enemies":"Gremlin Nob","floor":7,"turns":3},{"damage":12,"enemies":"3 Sentries","floor":10,"turns":7},{"damage":3,"enemies":"Looter","floor":11,"turns":3},{"damage":7,"enemies":"Gremlin Nob","floor":12,"turns":5},{"damage":18,"enemies":"Lots of Slimes","floor":13,"turns":4},{"damage":7,"enemies":"Hexaghost","floor":16,"turns":9},{"damage":22,"enemies":"2 Thieves","floor":18,"turns":4},{"damage":21,"enemies":"Shell Parasite","floor":21,"turns":5},{"damage":37,"enemies":"Centurion and Healer","floor":22,"turns":4}],"seed_played":"-7684694679195880454","potions_obtained":[{"floor":1,"key":"PowerPotion"},{"floor":13,"key":"SteroidPotion"},{"floor":16,"key":"Regen Potion"}],"is_trial":false,"path_per_floor":["M","M","?","M","$","R","E","?","T","E","M","E","M","?","R","B",null,"M","?","?","M","M"],"character_chosen":"DEFECT","items_purchased":[],"campfire_rested":1,"item_purchase_floors":[],"current_hp_per_floor":[67,64,64,64,64,64,51,51,51,39,36,29,11,11,33,26,63,41,41,41,20,0,0],"gold":320,"neow_bonus":"ONE_RARE_RELIC","is_daily":false,"chose_seed":false,"campfire_upgraded":1,"win_rate":0.0,"timestamp":1611121650,"path_taken":["M","M","?","?","$","R","E","?","T","E","?","E","M","?","R","BOSS","M","?","?","?","M"],"items_purchased_type":[],"build_version":"2020-12-22","purchased_purges":0,"victory":false,"max_hp_per_floor":[75,75,75,75,75,75,75,75,75,75,75,75,75,75,75,75,75,75,75,75,75,75,75],"card_choices":[{"not_picked":["Heatsinks","Melter"],"picked":"Beam Cell","floor":1},{"not_picked":["hubris:Ukulele","Stack"],"picked":"Lockon","floor":2},{"not_picked":["Genetic Algorithm","Force Field"],"picked":"White Noise","floor":4},{"not_picked":["Chaos","Gash"],"picked":"Leap","floor":7},{"not_picked":["Sweeping Beam","hubris:PowerSurge"],"picked":"Skim","floor":10},{"not_picked":["Sweeping Beam","Streamline"],"picked":"Force Field","floor":11},{"not_picked":["Recycle","Steam"],"picked":"Leap","floor":12},{"not_picked":["Hologram","Streamline"],"picked":"Ball Lightning","floor":13},{"not_picked":["Skim","Rebound","Hologram"],"picked":"SKIP","floor":18},{"not_picked":["Rebound+1","Cold Snap","Gash+1"],"picked":"SKIP","floor":21}],"player_experience":652597,"relics_obtained":[{"floor":7,"key":"Nunchaku"},{"floor":9,"key":"Incense Burner"},{"floor":10,"key":"Mummified Hand"},{"floor":12,"key":"White Beast Statue"}],"event_choices":[{"cards_removed":["Strike_B"],"damage_healed":0,"gold_gain":0,"player_choice":"Purged","damage_taken":0,"max_hp_gain":0,"max_hp_loss":0,"event_name":"Purifier","floor":3,"gold_loss":0},{"damage_healed":0,"gold_gain":0,"player_choice":"Upgraded","damage_taken":0,"max_hp_gain":0,"max_hp_loss":0,"event_name":"Upgrade Shrine","floor":8,"gold_loss":0,"cards_upgraded":["Zap"]},{"damage_healed":0,"gold_gain":30,"player_choice":"Searched \u00271\u0027 times","damage_taken":0,"max_hp_gain":0,"max_hp_loss":0,"event_name":"Dead Adventurer","floor":14,"gold_loss":0},{"damage_healed":0,"gold_gain":0,"player_choice":"Ignored","damage_taken":0,"max_hp_gain":0,"max_hp_loss":0,"event_name":"Vampires","floor":19,"gold_loss":0},{"damage_healed":0,"gold_gain":0,"player_choice":"Read","damage_taken":0,"max_hp_gain":0,"max_hp_loss":0,"event_name":"The Library","floor":20,"gold_loss":0,"cards_obtained":["Loop"]}],"is_beta":false,"boss_relics":[{"not_picked":["Sozu","Runic Pyramid"],"picked":"SlaversCollar"}],"items_purged_floors":[],"is_endless":false,"potions_floor_spawned":[1,13,16,18,21],"killed_by":"Centurion and Healer","ascension_level":11}}