{"host":"jfdrqiydeufe5vnu","time":1611122107,"event":{"mods":["ATMod(阿瑾Mod)","Arknights The Spire","BaseMod","BetterRewards","Downfall","Energized Spire","LagranYue(拉格朗・月)","Minty Spire (QoL Compilation)","Spicy Shops","StSLib","TestMod","UnlockEverythingMod","vexMod","【遗物卡牌】REMEMod","篝火指南"],"gold_per_floor":[118,518,518,518,530,560,17,17,17,17,292,307,331,355,355,484,484,508,508,508,522,536,574,574,610,610,145,168,168,182,36,36,159,159,177,177,201,43,43,43,81,170,197,197,346,389,20,20,20,145,145,0,0,86,111],"floor_reached":56,"language":"ZHS","playtime":1876,"items_purged":["Normality"],"score":1490,"play_id":"a4105cc0-3f36-41c3-a96f-8e20bca735a8","local_time":"20210120135507","is_ascension_mode":false,"campfire_choices":[{"floor":8,"key":"REST"},{"data":"Guardian:RefractedBeam","floor":15,"key":"SMITH"},{"floor":24,"key":"RECALL"},{"floor":32,"key":"REST"},{"data":"Guardian:RefractedBeam+1","floor":40,"key":"SMITH"},{"floor":49,"key":"REST"}],"circlet_count":0,"master_deck":["Strike_B+1","Strike_B+1","Strike_B+1","Strike_B+1","Defend_B+1","Defend_B+1","Defend_B+1","Defend_B+1","Dualcast+1","AT_FamilyPortrait+1","Guardian:RefractedBeam+3","Go for the Eyes","Beam Cell","Lockon","Reprogram","Aggregate","Coolheaded","Rainbow","Coolheaded+1","Rip and Tear+1","Conserve Battery+1","Sweeping Beam","AT_ThreeBodyProblem+1","Steam+1","REME_Compress+1","Steam+1","Beam Cell","AT_RightCognition","Meteor Strike","Steam Power+1","Madness+1","Madness+1","Blizzard","testmod-SubstituteBySubterfuge+1","Mind Blast","Skim+1","Leap+1","Reprogram+1","Writhe","Thunder Strike"],"relics":["FrozenCore","AT_ATBox","testmod-TestBox","LagranYue:RandomDrawCardRelic","testmod-HeartOfStrike","Membership Card","HornCleat","War Paint","Ice Cream","AT_BladeRuinedKing","testmod-DragonStarHat","Bottled Flame","testmod-Motorcycle","Runic Capacitor","AT_RabadonDeathcap","Matryoshka","ClockworkSouvenir","REME_LimitBreaker","Golden Idol","MutagenicStrength","Enchiridion","Question Card","AT_Manta","vexMod:InvisibilityCloak","Ginger","Strawberry","AT_EbonyIvory","Vajra","Toxic Egg 2","TheAbacus","Cauldron","testmod-Muramasa","Orrery","Oddly Smooth Stone","Anchor","Regal Pillow","AT_MibuBalloonWealth","AT_PhaseBoots","Pen Nib","vexMod:GhostlyGear","Potion Belt","Du-Vu Doll","vexMod:MemoryStick","vexMod:PaidLearning","FossilizedHelix"],"acts_visited":["Exordium","TheCity","TheBeyond","TheEnding"],"potions_floor_usage":[14,16,22,23,27,27,28,33,33,50,55,55],"damage_taken":[{"damage":0,"enemies":"Jaw Worm","floor":1,"turns":1},{"damage":0,"enemies":"Small Slimes","floor":5,"turns":2},{"damage":1,"enemies":"3 Sentries","floor":6,"turns":3},{"damage":1,"enemies":"2 Louse","floor":12,"turns":2},{"damage":0,"enemies":"2 Fungi Beasts","floor":13,"turns":2},{"damage":0,"enemies":"Exordium Thugs","floor":14,"turns":1},{"damage":12,"enemies":"The Guardian","floor":16,"turns":4},{"damage":0,"enemies":"Chosen","floor":18,"turns":3},{"damage":2,"enemies":"Shell Parasite","floor":21,"turns":2},{"damage":1,"enemies":"Shelled Parasite and Fungi","floor":22,"turns":3},{"damage":2,"enemies":"Book of Stabbing","floor":23,"turns":4},{"damage":24,"enemies":"Slavers","floor":25,"turns":4},{"damage":0,"enemies":"Snake Plant","floor":28,"turns":2},{"damage":0,"enemies":"Snecko","floor":30,"turns":3},{"damage":3,"enemies":"Collector","floor":33,"turns":5},{"damage":11,"enemies":"3 Darklings","floor":35,"turns":4},{"damage":1,"enemies":"3 Shapes","floor":37,"turns":2},{"damage":0,"enemies":"Nemesis","floor":41,"turns":3},{"damage":0,"enemies":"Sphere and 2 Shapes","floor":42,"turns":2},{"damage":0,"enemies":"3 Darklings","floor":45,"turns":3},{"damage":7,"enemies":"Writhing Mass","floor":46,"turns":4},{"damage":0,"enemies":"Awakened One","floor":50,"turns":5},{"damage":28,"enemies":"Shield and Spear","floor":54,"turns":6},{"damage":7,"enemies":"The Heart","floor":55,"turns":5}],"seed_played":"8936325305503509951","potions_obtained":[{"floor":6,"key":"ColorlessPotion"},{"floor":16,"key":"PowerPotion"},{"floor":21,"key":"Block Potion"},{"floor":25,"key":"FearPotion"},{"floor":27,"key":"FairyPotion"},{"floor":27,"key":"Fruit Juice"},{"floor":27,"key":"REME_GoldPotion"},{"floor":27,"key":"EntropicBrew"},{"floor":28,"key":"LiquidBronze"},{"floor":33,"key":"REME_GoldPotion"},{"floor":37,"key":"SkillPotion"},{"floor":42,"key":"EssenceOfDarkness"}],"is_trial":false,"path_per_floor":["M","?","?","?","M","E","$","R","T","?","?","M","M","M","R","B",null,"M","?","?","M","M","E","R","E","T","R","M","?","M","$","R","B",null,"M","?","M","$","?","R","E","M","T","?","M","M","$","?","R","B",null,"R","$","E","B",null],"character_chosen":"DEFECT","items_purchased":["Membership Card","HornCleat","War Paint","Ice Cream","AT_BladeRuinedKing","testmod-DragonStarHat","Go for the Eyes","testmod-Motorcycle","Runic Capacitor","AT_RabadonDeathcap","Matryoshka","ClockworkSouvenir","bronze:BurnAndBuffPotion","Strawberry","AT_EbonyIvory","Vajra","Toxic Egg 2","TheAbacus","Cauldron","testmod-Muramasa","Orrery","Oddly Smooth Stone","Anchor","Regal Pillow","testmod-SubstituteBySubterfuge+1","Pen Nib","vexMod:GhostlyGear","Potion Belt","Du-Vu Doll","Strength Potion","vexMod:MemoryStick","vexMod:PaidLearning","DistilledChaos"],"campfire_rested":3,"item_purchase_floors":[0,0,0,0,0,0,0,7,7,7,7,7,7,27,27,27,27,27,27,31,31,31,38,38,38,47,47,47,47,47,52,52,52],"current_hp_per_floor":[40,40,40,40,40,39,39,61,61,61,61,60,60,75,75,63,75,75,75,59,57,56,54,54,32,32,44,44,44,44,44,70,67,87,76,65,64,64,64,64,64,64,64,64,64,57,57,57,87,87,87,87,87,59,52],"gold":111,"neow_bonus":"","is_daily":false,"chose_seed":false,"campfire_upgraded":2,"win_rate":0.0,"timestamp":1611122107,"path_taken":["M","?","?","?","M","E","$","R","T","?","?","M","?","M","R","BOSS","M","?","?","M","M","E","R","E","T","R","M","?","M","$","R","BOSS","M","?","M","$","?","R","E","M","T","?","?","M","?","?","R","BOSS","R","$","E","BOSS"],"items_purchased_type":["Relic","Relic","Relic","Relic","Relic","Relic","Card","Relic","Relic","Relic","Relic","Relic","Potion","Relic","Relic","Relic","Relic","Relic","Relic","Relic","Relic","Relic","Relic","Relic","Card","Relic","Relic","Relic","Relic","Potion","Relic","Relic","Potion"],"build_version":"2020-12-22","purchased_purges":1,"victory":true,"max_hp_per_floor":[75,75,75,75,75,75,75,75,75,75,75,75,75,75,75,75,75,75,75,75,75,75,75,75,75,75,87,87,87,87,87,87,87,87,87,87,87,87,87,87,87,87,87,87,87,87,87,87,87,87,87,87,87,87,87],"card_choices":[{"not_picked":["FTL","Genetic Algorithm"],"picked":"Beam Cell","floor":1},{"not_picked":["Go for the Eyes","Streamline"],"picked":"Lockon","floor":5},{"not_picked":["Scrape","Stack"],"picked":"Reprogram","floor":6},{"not_picked":["Coolheaded","White Noise"],"picked":"Aggregate","floor":12},{"not_picked":["Stack","Cold Snap","Compile Driver"],"picked":"SKIP","floor":13},{"not_picked":["Redo","Steam Power"],"picked":"Coolheaded","floor":14},{"not_picked":["Multi-Cast","Creative AI"],"picked":"Rainbow","floor":16},{"not_picked":["Self Repair","Rebound","Lockon"],"picked":"SKIP","floor":18},{"not_picked":["Self Repair+1","Scrape"],"picked":"Coolheaded+1","floor":21},{"not_picked":["Turbo","Glacier","Coolheaded"],"picked":"SKIP","floor":22},{"not_picked":["Echo Form","Reinforced Body"],"picked":"Rip and Tear+1","floor":23},{"not_picked":["AT_StudyProgram","Leap+1","Sweeping Beam"],"picked":"Conserve Battery+1","floor":25},{"not_picked":["Tempest+1","Rebound","Hologram+1"],"picked":"Sweeping Beam","floor":28},{"not_picked":["Go for the Eyes","AT_ThunderBolt","Heatsinks+1"],"picked":"AT_ThreeBodyProblem+1","floor":30},{"not_picked":["Beam Cell+1","Rebound","Conserve Battery+1"],"picked":"Steam+1","floor":31},{"not_picked":["Steam+1","Stack+1","Reprogram+1"],"picked":"REME_Compress+1","floor":31},{"not_picked":["Multi-Cast+1","Cold Snap","Go for the Eyes"],"picked":"Steam+1","floor":31},{"not_picked":["Self Repair","Conserve Battery+1","Tempest+1"],"picked":"Beam Cell","floor":31},{"not_picked":["Conserve Battery+1","Hologram+1","Capacitor"],"picked":"AT_RightCognition","floor":31},{"not_picked":["Core Surge","Rainbow+1","All For One"],"picked":"Meteor Strike","floor":33},{"not_picked":["Steam+1","Gash","Reinforced Body+1"],"picked":"Steam Power+1","floor":35},{"not_picked":["Streamline+1","AT_EMC2+1","Conserve Battery+1"],"picked":"Blizzard","floor":37},{"not_picked":["Good Instincts+1","REME_ShortnessOfBreath+1","testmod-PocketStoneCalender"],"picked":"Mind Blast","floor":39},{"not_picked":["Auto Shields+1","Heatsinks+1","Aggregate+1"],"picked":"Skim+1","floor":41},{"not_picked":["Conserve Battery+1","REME_Shoggoth","Rebound","Hologram+1"],"picked":"SKIP","floor":42},{"not_picked":["Auto Shields+1","Rebound","Reinforced Body+1"],"picked":"Leap+1","floor":45},{"not_picked":["AT_HeatAcrobatics+1","Conserve Battery+1","BootSequence+1"],"picked":"Reprogram+1","floor":46},{"not_picked":["Heatsinks","REME_Whirling+1","White Noise+1"],"picked":"Thunder Strike","floor":54}],"player_experience":80560,"relics_obtained":[{"floor":6,"key":"Bottled Flame"},{"floor":9,"key":"REME_LimitBreaker"},{"floor":20,"key":"Enchiridion"},{"floor":23,"key":"Question Card"},{"floor":25,"key":"AT_Manta"},{"floor":26,"key":"vexMod:InvisibilityCloak"},{"floor":26,"key":"Ginger"},{"floor":41,"key":"AT_MibuBalloonWealth"},{"floor":43,"key":"AT_SpeedBoots"},{"floor":54,"key":"FossilizedHelix"}],"event_choices":[{"damage_healed":0,"gold_gain":400,"player_choice":"Sell","damage_taken":0,"max_hp_gain":0,"max_hp_loss":0,"event_name":"恩洛斯的盘子","floor":2,"relics_lost":["REME_ComplimentaryCards"],"gold_loss":0},{"damage_healed":0,"gold_gain":0,"player_choice":"Take Wound","damage_taken":0,"relics_obtained":["Golden Idol"],"max_hp_gain":0,"max_hp_loss":0,"event_name":"Golden Idol","floor":10,"gold_loss":0,"cards_obtained":["Injury"]},{"damage_healed":0,"gold_gain":275,"player_choice":"Desecrate","damage_taken":0,"max_hp_gain":0,"max_hp_loss":0,"event_name":"Golden Shrine","floor":11,"gold_loss":0,"cards_obtained":["Regret"]},{"damage_healed":0,"gold_gain":0,"player_choice":"Inject Mutagens","damage_taken":0,"relics_obtained":["MutagenicStrength"],"max_hp_gain":0,"max_hp_loss":0,"event_name":"Drug Dealer","floor":19,"gold_loss":0},{"damage_healed":0,"gold_gain":0,"player_choice":"Obtained Book","damage_taken":16,"max_hp_gain":0,"max_hp_loss":0,"event_name":"Cursed Tome","floor":20,"gold_loss":0},{"damage_healed":0,"gold_gain":0,"player_choice":"Simplicity","damage_taken":0,"max_hp_gain":0,"max_hp_loss":0,"event_name":"Back to Basics","floor":29,"gold_loss":0,"cards_upgraded":["Strike_B","Strike_B","Strike_B","Strike_B","Defend_B","Defend_B","Defend_B"]},{"damage_healed":0,"gold_gain":0,"player_choice":"Embrace Madness","damage_taken":11,"max_hp_gain":0,"max_hp_loss":0,"event_name":"Winding Halls","floor":36,"gold_loss":0,"cards_obtained":["Madness","Madness"]},{"damage_healed":0,"gold_gain":0,"player_choice":"Memory 1","damage_taken":0,"max_hp_gain":0,"max_hp_loss":0,"event_name":"SensoryStone","floor":39,"gold_loss":0},{"damage_healed":0,"gold_gain":0,"cards_transformed":["Regret"],"player_choice":"Transformed","damage_taken":0,"max_hp_gain":0,"max_hp_loss":0,"event_name":"Transmorgrifier","floor":44,"gold_loss":0,"cards_obtained":["downfall:Icky"]},{"cards_removed":["downfall:Icky","Injury","Injury"],"damage_healed":0,"gold_gain":0,"player_choice":"Removed Curses","damage_taken":0,"max_hp_gain":0,"max_hp_loss":0,"event_name":"Fountain of Cleansing","floor":48,"gold_loss":0}],"is_beta":false,"boss_relics":[{"not_picked":["vexMod:MysteryBossChallenge","vexMod:RockOfEvil"],"picked":"FrozenCore"},{"not_picked":["energizedSpire:NeverEndingSparkler","energizedSpire:DeadBattery","Velvet Choker"]}],"items_purged_floors":[7],"is_endless":false,"potions_floor_spawned":[6,16,21,25,28,33,37,42],"ascension_level":0}}