{"host":"d9m9v0h6vo0edadb","time":1611120079,"event":{"mods":["BaseMod","Hermit","Keyboard Shortcuts","Minty Spire (QoL Compilation)","StSLib","SuperFastMode","The Cursed"],"gold_per_floor":[364,132,151,12,31,31,31,65,65,2,27,47,79,102,102,176,176,189,165,198,15,65,83,83,96,96,96,96,96,130,141,141,215,215,234,247,272,222,236,236,269,269,269,287,312,330,348,381,381,381,381],"floor_reached":52,"language":"KOR","playtime":1287,"items_purged":["Doubt","Strike_G","Strike_G","Strike_G","Defend_G"],"score":2435,"play_id":"bd90d6f1-7305-4287-94ce-6f795ca1b162","local_time":"20210120142119","is_ascension_mode":true,"campfire_choices":[{"data":"Prepared","floor":6.0,"key":"SMITH"},{"data":"Blade Dance","floor":15.0,"key":"SMITH"},{"floor":24.0,"key":"REST"},{"data":"Reflex","floor":27.0,"key":"SMITH"},{"data":"Tactician","floor":29.0,"key":"SMITH"},{"floor":32.0,"key":"REST"},{"data":"Terror","floor":40.0,"key":"SMITH"},{"data":"Accuracy","floor":42.0,"key":"SMITH"},{"floor":49.0,"key":"REST"}],"circlet_count":0,"master_deck":["AscendersBane","Defend_G","Defend_G","Defend_G","Defend_G","Survivor","Neutralize","Eviscerate","Prepared+1","Blade Dance+1","After Image","Noxious Fumes","Adrenaline","Tactician+1","Accuracy+1","After Image","Terror+1","PiercingWail","Reflex+1","Prepared","Blade Dance","Acrobatics"],"relics":["Ring of the Snake","Membership Card","Anchor","Paper Crane","Bronze Scales","Oddly Smooth Stone","Smiling Mask","Empty Cage","Red Mask","Shuriken","Turnip","Boot","Strawberry","Busted Crown","Tingsha","Nunchaku","Molten Egg 2","Potion Belt","Lantern"],"acts_visited":["Exordium","TheCity","TheBeyond"],"potions_floor_usage":[50,51],"damage_taken":[{"damage":5.0,"enemies":"2 Louse","floor":1.0,"turns":4.0},{"damage":0.0,"enemies":"Cultist","floor":3.0,"turns":3.0},{"damage":1.0,"enemies":"Jaw Worm","floor":5.0,"turns":3.0},{"damage":11.0,"enemies":"Lagavulin","floor":8.0,"turns":7.0},{"damage":4.0,"enemies":"3 Sentries","floor":11.0,"turns":8.0},{"damage":1.0,"enemies":"Large Slime","floor":12.0,"turns":4.0},{"damage":5.0,"enemies":"Gremlin Nob","floor":13.0,"turns":3.0},{"damage":0.0,"enemies":"Slime Boss","floor":16.0,"turns":7.0},{"damage":4.0,"enemies":"Spheric Guardian","floor":18.0,"turns":6.0},{"damage":0.0,"enemies":"2 Thieves","floor":19.0,"turns":4.0},{"damage":28.0,"enemies":"Masked Bandits","floor":20.0,"turns":6.0},{"damage":2.0,"enemies":"Sentry and Sphere","floor":23.0,"turns":8.0},{"damage":19.0,"enemies":"3 Cultists","floor":25.0,"turns":6.0},{"damage":4.0,"enemies":"Slavers","floor":30.0,"turns":8.0},{"damage":0.0,"enemies":"Centurion and Healer","floor":31.0,"turns":6.0},{"damage":0.0,"enemies":"Automaton","floor":33.0,"turns":6.0},{"damage":12.0,"enemies":"Orb Walker","floor":35.0,"turns":4.0},{"damage":0.0,"enemies":"3 Darklings","floor":36.0,"turns":4.0},{"damage":0.0,"enemies":"Mind Bloom Boss Battle","floor":37.0,"turns":4.0},{"damage":0.0,"enemies":"Writhing Mass","floor":39.0,"turns":3.0},{"damage":0.0,"enemies":"Giant Head","floor":41.0,"turns":3.0},{"damage":0.0,"enemies":"Jaw Worm Horde","floor":44.0,"turns":3.0},{"damage":13.0,"enemies":"Nemesis","floor":45.0,"turns":5.0},{"damage":0.0,"enemies":"Sphere and 2 Shapes","floor":46.0,"turns":4.0},{"damage":0.0,"enemies":"Transient","floor":47.0,"turns":6.0},{"damage":12.0,"enemies":"Reptomancer","floor":48.0,"turns":4.0},{"damage":18,"enemies":"Donu and Deca","floor":50,"turns":6},{"damage":0,"enemies":"Awakened One","floor":51,"turns":5}],"seed_played":"-8522600166995454338","potions_obtained":[{"floor":1.0,"key":"Swift Potion"},{"floor":7.0,"key":"Regen Potion"},{"floor":12.0,"key":"SteroidPotion"},{"floor":13.0,"key":"BlessingOfTheForge"},{"floor":19.0,"key":"Swift Potion"},{"floor":20.0,"key":"LiquidMemories"},{"floor":25.0,"key":"Energy Potion"},{"floor":30.0,"key":"EntropicBrew"},{"floor":31.0,"key":"BlessingOfTheForge"},{"floor":39.0,"key":"LiquidBronze"},{"floor":44.0,"key":"BlessingOfTheForge"},{"floor":45.0,"key":"Weak Potion"}],"is_trial":false,"path_per_floor":["M","$","M","$","M","R","?","E","T","$","E","M","E","T","R","B",null,"M","M","?","$","?","M","R","M","T","R","T","R","E","M","R","B",null,"M","M","?","$","M","R","E","R","T","M","E","M","M","E","R","B","B",null],"character_chosen":"THE_SILENT","items_purchased":["Membership Card","Prepared","After Image","Shuriken"],"campfire_rested":3,"item_purchase_floors":[2,2,4,21],"current_hp_per_floor":[54,54,54,54,53,53,53,42,42,42,53,52,47,47,47,47,61,57,57,29,29,29,27,46,27,27,27,27,27,30,30,51,66,71,59,59,59,59,59,59,59,59,59,59,46,46,46,34,55,37,37],"gold":381,"neow_bonus":"TWO_FIFTY_GOLD","is_daily":false,"chose_seed":false,"campfire_upgraded":6,"win_rate":0.0,"timestamp":1611120079,"path_taken":["M","$","M","$","M","R","?","E","T","?","E","M","E","?","R","BOSS","M","M","?","$","?","M","R","M","T","R","?","R","E","M","R","BOSS","M","M","?","$","M","R","E","R","T","M","E","M","M","E","R","BOSS","BOSS"],"items_purchased_type":["Relic","Card","Card","Relic"],"build_version":"2020-12-22","purchased_purges":5,"victory":true,"max_hp_per_floor":[66,66,66,66,66,66,66,66,66,66,66,66,66,66,66,66,66,66,66,66,66,66,66,66,66,66,66,66,66,73,73,73,73,73,73,73,73,73,73,73,73,73,73,73,73,73,73,73,73,73,73],"card_choices":[{"not_picked":["Prepared","PiercingWail"],"picked":"Eviscerate","floor":1.0},{"not_picked":["Slice","Dagger Spray"],"picked":"Blade Dance","floor":3.0},{"not_picked":["Deadly Poison","Bouncing Flask"],"picked":"Noxious Fumes","floor":5.0},{"not_picked":["Well Laid Plans","Sucker Punch"],"picked":"Adrenaline","floor":8.0},{"not_picked":["Venomology","Cloak And Dagger"],"picked":"Tactician","floor":11.0},{"not_picked":["Skewer","Cloak And Dagger"],"picked":"Accuracy","floor":12.0},{"not_picked":["Deadly Poison","Poisoned Stab","Bane"],"picked":"SKIP","floor":13.0},{"not_picked":["Wraith Form v2","Malaise"],"picked":"After Image","floor":16.0},{"not_picked":["Skewer","Setup"],"picked":"Terror","floor":18.0},{"not_picked":["Underhanded Strike","Poisoned Stab"],"picked":"PiercingWail","floor":19.0},{"not_picked":["Quick Slash","Deflect","Prepared"],"picked":"SKIP","floor":23.0},{"not_picked":["Infinite Blades","Prepared"],"picked":"Reflex","floor":25.0},{"not_picked":["Backflip","Tactician"],"picked":"Prepared","floor":30.0},{"not_picked":["Dodge and Roll","Distraction+1"],"picked":"Blade Dance","floor":31.0},{"not_picked":["Skewer"],"picked":"SKIP","floor":35.0},{"not_picked":[],"picked":"Acrobatics","floor":36.0},{"not_picked":["Flying Knee"],"picked":"SKIP","floor":39.0},{"not_picked":["Slice"],"picked":"SKIP","floor":41.0},{"not_picked":["Noxious Fumes"],"picked":"SKIP","floor":44.0},{"not_picked":["Setup"],"picked":"SKIP","floor":45.0},{"not_picked":["Backflip+1"],"picked":"SKIP","floor":46.0},{"not_picked":["Quick Slash+1"],"picked":"SKIP","floor":47.0},{"not_picked":["Prepared"],"picked":"SKIP","floor":48.0}],"player_experience":980381,"relics_obtained":[{"floor":8.0,"key":"Anchor"},{"floor":9.0,"key":"Paper Crane"},{"floor":11.0,"key":"Bronze Scales"},{"floor":13.0,"key":"Oddly Smooth Stone"},{"floor":14.0,"key":"Smiling Mask"},{"floor":20.0,"key":"Red Mask"},{"floor":26.0,"key":"Turnip"},{"floor":28.0,"key":"Boot"},{"floor":30.0,"key":"Strawberry"},{"floor":37.0,"key":"Tingsha"},{"floor":41.0,"key":"Nunchaku"},{"floor":43.0,"key":"Molten Egg 2"},{"floor":45.0,"key":"Potion Belt"},{"floor":48.0,"key":"Lantern"}],"event_choices":[{"damage_healed":0.0,"max_hp_gain":0.0,"max_hp_loss":0.0,"gold_gain":0.0,"event_name":"Lab","player_choice":"Got Potions","floor":7.0,"gold_loss":0.0,"damage_taken":0.0},{"damage_healed":0.0,"max_hp_gain":0.0,"max_hp_loss":0.0,"gold_gain":0.0,"event_name":"Masked Bandits","player_choice":"Fought Bandits","floor":20.0,"gold_loss":0.0,"damage_taken":0.0},{"damage_healed":0.0,"max_hp_gain":0.0,"max_hp_loss":0.0,"gold_gain":50.0,"event_name":"Nest","player_choice":"Stole From Cult","floor":22.0,"gold_loss":0.0,"damage_taken":0.0},{"damage_healed":0.0,"max_hp_gain":0.0,"max_hp_loss":0.0,"gold_gain":0.0,"event_name":"MindBloom","player_choice":"Fight","floor":37.0,"gold_loss":0.0,"damage_taken":0.0}],"is_beta":false,"boss_relics":[{"not_picked":["Runic Pyramid","SlaversCollar"],"picked":"Empty Cage"},{"not_picked":["Cursed Key","Philosopher\u0027s Stone"],"picked":"Busted Crown"}],"items_purged_floors":[2,4,10,21,38],"is_endless":false,"potions_floor_spawned":[1,12,13,19,20,25,30,31,39,44,45],"ascension_level":20}}