{"host":"mai03x2ekbjy4059","time":1611126866,"event":{"mods":["2.2 Compatiblity","BaseMod","Colored Map","DeckTracker","Keyboard Shortcuts","Minty Spire (QoL Compilation)","Permanent Neow","Quick Restart","SuperFastMode","everything is the same but u backflip on backflip"],"gold_per_floor":[11,11,86,103,31,70,140,174,174,174,205,205,232,253,253,364,364,386,395,254,278,278,322,322,334,334,334,361,361,394,394,394,491,518,532,544,337,351,362,362,401,26,51,67,67,85,85,121,121,121,121,121,71,113,113],"floor_reached":56,"language":"KOR","playtime":1642,"items_purged":["Decay","Reaper+1","Defend_R"],"score":1728,"play_id":"5c76902a-5585-48bf-951f-eee22c7c3b04","local_time":"20210120161426","is_ascension_mode":true,"campfire_choices":[{"data":"Barricade","floor":12.0,"key":"SMITH"},{"data":"Juggernaut","floor":15,"key":"SMITH"},{"data":"True Grit","floor":24,"key":"SMITH"},{"data":"Feel No Pain","floor":27,"key":"SMITH"},{"data":"Feel No Pain","floor":29,"key":"SMITH"},{"data":"Offering","floor":32,"key":"SMITH"},{"data":"Intimidate","floor":40,"key":"SMITH"},{"data":"Evolve","floor":45,"key":"SMITH"},{"floor":49,"key":"RECALL"},{"data":"Madness","floor":52,"key":"SMITH"}],"circlet_count":0,"master_deck":["Defend_R","Defend_R","Juggernaut+1","True Grit+1","Barricade+1","Intimidate+1","Impervious","Shrug It Off","Offering+1","Shrug It Off","Feel No Pain+1","Feel No Pain+1","Body Slam+1","Impervious+1","Second Wind+1","Shrug It Off+1","Evolve+1","Madness+1","Madness","Shrug It Off","Offering"],"relics":["Burning Blood","CeramicFish","Bottled Tornado","Vajra","Juzu Bracelet","Oddly Smooth Stone","StrikeDummy","Empty Cage","Lantern","Mercury Hourglass","Nunchaku","Singing Bowl","Smiling Mask","Astrolabe","Ancient Tea Set","Eternal Feather","Medical Kit","Happy Flower","Gambling Chip","Pen Nib"],"acts_visited":["Exordium","TheCity","TheBeyond","TheEnding"],"potions_floor_usage":[23,55,55,55],"damage_taken":[{"damage":11.0,"enemies":"Jaw Worm","floor":1.0,"turns":4.0},{"damage":5.0,"enemies":"2 Louse","floor":4.0,"turns":4.0},{"damage":2.0,"enemies":"Lagavulin","floor":6.0,"turns":10.0},{"damage":44.0,"enemies":"3 Sentries","floor":8.0,"turns":11.0},{"damage":0.0,"enemies":"Lagavulin","floor":11.0,"turns":11.0},{"damage":12.0,"enemies":"Gremlin Nob","floor":13.0,"turns":5.0},{"damage":0.0,"enemies":"Small Slimes","floor":14.0,"turns":5.0},{"damage":9,"enemies":"The Guardian","floor":16,"turns":15},{"damage":2,"enemies":"Shell Parasite","floor":18,"turns":14},{"damage":6,"enemies":"3 Byrds","floor":21,"turns":5},{"damage":6,"enemies":"Book of Stabbing","floor":23,"turns":9},{"damage":6,"enemies":"Snake Plant","floor":25,"turns":4},{"damage":6,"enemies":"Gremlin Leader","floor":28,"turns":5},{"damage":20,"enemies":"Slavers","floor":30,"turns":6},{"damage":6,"enemies":"Champ","floor":33,"turns":7},{"damage":0,"enemies":"3 Shapes","floor":35,"turns":5},{"damage":0,"enemies":"3 Darklings","floor":36,"turns":5},{"damage":0,"enemies":"Writhing Mass","floor":38,"turns":5},{"damage":19,"enemies":"4 Shapes","floor":39,"turns":4},{"damage":0,"enemies":"Nemesis","floor":41,"turns":7},{"damage":0,"enemies":"Maw","floor":44,"turns":6},{"damage":8,"enemies":"Reptomancer","floor":48,"turns":5},{"damage":6,"enemies":"Awakened One","floor":50,"turns":8},{"damage":6,"enemies":"Shield and Spear","floor":54,"turns":4},{"damage":12,"enemies":"The Heart","floor":55,"turns":6}],"seed_played":"8002567402397335842","potions_obtained":[{"floor":8.0,"key":"SkillPotion"},{"floor":11.0,"key":"DuplicationPotion"},{"floor":13.0,"key":"Dexterity Potion"},{"floor":14.0,"key":"Explosive Potion"},{"floor":16,"key":"PowerPotion"},{"floor":23,"key":"SpeedPotion"}],"is_trial":false,"path_per_floor":["M","?","?","M","$","E","T","E","T","?","E","R","E","M","R","B",null,"M","?","$","M","?","E","R","M","T","R","E","R","E","?","R","B",null,"M","M","$","M","M","R","E","$","T","M","R","?","?","E","R","B",null,"R","$","E","B",null],"character_chosen":"IRONCLAD","items_purchased":["Barricade","Feel No Pain","Ancient Tea Set","Medical Kit","Happy Flower","Evolve"],"campfire_rested":0,"item_purchase_floors":[5,20,37,42,42,42],"current_hp_per_floor":[75,75,64,65,65,69,69,31,31,24,30,30,24,30,30,27,80,80,80,80,80,65,65,65,65,65,65,65,65,53,53,53,55,89,91,93,93,95,84,84,90,90,90,98,99,87,87,85,97,97,99,99,99,99,93],"gold":113,"neow_bonus":"THREE_RARE_CARDS","is_daily":false,"chose_seed":false,"campfire_upgraded":9,"win_rate":0.0,"timestamp":1611126866,"path_taken":["M","?","?","M","$","E","?","E","T","?","E","R","E","M","R","BOSS","M","?","$","M","?","E","R","M","T","R","E","R","E","?","R","BOSS","M","M","$","M","M","R","E","$","T","M","R","?","?","E","R","BOSS","R","$","E","BOSS"],"items_purchased_type":["Card","Card","Relic","Relic","Relic","Card"],"build_version":"2020-12-22","purchased_purges":3,"victory":true,"max_hp_per_floor":[80,80,80,80,80,80,80,80,80,80,80,80,80,80,80,80,80,80,80,80,80,85,85,85,85,85,85,85,85,87,87,87,89,89,91,93,93,95,97,97,97,97,97,99,99,99,99,99,99,99,99,99,99,99,99],"card_choices":[{"not_picked":["Impervious","Feed"],"picked":"Juggernaut","floor":0.0},{"not_picked":["Thunderclap","Rage"],"picked":"True Grit","floor":1.0},{"not_picked":["Anger","Flex","Armaments"],"picked":"SKIP","floor":4.0},{"not_picked":["Reckless Charge","Warcry"],"picked":"Intimidate","floor":6.0},{"not_picked":["Evolve","Dual Wield"],"picked":"Impervious","floor":8.0},{"not_picked":["Iron Wave","Second Wind","Twin Strike"],"picked":"SKIP","floor":11.0},{"not_picked":["Feed","Burning Pact","Second Wind"],"picked":"SKIP","floor":13.0},{"not_picked":["Hemokinesis","Iron Wave"],"picked":"Shrug It Off","floor":14.0},{"not_picked":["Limit Break","Immolate"],"picked":"Offering","floor":16},{"not_picked":["Clothesline+1","Infernal Blade+1"],"picked":"Shrug It Off","floor":18},{"not_picked":["Rupture","Flex"],"picked":"Feel No Pain","floor":21},{"not_picked":["Carnage","Rupture"],"picked":"Body Slam+1","floor":23},{"not_picked":["Pommel Strike+1","Ghostly Armor","Carnage"],"picked":"SKIP","floor":25},{"not_picked":["Cleave","Thunderclap","Brutality"],"picked":"SKIP","floor":28},{"not_picked":["Pommel Strike+1","Cleave+1","Dropkick"],"picked":"Singing Bowl","floor":30},{"not_picked":["Brutality","Fiend Fire","Barricade"],"picked":"Singing Bowl","floor":33},{"not_picked":["Armaments","Warcry+1","Reckless Charge+1"],"picked":"Singing Bowl","floor":35},{"not_picked":["Rampage","Shockwave+1","Pummel+1"],"picked":"Singing Bowl","floor":36},{"not_picked":["Headbutt","Clothesline","Dropkick"],"picked":"Singing Bowl","floor":38},{"not_picked":["Clash","Disarm","Searing Blow+1"],"picked":"Singing Bowl","floor":39},{"not_picked":["Fiend Fire","Havoc+1"],"picked":"Shrug It Off+1","floor":41},{"not_picked":["Cleave+1","Iron Wave","Twin Strike"],"picked":"Singing Bowl","floor":44},{"not_picked":["Flex+1","True Grit"],"picked":"Shrug It Off","floor":48},{"not_picked":["Havoc","Uppercut"],"picked":"Offering","floor":54}],"player_experience":1108576,"relics_obtained":[{"floor":6.0,"key":"CeramicFish"},{"floor":7.0,"key":"Bottled Tornado"},{"floor":8.0,"key":"Vajra"},{"floor":9.0,"key":"Juzu Bracelet"},{"floor":11.0,"key":"Oddly Smooth Stone"},{"floor":13.0,"key":"StrikeDummy"},{"floor":23,"key":"Lantern"},{"floor":26,"key":"Mercury Hourglass"},{"floor":28,"key":"Nunchaku"},{"floor":30,"key":"Singing Bowl"},{"floor":41,"key":"Eternal Feather"},{"floor":48,"key":"Gambling Chip"},{"floor":54,"key":"Pen Nib"}],"event_choices":[{"cards_removed":["Strike_R"],"damage_healed":0.0,"max_hp_gain":0.0,"max_hp_loss":0.0,"gold_gain":0.0,"event_name":"Living Wall","player_choice":"Forget","floor":2.0,"gold_loss":0.0,"damage_taken":0.0},{"damage_healed":0.0,"max_hp_gain":0.0,"max_hp_loss":0.0,"gold_gain":75.0,"event_name":"World of Goop","player_choice":"Gather Gold","floor":3.0,"gold_loss":0.0,"damage_taken":11.0},{"cards_removed":["Strike_R"],"damage_healed":0.0,"max_hp_gain":0.0,"max_hp_loss":0.0,"gold_gain":0.0,"event_name":"Golden Wing","player_choice":"Card Removal","floor":10.0,"gold_loss":0.0,"damage_taken":7.0},{"damage_healed":0,"gold_gain":0,"player_choice":"Cursed","damage_taken":0,"max_hp_gain":0,"max_hp_loss":0,"event_name":"Wheel of Change","floor":19,"gold_loss":0,"cards_obtained":["Decay"]},{"damage_healed":0,"gold_gain":0,"player_choice":"Shed Blood","damage_taken":20,"max_hp_gain":5,"max_hp_loss":0,"event_name":"Forgotten Altar","floor":22,"gold_loss":0},{"damage_healed":0,"gold_gain":0,"player_choice":"Opened","damage_taken":0,"relics_obtained":["Smiling Mask"],"max_hp_gain":0,"max_hp_loss":0,"event_name":"The Mausoleum","floor":31,"gold_loss":0},{"damage_healed":0,"gold_gain":0,"player_choice":"Embrace Madness","damage_taken":12,"max_hp_gain":0,"max_hp_loss":0,"event_name":"Winding Halls","floor":46,"gold_loss":0,"cards_obtained":["Madness","Madness"]},{"damage_healed":0,"gold_gain":0,"player_choice":"Got Potions","damage_taken":0,"max_hp_gain":0,"max_hp_loss":0,"event_name":"Lab","floor":47,"gold_loss":0}],"is_beta":false,"boss_relics":[{"not_picked":["Velvet Choker","Runic Cube"],"picked":"Empty Cage"},{"not_picked":["Busted Crown","Tiny House"],"picked":"Astrolabe"}],"items_purged_floors":[20,37,53],"is_endless":false,"potions_floor_spawned":[8,11,13,14,16,21,23,25,28,39,44,54],"ascension_level":1}}