{"host":"nwtxriuk34b069je","time":1611112991,"event":{"mods":["AchievementEnabler","BaseMod","Better Skull","Colored Map","Colored Powertips","Hermit","Minty Spire (QoL Compilation)","Relic Stats","Replay The Spire","StSLib"],"gold_per_floor":[113,113,160,177,177,209,209,244,244,257,257,28,28,40,40,136,136,151,167,92,104,117,117,144,144,144,144,155,10,37,37,37,134,134,152,152,205,205,205,205,255,255,255,255,286,40,0,13,13,13],"floor_reached":51,"language":"ENG","playtime":1960,"items_purged":["Defend_R"],"score":842,"play_id":"d6ff3bb1-dfda-4abc-af90-0a70197caf71","local_time":"20210119212311","is_ascension_mode":false,"campfire_choices":[{"data":"Flex","floor":7,"key":"SMITH"},{"floor":11,"key":"REST"},{"floor":15,"key":"REST"},{"floor":23,"key":"REST"},{"data":"ReplayTheSpireMod:Muscle Training","floor":32,"key":"SMITH"},{"floor":40,"key":"REST"},{"floor":44,"key":"REST"},{"floor":49,"key":"REST"}],"circlet_count":0,"master_deck":["Strike_R+1","Strike_R+1","Strike_R+1","Strike_R+1","Defend_R","Defend_R","Defend_R","Bash","Heavy Blade","Cleave","Bloodletting","Flex+1","Whirlwind","Reaper","CurseOfTheBell","Pummel","Iron Wave","Flex+1","Clash","ReplayTheSpireMod:Muscle Training+1","Demonic Infusion","Thunderclap","ReplayTheSpireMod:Muscle Training+1"],"relics":["Burning Blood","NeowsBlessing","Garlic","Replay:Bottled Eggs","Singing Bowl","Paper Frog","Mercury Hourglass","White Beast Statue","Dream Catcher","WarpedTongs","Calling Bell","Blood Vial","Pantograph","Pocketwatch","ReplayFunnel","Ring of Hypnosis","ReplayTheSpireMod:Ring of Collecting","ReplayTheSpireMod:Ring of Exchange","WingedGreaves","Juzu Bracelet","Self Forming Clay","HandDrill","Counterbalance","Durian","ReplayTheSpireMod:Ring of Challenge","Frozen Egg 2","Bag of Preparation","Gremlin Horn","Red Mask"],"acts_visited":["Exordium","TheCity","TheBeyond"],"potions_floor_usage":[8,16,24,33,37,37,50,50],"damage_taken":[{"damage":0,"enemies":"Small Slimes","floor":1,"turns":1},{"damage":0,"enemies":"Jaw Worm","floor":4,"turns":1},{"damage":0,"enemies":"3 Sentries","floor":6,"turns":2},{"damage":16,"enemies":"Lagavulin","floor":8,"turns":3},{"damage":0,"enemies":"2 Louse","floor":10,"turns":2},{"damage":0,"enemies":"Lots of Slimes","floor":14,"turns":1},{"damage":44,"enemies":"Fading Forest","floor":16,"turns":11},{"damage":28,"enemies":"Shell Parasite","floor":18,"turns":4},{"damage":2,"enemies":"3 Byrds","floor":19,"turns":2},{"damage":36,"enemies":"Sentry and Sphere","floor":21,"turns":5},{"damage":11,"enemies":"Snecko","floor":22,"turns":4},{"damage":33,"enemies":"Book of Stabbing","floor":24,"turns":4},{"damage":3,"enemies":"Chosen and Byrds","floor":28,"turns":3},{"damage":11,"enemies":"Replay:Snechameleon","floor":30,"turns":5},{"damage":84,"enemies":"Automaton","floor":33,"turns":8},{"damage":17,"enemies":"3 Shapes","floor":35,"turns":3},{"damage":46,"enemies":"2 Orb Walkers","floor":37,"turns":5},{"damage":21,"enemies":"Mind Bloom Boss Battle","floor":41,"turns":6},{"damage":32,"enemies":"Reptomancer","floor":45,"turns":6},{"damage":3,"enemies":"Orb Walker","floor":48,"turns":3},{"damage":53,"enemies":"Donu and Deca","floor":50,"turns":6}],"seed_played":"4838801355871940878","potions_obtained":[{"floor":3,"key":"DuplicationPotion"},{"floor":8,"key":"Energy Potion"},{"floor":10,"key":"LiquidMemories"},{"floor":14,"key":"GamblersBrew"},{"floor":16,"key":"DuplicationPotion"},{"floor":18,"key":"Elixir"},{"floor":21,"key":"FairyPotion"},{"floor":24,"key":"Explosive Potion"},{"floor":33,"key":"EssenceOfSteel"},{"floor":35,"key":"Fire Potion"},{"floor":37,"key":"Strength Potion"},{"floor":41,"key":"Reflective Coating"}],"is_trial":false,"path_per_floor":["M","?","?","M","T","E","R","E","T","M","R","$","?","M","R","B",null,"M","M","?","M","M","R","E","?","T","?","M","$","E","$","R","B",null,"M","$","?","?","?","R","?","?","T","R","E","$","?","M","R","B",null],"character_chosen":"IRONCLAD","items_purchased":["Dream Catcher","Juzu Bracelet","Gremlin Horn"],"campfire_rested":6,"item_purchase_floors":[12,29,46],"current_hp_per_floor":[80,62,30,36,36,42,42,34,34,40,64,64,64,72,86,70,86,71,85,85,58,55,83,73,73,73,73,86,86,87,87,87,25,94,85,85,69,71,71,93,87,87,87,100,76,76,76,84,106,89],"gold":13,"neow_bonus":"THREE_ENEMY_KILL","is_daily":false,"chose_seed":false,"campfire_upgraded":2,"win_rate":0.0,"timestamp":1611112991,"path_taken":["M","?","?","?","?","E","R","E","T","M","R","?","?","M","R","BOSS","M","?","?","M","M","R","E","?","T","?","?","$","E","$","R","BOSS","M","$","?","?","?","R","?","?","T","R","E","$","?","M","R","BOSS"],"items_purchased_type":["Relic","Relic","Relic"],"build_version":"2020-12-22","purchased_purges":1,"victory":true,"max_hp_per_floor":[80,80,80,80,80,80,80,82,82,82,82,82,82,84,86,86,86,86,88,88,88,88,90,90,90,90,90,90,90,92,92,92,94,94,96,96,96,98,93,93,98,98,98,100,102,102,102,104,106,106],"relic_stats":{"Singing Bowl":26,"Gremlin Horn":[1,1],"counters":[21,81],"Self Forming Clay":[120],"Juzu Bracelet":1,"Bag of Preparation":[4],"Burning Blood":120,"Mercury Hourglass":[370],"WarpedTongs":[68],"Blood Vial":16,"Dream Catcher":5,"Pantograph":5,"HandDrill":[8],"obtain_stats":[{"ReplayFunnel":24,"ReplayTheSpireMod:Ring of Exchange":26,"Singing Bowl":5,"Gremlin Horn":46,"Juzu Bracelet":29,"Bag of Preparation":45,"Burning Blood":0,"Blood Vial":17,"Dream Catcher":12,"Pantograph":17,"WingedGreaves":26,"HandDrill":34,"Red Mask":47,"Replay:Bottled Eggs":3,"Paper Frog":6,"NeowsBlessing":0,"Ring of Hypnosis":25,"Self Forming Clay":30,"Counterbalance":37,"Frozen Egg 2":43,"White Beast Statue":9,"Mercury Hourglass":8,"WarpedTongs":13,"Calling Bell":17,"ReplayTheSpireMod:Ring of Collecting":25,"Garlic":2,"Durian":41,"ReplayTheSpireMod:Ring of Challenge":43,"Pocketwatch":17},{"ReplayFunnel":12,"ReplayTheSpireMod:Ring of Exchange":12,"Singing Bowl":2,"Gremlin Horn":19,"Juzu Bracelet":13,"Bag of Preparation":19,"Burning Blood":0,"Blood Vial":7,"Dream Catcher":5,"Pantograph":7,"WingedGreaves":12,"HandDrill":15,"Red Mask":19,"Replay:Bottled Eggs":1,"Paper Frog":3,"NeowsBlessing":0,"Ring of Hypnosis":12,"Self Forming Clay":14,"Counterbalance":17,"Frozen Egg 2":18,"White Beast Statue":4,"Mercury Hourglass":4,"WarpedTongs":5,"Calling Bell":7,"ReplayTheSpireMod:Ring of Collecting":12,"Garlic":1,"Durian":18,"ReplayTheSpireMod:Ring of Challenge":18,"Pocketwatch":7},{"ReplayFunnel":39,"ReplayTheSpireMod:Ring of Exchange":39,"Singing Bowl":2,"Gremlin Horn":72,"Juzu Bracelet":42,"Bag of Preparation":72,"Burning Blood":0,"Blood Vial":21,"Dream Catcher":9,"Pantograph":21,"WingedGreaves":39,"HandDrill":55,"Red Mask":72,"Replay:Bottled Eggs":1,"Paper Frog":4,"NeowsBlessing":0,"Ring of Hypnosis":39,"Self Forming Clay":47,"Counterbalance":61,"Frozen Egg 2":66,"White Beast Statue":7,"Mercury Hourglass":7,"WarpedTongs":9,"Calling Bell":21,"ReplayTheSpireMod:Ring of Collecting":39,"Garlic":1,"Durian":66,"ReplayTheSpireMod:Ring of Challenge":66,"Pocketwatch":21}],"Pocketwatch":[69]},"card_choices":[{"not_picked":["Warcry","Clothesline"],"picked":"Heavy Blade","floor":1},{"not_picked":["Uppercut","Heavy Blade"],"picked":"Cleave","floor":3},{"not_picked":["Run Through","Havoc"],"picked":"Bloodletting","floor":4},{"not_picked":["Uppercut","Warcry"],"picked":"Flex","floor":6},{"not_picked":["Clothesline","Sever Soul","Warcry"],"picked":"Singing Bowl","floor":8},{"not_picked":["Massacre","Flex"],"picked":"Whirlwind","floor":10},{"not_picked":["Entrench","Blood for Blood","Massacre"],"picked":"Singing Bowl","floor":14},{"not_picked":["Intimidate","Cleave","Twin Strike"],"picked":"Singing Bowl","floor":15},{"not_picked":["Double Tap","Juggernaut"],"picked":"Reaper","floor":16},{"not_picked":["Bloodletting+1","Rampage+1"],"picked":"Pummel","floor":18},{"not_picked":["Warcry+1","ReplayTheSpireMod:Strike From Hell","Anger"],"picked":"Singing Bowl","floor":19},{"not_picked":["Warcry","Cleave"],"picked":"Iron Wave","floor":21},{"not_picked":["Dark Embrace","Massacre"],"picked":"Flex+1","floor":22},{"not_picked":["Armaments","Twin Strike","Disarm"],"picked":"Singing Bowl","floor":23},{"not_picked":["Rampage","Disarm"],"picked":"Clash","floor":24},{"not_picked":["Heavy Blade","Armaments"],"picked":"ReplayTheSpireMod:Muscle Training","floor":28},{"not_picked":["Shrug It Off","Armaments","Iron Wave"],"picked":"Singing Bowl","floor":30},{"not_picked":["Replay:Many Hands","Brutality","Juggernaut"],"picked":"Singing Bowl","floor":33},{"not_picked":["Cleave+1","True Grit+1","Shrug It Off+1"],"picked":"Singing Bowl","floor":35},{"not_picked":["Iron Wave","Shrug It Off+1"],"picked":"Demonic Infusion","floor":37},{"not_picked":["Specialist","Flash of Steel","ReplayTheSpireMod:Trickstab"],"picked":"Singing Bowl","floor":38},{"not_picked":["Sword Boomerang+1","Shrug It Off+1"],"picked":"Thunderclap","floor":40},{"not_picked":["Sentinel+1","Flame Barrier"],"picked":"ReplayTheSpireMod:Muscle Training+1","floor":41},{"not_picked":["ReplayTheSpireMod:Muscle Training+1","Pommel Strike","ReplayTheSpireMod:Corrosion Curse"],"picked":"Singing Bowl","floor":44},{"not_picked":["Twin Strike+1","Bludgeon","Sword Boomerang+1"],"picked":"Singing Bowl","floor":45},{"not_picked":["Sword Boomerang+1","Run Through","Life Link+1"],"picked":"Singing Bowl","floor":48},{"not_picked":["Whirlwind+1","Combust+1","Seeing Red+1"],"picked":"Singing Bowl","floor":49}],"player_experience":513413,"relics_obtained":[{"floor":3,"key":"Replay:Bottled Eggs"},{"floor":5,"key":"Singing Bowl"},{"floor":6,"key":"Paper Frog"},{"floor":8,"key":"Mercury Hourglass"},{"floor":9,"key":"White Beast Statue"},{"floor":17,"key":"Blood Vial"},{"floor":17,"key":"Pantograph"},{"floor":17,"key":"Pocketwatch"},{"floor":24,"key":"ReplayFunnel"},{"floor":25,"key":"Ring of Hypnosis"},{"floor":25,"key":"ReplayTheSpireMod:Ring of Collecting"},{"floor":26,"key":"ReplayTheSpireMod:Ring of Exchange"},{"floor":26,"key":"WingedGreaves"},{"floor":30,"key":"Self Forming Clay"},{"floor":37,"key":"Counterbalance"},{"floor":41,"key":"Durian"},{"floor":43,"key":"ReplayTheSpireMod:Ring of Challenge"},{"floor":43,"key":"Frozen Egg 2"},{"floor":45,"key":"Bag of Preparation"}],"event_choices":[{"damage_healed":0,"gold_gain":0,"player_choice":"Success","damage_taken":18,"relics_obtained":["Garlic"],"max_hp_gain":0,"max_hp_loss":0,"event_name":"Scrap Ooze","floor":2,"gold_loss":0},{"damage_healed":0,"gold_gain":0,"player_choice":"Rummage","damage_taken":0,"relics_obtained":["WarpedTongs"],"max_hp_gain":0,"max_hp_loss":0,"event_name":"Accursed Blacksmith","floor":13,"gold_loss":0,"cards_obtained":["Pain"]},{"cards_removed":["Pain"],"damage_healed":0,"gold_gain":0,"player_choice":"Gave Gold","damage_taken":0,"max_hp_gain":0,"max_hp_loss":0,"event_name":"Beggar","floor":20,"gold_loss":75},{"cards_removed":["Languid"],"damage_healed":0,"gold_gain":0,"player_choice":"Removed Curses","damage_taken":0,"max_hp_gain":0,"max_hp_loss":0,"event_name":"Fountain of Cleansing","floor":27,"gold_loss":0},{"damage_healed":0,"gold_gain":0,"player_choice":"Fight","damage_taken":0,"max_hp_gain":0,"max_hp_loss":0,"event_name":"Mysterious Sphere","floor":37,"gold_loss":0},{"damage_healed":0,"gold_gain":0,"player_choice":"Memory 1","damage_taken":0,"max_hp_gain":0,"max_hp_loss":0,"event_name":"SensoryStone","floor":38,"gold_loss":0},{"damage_healed":0,"gold_gain":0,"player_choice":"Max HP","damage_taken":0,"max_hp_gain":0,"max_hp_loss":5,"event_name":"Winding Halls","floor":39,"gold_loss":0},{"damage_healed":0,"gold_gain":0,"player_choice":"Fight","damage_taken":0,"max_hp_gain":0,"max_hp_loss":0,"event_name":"MindBloom","floor":41,"gold_loss":0},{"cards_removed":["Strike_R"],"damage_healed":0,"gold_gain":0,"player_choice":"Purged","damage_taken":0,"max_hp_gain":0,"max_hp_loss":0,"event_name":"Purifier","floor":42,"gold_loss":0},{"damage_healed":0,"gold_gain":0,"player_choice":"Paid","damage_taken":0,"relics_obtained":["Red Mask"],"max_hp_gain":0,"max_hp_loss":0,"event_name":"Tomb of Lord Red Mask","floor":47,"gold_loss":40}],"is_beta":false,"boss_relics":[{"not_picked":["Honey Jar","Coffee Dripper"],"picked":"Calling Bell"},{"not_picked":["ReplayTheSpireMod:CursedCoin","Electric Blood"],"picked":"HandDrill"}],"items_purged_floors":[12],"is_endless":false,"potions_floor_spawned":[8,10,14,16,18,19,21,22,24,28,30,33,35,37,41,45,48],"ascension_level":0}}