{"host":"17xjy7b7ubl548g2","time":1611124311,"event":{"mods":["2.2 Compatiblity","Act Like it!","Aspiration","Astrologer","Bard","BaseMod","Bestiary","Challenge The Spire","ChefMod","Colored Map","Colored Powertips","Conspire","Elementarium","Energized Spire","Gensokyo","GifTheSpireLib","Halation","Hallownest","Hubris","Infinite Spire","Jedi Mod","Jorbs\u0027s Wanderer Trilogy","Marisa（霧雨　魔理沙）","Marked Mod","Menagerie","Minty Spire (QoL Compilation)","Pale of the Ancients","Permanent Neow","Puzzle Mod","Replay The Spire","Robot Space Explorer","Spicy Shops","StSLib","Stuff the Spire","The Blue Laboratory","The Bug Knight","The Construct","The Disciple","The Factory","The Hayseed","The Hierophant","The Marked","The Runesmith","The Sage","TheFirefly"],"gold_per_floor":[111,111,129,145,11,11,40,40,40,40,50,50,70,96,96,174,174,185,185,199,30,43,43,71,71,97,22,22,22,34,68,68,142,142,159,159,172,185,199,199,211,243,243,243,278,278,288,288,288,364,364,381,381,392,461,466,466,481,481,481,76,80,80,103,108,108,158,158,171,51,233,229,229,229,225,225],"floor_reached":75,"language":"ENG","playtime":5889,"items_purged":["StuffTheSpire:BumpUp","Strike_B"],"score":2591,"play_id":"5b3c096d-d228-4933-8198-2f381edb0fb3","local_time":"20210120013151","is_ascension_mode":true,"campfire_choices":[{"data":"Zap","floor":6,"key":"SMITH"},{"data":"jedi:hex","floor":8,"key":"SMITH"},{"data":"Loop","floor":10,"key":"SMITH"},{"data":"Blade Dance","floor":12,"key":"SMITH"},{"data":"Mirror Shield","floor":15,"key":"SMITH"},{"data":"Biased Cognition","floor":23,"key":"SMITH"},{"data":"Defragment","floor":28,"key":"SMITH"},{"data":"ReplayTheSpireMod:Dual Polarity","floor":32,"key":"SMITH"},{"floor":40,"key":"REST"},{"data":"Defragment","floor":44,"key":"SMITH"},{"data":"Electrodynamics","floor":46,"key":"SMITH"},{"data":"Dualcast","floor":49,"key":"SMITH"},{"data":"Defragment","floor":57,"key":"SMITH"},{"data":"hubris:PowerSurge","floor":59,"key":"SMITH"},{"data":"hubris:PowerSurge","floor":66,"key":"SMITH"},{"data":"Chaos","floor":74,"key":"SMITH"}],"circlet_count":0,"master_deck":["AscendersBane","Defend_B","Defend_B","Defend_B","Zap+1","Dualcast+1","Coolheaded","Die Die Die","Blade Dance+1","jedi:hex+1","Conserve Battery","Leap","Loop+1","Steam","Mirror Shield+1","Ball Lightning","Biased Cognition+1","ReplayTheSpireMod:Calculation Training","Leap","Coolheaded","Chaos+1","Defragment+1","ReplayTheSpireMod:Dual Polarity+1","Electrodynamics+1","Rainbow","Conserve Battery","Sweeping Beam","Coolheaded+1","Defragment+1","Stack","Leap","hubris:PowerSurge+1","jedi:BurstFrost","Redo","Defragment+1","aspiration:Polymerization","Undo","hubris:PowerSurge+1"],"relics":["Cracked Core","StuffTheSpire:Experiment12","infinitespire:FocusingShard","Regal Pillow","SlaversCollar","sagemod:Flying_Carpet","ClockworkSouvenir","Du-Vu Doll","Happy Flower","Geode","energizedSpire:StickyHand","DataDisk","StuffTheSpire:Barrel","aspiration:FetidBarrel","aspiration:ChemicalBlood","Smiling Mask","aspiration:BursterCore","conspire:Flyswatter","halation:KoshaPiece","Orichalcum","Lantern","Strawberry","Potion Belt","conspire:TopHat","Gensokyo:DemonMask","infinitespire:WardingShard"],"acts_visited":["Exordium","TheCity","TheCity","theFactory:Factory","Gensokyo:Gensokyo"],"potions_floor_usage":[7,14,31,33,37,42,50,50,65],"damage_taken":[{"damage":0,"enemies":"Menagerie:MonstrousExperiment","floor":1,"turns":4},{"damage":4,"enemies":"Menagerie:WhisperingWraith","floor":3,"turns":3},{"damage":1,"enemies":"Menagerie:2_RABBITS","floor":4,"turns":2},{"damage":7,"enemies":"Menagerie:MaskedSummoner","floor":7,"turns":8},{"damage":1,"enemies":"Menagerie:EntropyWarlock","floor":11,"turns":3},{"damage":5,"enemies":"Menagerie:RedMage","floor":13,"turns":3},{"damage":0,"enemies":"Menagerie:VoidReaper","floor":14,"turns":4},{"damage":3,"enemies":"Menagerie:Chimera","floor":16,"turns":8},{"damage":0,"enemies":"Chosen","floor":18,"turns":3},{"damage":10,"enemies":"Shell Parasite","floor":20,"turns":6},{"damage":0,"enemies":"Snecko","floor":22,"turns":5},{"damage":0,"enemies":"Nightmare","floor":24,"turns":6},{"damage":0,"enemies":"Centurion and Healer","floor":30,"turns":6},{"damage":9,"enemies":"Replay:Snechameleon","floor":31,"turns":6},{"damage":12,"enemies":"Automaton","floor":33,"turns":8},{"damage":0,"enemies":"theFactory:BigBot","floor":35,"turns":3},{"damage":5,"enemies":"theFactory:2_Experiment_Personnel","floor":37,"turns":5},{"damage":0,"enemies":"theFactory:DecayingSentinel","floor":38,"turns":4},{"damage":0,"enemies":"theFactory:Personnel_and_Big_Bot","floor":39,"turns":5},{"damage":0,"enemies":"theFactory:DefectiveSentry","floor":41,"turns":5},{"damage":0,"enemies":"theFactory:Manservantes","floor":42,"turns":5},{"damage":0,"enemies":"theFactory:SmogElemental","floor":45,"turns":4},{"damage":5,"enemies":"theFactory:DecayingSentinel","floor":47,"turns":6},{"damage":2,"enemies":"theFactory:Guardian2","floor":50,"turns":9},{"damage":0,"enemies":"Gensokyo:Python","floor":52,"turns":2},{"damage":0,"enemies":"Gensokyo:2_Kodama","floor":54,"turns":2},{"damage":0,"enemies":"Gensokyo:3_Fairies","floor":56,"turns":3},{"damage":0,"enemies":"Gensokyo:Mamizou","floor":58,"turns":4},{"damage":3,"enemies":"Gensokyo:3_Kodama","floor":62,"turns":1},{"damage":0,"enemies":"Gensokyo:Aya","floor":64,"turns":2},{"damage":3,"enemies":"Gensokyo:Python_and_Kodama","floor":65,"turns":2},{"damage":0,"enemies":"Gensokyo:Yukari","floor":67,"turns":5},{"damage":0,"enemies":"Gensokyo:3_Dogs","floor":69,"turns":1},{"damage":4,"enemies":"Gensokyo:CosmicMonolith","floor":72,"turns":4},{"damage":0,"enemies":"Gensokyo:Slime_Group","floor":75,"turns":1}],"seed_played":"-5690964310740545469","potions_obtained":[{"floor":3,"key":"blueLaboratory:FruitPunch"},{"floor":13,"key":"blueLaboratory:FrostheartPotion"},{"floor":14,"key":"Cursed Concoction"},{"floor":30,"key":"blueLaboratory:PhilterOfMotion"},{"floor":31,"key":"blueLaboratory:FrostheartPotion"},{"floor":33,"key":"FocusPotion"},{"floor":39,"key":"blueLaboratory:BubblePotion"},{"floor":41,"key":"GamblersBrew"},{"floor":45,"key":"Elixir"},{"floor":52,"key":"blueLaboratory:BottleOfRum"},{"floor":56,"key":"blueLaboratory:AbyssPotion"},{"floor":62,"key":"blueLaboratory:RememoryPotion"},{"floor":67,"key":"PowerPotion"},{"floor":69,"key":"jedi:holywater"}],"is_trial":false,"path_per_floor":["M","?","M","M","$","R","E","R","T","R","M","R","M","E","R","B",null,"M","?","M","$","M","R","NM","?","T","$","R","?","M","E","R","B",null,"M","?","M","M","M","R","M","E","T","R","E","R","M","AVR","R","B",null,"M","?","M","T","M","R","E","R","T","$","M","?","E","M","R","B",null,"M","?","?","M","?","R","M"],"character_chosen":"DEFECT","items_purchased":["Leap","ClockworkSouvenir","Defragment","Lantern","hubris:PowerSurge","Strawberry"],"campfire_rested":1,"item_purchase_floors":[5,21,27,61,61,61],"current_hp_per_floor":[64,64,60,59,59,59,54,54,54,54,53,53,48,48,48,45,66,66,51,41,41,41,41,41,41,41,41,41,41,41,32,32,20,43,43,23,18,18,18,48,48,48,48,48,48,48,43,43,43,41,49,49,51,51,51,51,51,51,51,51,58,55,35,35,32,32,32,52,52,52,52,48,48,48,48,48],"gold":225,"neow_bonus":"REMOVE_CARD","is_daily":false,"chose_seed":false,"campfire_upgraded":15,"win_rate":0.0,"timestamp":1611124311,"path_taken":["M","?","M","?","?","R","E","R","T","R","M","R","M","E","R","BOSS","M","?","M","$","M","R","NM","?","T","$","R","?","?","E","R","BOSS","M","?","M","M","?","R","M","E","T","R","E","R","M","AVR","R","BOSS","M","?","?","?","M","R","E","R","T","$","M","?","E","?","R","BOSS","M","?","?","M","?","R","?"],"items_purchased_type":["Card","Relic","Card","Relic","Card","Relic"],"build_version":"2020-12-22","purchased_purges":2,"victory":false,"max_hp_per_floor":[71,71,71,71,71,71,73,73,73,73,73,73,73,73,73,73,73,73,51,51,51,51,51,51,51,51,51,51,51,51,51,51,51,51,51,51,51,51,51,51,51,51,51,51,51,51,51,51,51,51,51,51,51,51,51,51,51,51,51,51,58,58,58,58,58,58,58,58,58,58,58,58,58,58,58,58],"card_choices":[{"not_picked":["jedi:BurstFrost","Sweeping Beam"],"picked":"Coolheaded","floor":1},{"not_picked":["BasicCrystalCard","StuffTheSpire:GlassShard"],"picked":"jedi:hex","floor":3},{"not_picked":["hubris:PowerSurge","jedi:BurstLightning"],"picked":"Conserve Battery","floor":4},{"not_picked":["StuffTheSpire:LoadUp","ReplaySolidLightProjector"],"picked":"Loop","floor":7},{"not_picked":["Conserve Battery","Chaos"],"picked":"Steam","floor":11},{"not_picked":["Leap","StuffTheSpire:Plugnplay"],"picked":"Mirror Shield","floor":13},{"not_picked":["Stack","Sunder"],"picked":"Ball Lightning","floor":14},{"not_picked":["Echo Form","hubris:DoWhile"],"picked":"Biased Cognition","floor":16},{"not_picked":["Coolheaded","Streamline"],"picked":"ReplayTheSpireMod:Calculation Training","floor":18},{"not_picked":["Panic Button","BasicCrystalCard"],"picked":"Leap","floor":20},{"not_picked":["Tempest","Compile Driver"],"picked":"Coolheaded","floor":22},{"not_picked":["Panic Button","Stack"],"picked":"Chaos","floor":24},{"not_picked":["StuffTheSpire:Plugnplay","ReplaySolidLightProjector"],"picked":"ReplayTheSpireMod:Dual Polarity","floor":30},{"not_picked":["StuffTheSpire:Plugnplay+1","Buffer"],"picked":"Electrodynamics","floor":31},{"not_picked":["ReplayTheSpireMod:Omega Cannon","jedi:studyfrost"],"picked":"Rainbow","floor":33},{"not_picked":["Heatsinks","jedi:reiji","Conserve Battery"],"picked":"SKIP","floor":35},{"not_picked":["Reprogram","jedi:BurstFrost","Gash"],"picked":"SKIP","floor":37},{"not_picked":["jedi:hex","ReplaySort","Panic Button"],"picked":"SKIP","floor":38},{"not_picked":["StuffTheSpire:LaunchingStrike","Compile Driver","Ball Lightning"],"picked":"SKIP","floor":39},{"not_picked":["Conserve Battery","Coolheaded+1"],"picked":"Sweeping Beam","floor":41},{"not_picked":["Defragment","Leap"],"picked":"Stack","floor":42},{"not_picked":["Gash","Rainbow","Doom and Gloom"],"picked":"SKIP","floor":45},{"not_picked":["Glacier","Sweeping Beam","jedi:markofdeath"],"picked":"SKIP","floor":47},{"not_picked":["Glacier","Sweeping Beam","jedi:markofdeath"],"picked":"SKIP","floor":47},{"not_picked":["hubris:PowerSurge","Redo"],"picked":"jedi:BurstFrost","floor":52},{"not_picked":["Streamline","Ball Lightning","Gash"],"picked":"SKIP","floor":54},{"not_picked":["Defragment","Undo"],"picked":"aspiration:Polymerization","floor":56},{"not_picked":["Undo","jedi:overflow","Skim"],"picked":"SKIP","floor":58},{"not_picked":["jedi:blockon","Auto Shields","Gash"],"picked":"SKIP","floor":62},{"not_picked":["Steam Power","StuffTheSpire:ShieldGenerator","jedi:readyaimfire"],"picked":"SKIP","floor":64},{"not_picked":["Conserve Battery","Redo","jedi:blockon"],"picked":"SKIP","floor":65},{"not_picked":["BasicCrystalCard+1","ReplaySort","Gash"],"picked":"SKIP","floor":69},{"not_picked":["Reinforced Body","Stack","Melter"],"picked":"SKIP","floor":72}],"player_experience":1855184,"relics_obtained":[{"floor":7,"key":"StuffTheSpire:Experiment12"},{"floor":9,"key":"infinitespire:FocusingShard"},{"floor":14,"key":"Regal Pillow"},{"floor":24,"key":"Du-Vu Doll"},{"floor":26,"key":"Happy Flower"},{"floor":31,"key":"Geode"},{"floor":42,"key":"StuffTheSpire:Barrel"},{"floor":43,"key":"aspiration:FetidBarrel"},{"floor":45,"key":"aspiration:ChemicalBlood"},{"floor":55,"key":"conspire:Flyswatter"},{"floor":58,"key":"halation:KoshaPiece"},{"floor":60,"key":"Orichalcum"},{"floor":64,"key":"conspire:TopHat"}],"event_choices":[],"is_beta":false,"boss_relics":[{"not_picked":["Empty Cage","sagemod:Falmels_Amulet"],"picked":"SlaversCollar"},{"not_picked":["conspire:RunicOctahedron","halation:PlatinumPhoenix"],"picked":"energizedSpire:StickyHand"},{"not_picked":["halation:HeavySnake","hubris:HollowSoul"],"picked":"aspiration:BursterCore"},{"not_picked":["halation:Prosthetics","Abe\u0027s Treasure","StuffTheSpire:Kangaroo"]}],"items_purged_floors":[5,48],"is_endless":true,"potions_floor_spawned":[3,13,14,30,31,33,39,41,45,52,56,62,67,69],"killed_by":"Gensokyo:Slime_Group","ascension_level":19}}