{"host":"x205naxbihvu3p76","time":1611120536,"event":{"mods":["AchievementEnabler","BaseMod","Minty Spire (QoL Compilation)","StSLib","SuperFastMode"],"gold_per_floor":[114,128,128,148,148,189,153,196,219,242,242,242,261,282,282,380,380,395,415,438,438,452,452,466,666,737,757,777,777,802,838,838,931,931,955,986,1009,1009,1030,1030,1070,1070,1123,304,304,304,319,179,179,179,179,179,179,179,214,214,214],"floor_reached":56,"language":"KOR","playtime":2651,"items_purged":["Strike_B","Strike_B"],"score":1922,"play_id":"d3e503b5-f22b-4b9e-b5aa-0fd0d43c107a","local_time":"20210120142856","is_ascension_mode":true,"campfire_choices":[{"floor":12.0,"key":"REST"},{"floor":15.0,"key":"REST"},{"floor":23,"key":"REST"},{"data":"Defragment","floor":29,"key":"SMITH"},{"data":"Defragment","floor":32,"key":"SMITH"},{"floor":40,"key":"REST"},{"floor":42,"key":"REST"},{"floor":49,"key":"RECALL"},{"floor":53,"key":"DIG"}],"circlet_count":0,"master_deck":["AscendersBane","Strike_B","Strike_B","Defend_B","Defend_B","Defend_B","Defend_B","Zap","Dualcast","Cold Snap","Defragment+1","Cold Snap","Defragment+1","Leap","Conserve Battery","Compile Driver","Electrodynamics","Turbo","Coolheaded","Heatsinks+1","Defragment+1","Conserve Battery+1","Glacier","Echo Form","Consume","Storm+1","Machine Learning+1","Defragment+1","Master of Strategy","Heatsinks+1","Loop+1"],"relics":["Cracked Core","NeowsBlessing","Golden Idol","Strawberry","DataDisk","PreservedInsect","Inserter","Mummified Hand","Lee\u0027s Waffle","Shovel","Sozu","Thread and Needle","Frozen Egg 2","Ancient Tea Set","InkBottle","Lee\u0027s Waffle","Letter Opener","Calipers","Toy Ornithopter","Lee\u0027s Waffle"],"acts_visited":["Exordium","TheCity","TheBeyond","TheEnding"],"potions_floor_usage":[19,24,31,50],"damage_taken":[{"damage":0.0,"enemies":"2 Louse","floor":1.0,"turns":1.0},{"damage":0.0,"enemies":"Cultist","floor":2.0,"turns":1.0},{"damage":0.0,"enemies":"Small Slimes","floor":4.0,"turns":1.0},{"damage":25.0,"enemies":"Lagavulin","floor":6.0,"turns":12.0},{"damage":29.0,"enemies":"Gremlin Nob","floor":8.0,"turns":4.0},{"damage":5.0,"enemies":"3 Louse","floor":10.0,"turns":4.0},{"damage":11.0,"enemies":"Looter","floor":13.0,"turns":3.0},{"damage":6.0,"enemies":"Large Slime","floor":14.0,"turns":9.0},{"damage":60.0,"enemies":"Slime Boss","floor":16.0,"turns":13.0},{"damage":13.0,"enemies":"Chosen","floor":18.0,"turns":5.0},{"damage":24,"enemies":"3 Byrds","floor":19,"turns":3},{"damage":2,"enemies":"Snecko","floor":20,"turns":5},{"damage":7,"enemies":"Sentry and Sphere","floor":22,"turns":6},{"damage":30,"enemies":"Shelled Parasite and Fungi","floor":24,"turns":6},{"damage":0,"enemies":"Snecko","floor":27,"turns":5},{"damage":4,"enemies":"Snake Plant","floor":28,"turns":5},{"damage":0,"enemies":"Cultist and Chosen","floor":30,"turns":4},{"damage":18,"enemies":"Slavers","floor":31,"turns":3},{"damage":0,"enemies":"Champ","floor":33,"turns":21},{"damage":24,"enemies":"3 Darklings","floor":35,"turns":4},{"damage":7,"enemies":"Mind Bloom Boss Battle","floor":36,"turns":10},{"damage":9,"enemies":"Orb Walker","floor":37,"turns":4},{"damage":12,"enemies":"3 Darklings","floor":39,"turns":3},{"damage":22,"enemies":"Nemesis","floor":41,"turns":7},{"damage":7,"enemies":"Transient","floor":47,"turns":6},{"damage":15,"enemies":"Donu and Deca","floor":50,"turns":6},{"damage":55,"enemies":"Time Eater","floor":51,"turns":14},{"damage":11,"enemies":"Shield and Spear","floor":55,"turns":2},{"damage":208,"enemies":"The Heart","floor":56,"turns":18}],"seed_played":"-8852603809140460931","potions_obtained":[{"floor":3.0,"key":"LiquidBronze"},{"floor":3.0,"key":"FairyPotion"},{"floor":6.0,"key":"Explosive Potion"},{"floor":8.0,"key":"Fire Potion"},{"floor":18.0,"key":"Explosive Potion"},{"floor":19,"key":"PotionOfCapacity"},{"floor":22,"key":"SkillPotion"},{"floor":27,"key":"Fire Potion"},{"floor":33,"key":"AttackPotion"}],"is_trial":false,"path_per_floor":["M","M","?","M","?","E","?","E","T","M","?","R","M","M","R","B",null,"M","M","M","?","M","R","M","?","T","M","M","R","M","E","R","B",null,"M","?","M","?","M","R","E","R","T","$","?","?","M","$","R","B","B",null,"R","$","E","B"],"character_chosen":"DEFECT","items_purchased":["Defragment+1","Ancient Tea Set","InkBottle","Master of Strategy","Loop+1"],"campfire_rested":5,"item_purchase_floors":[44,44,44,44,48],"current_hp_per_floor":[64,64,64,64,64,46,46,17,17,12,12,33,22,16,37,10,56,43,19,17,17,10,31,1,1,1,78,74,74,74,56,56,56,73,49,42,33,33,21,44,22,45,45,45,45,45,38,38,38,23,46,72,72,72,61,0,0],"gold":214,"neow_bonus":"THREE_ENEMY_KILL","is_daily":false,"chose_seed":false,"campfire_upgraded":2,"win_rate":0.0,"timestamp":1611120536,"path_taken":["M","M","?","?","?","E","?","E","T","M","?","R","M","M","R","BOSS","M","M","M","?","M","R","M","?","T","M","M","R","?","E","R","BOSS","M","?","M","?","M","R","E","R","T","$","?","?","M","$","R","BOSS","BOSS","R","$","E","BOSS"],"items_purchased_type":["Card","Relic","Relic","Card","Card"],"build_version":"2020-12-22","purchased_purges":2,"victory":false,"max_hp_per_floor":[71,71,71,71,64,71,71,71,71,71,71,71,71,71,71,71,71,71,71,71,71,71,71,71,71,71,78,78,78,78,78,78,78,78,78,78,78,78,78,78,78,78,78,78,74,74,74,74,74,74,81,81,81,81,81,88,88],"card_choices":[{"not_picked":["Go for the Eyes","Turbo"],"picked":"Cold Snap","floor":1.0},{"not_picked":["Force Field","Cold Snap"],"picked":"Defragment","floor":2.0},{"not_picked":["Go for the Eyes","Buffer"],"picked":"Cold Snap","floor":4.0},{"not_picked":["Rebound","Glacier"],"picked":"Defragment","floor":6.0},{"not_picked":["Skim","Machine Learning"],"picked":"Leap","floor":8.0},{"not_picked":["Compile Driver","Stack","Steam"],"picked":"SKIP","floor":10.0},{"not_picked":["Turbo","Darkness"],"picked":"Conserve Battery","floor":13.0},{"not_picked":["Rebound","Redo"],"picked":"Compile Driver","floor":14.0},{"not_picked":["Biased Cognition","All For One"],"picked":"Electrodynamics","floor":16.0},{"not_picked":["Hologram","Steam","Streamline"],"picked":"SKIP","floor":18.0},{"not_picked":["Coolheaded","Rebound","Redo"],"picked":"SKIP","floor":19},{"not_picked":["Lockon","Creative AI"],"picked":"Turbo","floor":20},{"not_picked":["Steam Power","Gash","Coolheaded"],"picked":"SKIP","floor":22},{"not_picked":["Steam Power","Gash"],"picked":"Coolheaded","floor":22},{"not_picked":["Streamline","Turbo"],"picked":"Heatsinks+1","floor":24},{"not_picked":["Rebound","Turbo","Beam Cell"],"picked":"SKIP","floor":27},{"not_picked":["Loop","Heatsinks"],"picked":"Defragment+1","floor":28},{"not_picked":["Skim","Electrodynamics"],"picked":"Conserve Battery+1","floor":30},{"not_picked":["Tempest","Steam Power"],"picked":"Glacier","floor":31},{"not_picked":["Amplify","All For One"],"picked":"Echo Form","floor":33},{"not_picked":["Go for the Eyes+1","Coolheaded","Stack"],"picked":"SKIP","floor":35},{"not_picked":["Auto Shields","Conserve Battery+1"],"picked":"Consume","floor":36},{"not_picked":["Barrage","Self Repair"],"picked":"Storm+1","floor":37},{"not_picked":["Ball Lightning","Sweeping Beam","Consume+1"],"picked":"SKIP","floor":39},{"not_picked":["Redo","Ball Lightning"],"picked":"Machine Learning+1","floor":41},{"not_picked":["Coolheaded","Aggregate+1"],"picked":"Heatsinks+1","floor":47},{"not_picked":["Recycle","Gash","Cold Snap"],"picked":"SKIP","floor":55}],"player_experience":984664,"relics_obtained":[{"floor":6.0,"key":"Strawberry"},{"floor":8.0,"key":"DataDisk"},{"floor":9.0,"key":"PreservedInsect"},{"floor":26,"key":"Mummified Hand"},{"floor":31,"key":"Shovel"},{"floor":36,"key":"Thread and Needle"},{"floor":41,"key":"Frozen Egg 2"},{"floor":53,"key":"Letter Opener"},{"floor":55,"key":"Toy Ornithopter"}],"event_choices":[{"damage_healed":0.0,"max_hp_gain":0.0,"max_hp_loss":0.0,"gold_gain":0.0,"event_name":"Lab","player_choice":"Got Potions","floor":3.0,"gold_loss":0.0,"damage_taken":0.0},{"damage_healed":0.0,"max_hp_gain":0.0,"max_hp_loss":7.0,"gold_gain":0.0,"event_name":"Golden Idol","player_choice":"Lose Max HP","floor":5.0,"gold_loss":0.0,"damage_taken":0.0,"relics_obtained":["Golden Idol"]},{"damage_healed":0.0,"max_hp_gain":0.0,"max_hp_loss":0.0,"gold_gain":0.0,"event_name":"World of Goop","player_choice":"Left Gold","floor":7.0,"gold_loss":36.0,"damage_taken":0.0},{"damage_healed":0.0,"max_hp_gain":0.0,"max_hp_loss":0.0,"gold_gain":0.0,"event_name":"Liars Game","player_choice":"Ignored","floor":11.0,"gold_loss":0.0,"damage_taken":0.0},{"damage_healed":0,"gold_gain":0,"player_choice":"Ignored","damage_taken":0,"max_hp_gain":0,"max_hp_loss":0,"event_name":"Cursed Tome","floor":21,"gold_loss":0},{"damage_healed":0,"gold_gain":250,"player_choice":"Bet on Owner","damage_taken":0,"max_hp_gain":0,"max_hp_loss":0,"event_name":"The Joust","floor":25,"gold_loss":50},{"damage_healed":0,"gold_gain":0,"player_choice":"Fight","damage_taken":0,"max_hp_gain":0,"max_hp_loss":0,"event_name":"MindBloom","floor":36,"gold_loss":0},{"damage_healed":0,"gold_gain":0,"player_choice":"Ignored","damage_taken":0,"max_hp_gain":0,"max_hp_loss":0,"event_name":"Mysterious Sphere","floor":38,"gold_loss":0},{"damage_healed":0,"gold_gain":0,"player_choice":"Max HP","damage_taken":0,"max_hp_gain":0,"max_hp_loss":4,"event_name":"Winding Halls","floor":45,"gold_loss":0},{"damage_healed":0,"gold_gain":0,"player_choice":"Memory 1","damage_taken":0,"max_hp_gain":0,"max_hp_loss":0,"event_name":"SensoryStone","floor":46,"gold_loss":0}],"is_beta":false,"boss_relics":[{"not_picked":["Pandora\u0027s Box","Coffee Dripper"],"picked":"Inserter"},{"not_picked":["Black Star","Calling Bell"],"picked":"Sozu"}],"items_purged_floors":[44,48],"is_endless":false,"potions_floor_spawned":[6,8,10,18,19,22,27,28,33,37,55],"killed_by":"The Heart","ascension_level":20}}