{"host":"ewfe3cr33ktd9xzj","time":1611113770,"event":{"mods":["AchievementEnabler","Arknights The Spire","BaseMod","Colored Map","Custom Start","DeckTracker","Minty Spire (QoL Compilation)","Permanent Neow","Quick Restart","Rare Cards Sparkle","StSLib","everything is the same but u backflip on backflip"],"gold_per_floor":[59,94,134,134,171,196,196,261,331,331,350,368,67,99,99,217,217,233,158,188,51,70,70,70,70],"floor_reached":24,"language":"KOR","playtime":886,"items_purged":["ats:Strike C"],"score":293,"play_id":"1e9fea6c-ba51-4b47-bde9-a2dd6a3b3030","local_time":"20210120123610","is_ascension_mode":false,"campfire_choices":[{"data":"ats:Thermite Blade","floor":7.0,"key":"SMITH"},{"data":"ats:True Silver Slash","floor":10.0,"key":"SMITH"},{"data":"ats:Demon Strength","floor":15.0,"key":"SMITH"},{"floor":23,"key":"REST"}],"circlet_count":0,"master_deck":["ats:Strike G","ats:Strike S","ats:Armor Crushing Shot","ats:Defend","ats:Defend","ats:Defend","ats:Defend","ats:Emotion Absorption","HandOfGreed","ats:Collapsing Strike","ats:Thermite Blade+1","ats:Ignite","ats:Overload","ats:True Silver Slash+1","ats:Flexible Camouflage","ats:Demon Strength+1","ats:Nebulous Foxfire","ats:Cat Scratch+1","ats:Disruption Kick"],"relics":["ats:Sanity","ats:Originium","Centennial Puzzle","Bird Faced Urn","Gremlin Horn","Sling","Lantern","Black Star"],"acts_visited":["Exordium","TheCity"],"potions_floor_usage":[24],"damage_taken":[{"damage":1.0,"enemies":"2 Louse","floor":1.0,"turns":3.0},{"damage":0.0,"enemies":"Cultist","floor":2.0,"turns":4.0},{"damage":0.0,"enemies":"Small Slimes","floor":3.0,"turns":3.0},{"damage":14.0,"enemies":"Blue Slaver","floor":5.0,"turns":5.0},{"damage":0.0,"enemies":"Gremlin Nob","floor":6.0,"turns":3.0},{"damage":22.0,"enemies":"3 Sentries","floor":8.0,"turns":5.0},{"damage":0.0,"enemies":"Lots of Slimes","floor":11.0,"turns":1.0},{"damage":0.0,"enemies":"Gremlin Gang","floor":12.0,"turns":1.0},{"damage":6.0,"enemies":"Lagavulin","floor":14.0,"turns":4.0},{"damage":0,"enemies":"Slime Boss","floor":16,"turns":6},{"damage":6,"enemies":"Spheric Guardian","floor":18,"turns":3},{"damage":12,"enemies":"2 Thieves","floor":20,"turns":4},{"damage":48,"enemies":"Snake Plant","floor":22,"turns":6},{"damage":24,"enemies":"Book of Stabbing","floor":24,"turns":4}],"seed_played":"-7597006186089479416","potions_obtained":[{"floor":1.0,"key":"ColorlessPotion"},{"floor":3.0,"key":"Fruit Juice"},{"floor":4.0,"key":"FearPotion"},{"floor":4.0,"key":"DuplicationPotion"},{"floor":4.0,"key":"Block Potion"},{"floor":8.0,"key":"Swift Potion"},{"floor":20,"key":"Fire Potion"},{"floor":22,"key":"EssenceOfSteel"}],"is_trial":false,"path_per_floor":["M","M","M","?","M","E","R","E","T","R","M","M","$","E","R","B",null,"M","?","M","$","M","R","E"],"character_chosen":"DOCTOR_CLASS","items_purchased":["ats:Demon Strength","Sling","ats:Disruption Kick"],"campfire_rested":1,"item_purchase_floors":[13,13,21],"current_hp_per_floor":[71,71,71,76,62,62,62,40,40,40,40,40,40,36,36,38,77,71,71,59,59,17,40,18,18],"gold":70,"neow_bonus":"RANDOM_COLORLESS_2","is_daily":false,"chose_seed":false,"campfire_upgraded":3,"win_rate":0.0,"timestamp":1611113770,"path_taken":["M","M","M","?","M","E","R","E","T","R","M","M","?","E","R","BOSS","M","?","M","$","M","R","E"],"items_purchased_type":["Card","Relic","Card"],"build_version":"2020-12-22","purchased_purges":1,"victory":false,"max_hp_per_floor":[72,72,72,77,77,77,77,77,77,77,77,77,77,77,77,77,77,77,77,77,77,77,77,77,77],"card_choices":[{"not_picked":["Panache","Secret Technique"],"picked":"HandOfGreed","floor":0.0},{"not_picked":["ats:Spore Proliferation","ats:Steam Pump"],"picked":"ats:Collapsing Strike","floor":1.0},{"not_picked":["ats:Assault Order","ats:Neurotoxin"],"picked":"ats:Thermite Blade","floor":2.0},{"not_picked":["ats:Childhood Dance","ats:Powerful Strike","ats:Flexible Camouflage"],"picked":"SKIP","floor":3.0},{"not_picked":["ats:Flexible Camouflage","ats:LN2 Cannon"],"picked":"ats:Ignite","floor":5.0},{"not_picked":["ats:Encircling Forest","ats:Beaten Up"],"picked":"ats:Overload","floor":6.0},{"not_picked":["ats:Hammer On","ats:Leaping Hammer"],"picked":"ats:True Silver Slash","floor":8.0},{"not_picked":["ats:Childhood Dance","ats:Burning Ground","ats:Curse Doll"],"picked":"SKIP","floor":11.0},{"not_picked":["ats:Spore Proliferation","ats:Counter Healing Mode"],"picked":"ats:Flexible Camouflage","floor":12.0},{"not_picked":["ats:Counter Healing Mode","ats:Curse Doll","ats:Defend Order"],"picked":"SKIP","floor":14.0},{"not_picked":["ats:Fractured Body","ats:Durian"],"picked":"ats:Nebulous Foxfire","floor":16},{"not_picked":["ats:Revitalization+1","ats:Demon Strength"],"picked":"ats:Cat Scratch+1","floor":18},{"not_picked":["ats:Collapsing Strike","ats:Flexible Camouflage","ats:Leaping Hammer+1"],"picked":"SKIP","floor":20},{"not_picked":["ats:Collapsing Strike","ats:Explosion Area Strengthen","ats:Burning Ground"],"picked":"SKIP","floor":22}],"player_experience":46151,"relics_obtained":[{"floor":6.0,"key":"ats:Originium"},{"floor":6.0,"key":"Centennial Puzzle"},{"floor":8.0,"key":"ats:Originium"},{"floor":8.0,"key":"Bird Faced Urn"},{"floor":9.0,"key":"Gremlin Horn"},{"floor":14.0,"key":"ats:Originium"},{"floor":14.0,"key":"Lantern"}],"event_choices":[{"damage_healed":0.0,"max_hp_gain":0.0,"max_hp_loss":0.0,"gold_gain":0.0,"event_name":"Lab","player_choice":"Got Potions","floor":4.0,"gold_loss":0.0,"damage_taken":0.0},{"cards_removed":["ats:Strike V"],"damage_healed":0,"gold_gain":0,"player_choice":"Gave Gold","damage_taken":0,"max_hp_gain":0,"max_hp_loss":0,"event_name":"Beggar","floor":19,"gold_loss":75}],"is_beta":false,"boss_relics":[{"not_picked":["ats:Omniscience","Runic Dome"],"picked":"Black Star"}],"items_purged_floors":[13],"is_endless":false,"potions_floor_spawned":[1,3,8,20,22],"killed_by":"Book of Stabbing","ascension_level":0}}