{"host":"i7jfea87xc8lz16p","time":1611129235,"event":{"mods":["AchievementEnabler","BaseMod","Colored Powertips","Minty Spire (QoL Compilation)","Relic Stats"],"gold_per_floor":[110,35,48,65,76,76,76,106,133,161,173,173,187,198,198,273,273,285,285,285,285,312,348,375,375,375,400,400,41,41,63,63,148,148,160,60,70,89,139,139,164,164,219,243,255,286,324,47,47,47,47],"floor_reached":50,"language":"ENG","playtime":2890,"items_purged":["Decay","FlurryOfBlows","FollowUp"],"score":1250,"play_id":"a903df41-2481-4cf3-93b3-ab67eec97874","local_time":"20210120085355","is_ascension_mode":true,"campfire_choices":[{"data":"Wallop","floor":6,"key":"SMITH"},{"data":"Consecrate","floor":12,"key":"SMITH"},{"data":"SashWhip","floor":15,"key":"SMITH"},{"floor":25,"key":"REST"},{"data":"Weave","floor":28,"key":"SMITH"},{"data":"Apotheosis","floor":30,"key":"SMITH"},{"data":"Alpha","floor":32,"key":"SMITH"},{"floor":40,"key":"REST"},{"floor":42,"key":"REST"},{"floor":45,"key":"REST"},{"floor":49,"key":"REST"}],"circlet_count":0,"master_deck":["AscendersBane","Eruption","Vigilance","Vault","Weave+1","DeusExMachina","ThirdEye","Vault","DeusExMachina","Wallop+1","BowlingBash","Consecrate+1","CutThroughFate","SashWhip+1","Devotion","RitualDagger","ThirdEye+1","CutThroughFate","Apotheosis+1","Tantrum","EmptyBody","Alpha+1","Vault"],"relics":["Pandora\u0027s Box","Centennial Puzzle","Anchor","Ancient Tea Set","VioletLotus","Akabeko","CeramicFish","Pantograph","Yang","Fusion Hammer","Strawberry","MawBank","Mercury Hourglass","ClockworkSouvenir"],"acts_visited":["Exordium","TheCity","TheBeyond"],"potions_floor_usage":[11,37,41,44],"damage_taken":[{"damage":0,"enemies":"2 Louse","floor":1,"turns":3},{"damage":0,"enemies":"Cultist","floor":3,"turns":3},{"damage":0,"enemies":"Small Slimes","floor":4,"turns":3},{"damage":0,"enemies":"3 Louse","floor":5,"turns":3},{"damage":0,"enemies":"Lagavulin","floor":8,"turns":4},{"damage":0,"enemies":"Gremlin Nob","floor":10,"turns":4},{"damage":1,"enemies":"Looter","floor":11,"turns":2},{"damage":0,"enemies":"Gremlin Gang","floor":13,"turns":3},{"damage":0,"enemies":"Large Slime","floor":14,"turns":3},{"damage":29,"enemies":"The Guardian","floor":16,"turns":10},{"damage":0,"enemies":"Chosen","floor":18,"turns":4},{"damage":13,"enemies":"Book of Stabbing","floor":23,"turns":5},{"damage":2,"enemies":"2 Thieves","floor":24,"turns":4},{"damage":2,"enemies":"Gremlin Leader","floor":27,"turns":4},{"damage":0,"enemies":"Centurion and Healer","floor":31,"turns":3},{"damage":21,"enemies":"Champ","floor":33,"turns":7},{"damage":0,"enemies":"3 Darklings","floor":35,"turns":4},{"damage":2,"enemies":"Orb Walker","floor":37,"turns":4},{"damage":3,"enemies":"3 Darklings","floor":38,"turns":4},{"damage":38,"enemies":"Nemesis","floor":41,"turns":7},{"damage":12,"enemies":"Jaw Worm Horde","floor":44,"turns":4},{"damage":0,"enemies":"Transient","floor":46,"turns":7},{"damage":0,"enemies":"Giant Head","floor":47,"turns":7},{"damage":89,"enemies":"Time Eater","floor":50,"turns":7}],"seed_played":"3469791951209703206","potions_obtained":[{"floor":3,"key":"CultistPotion"},{"floor":4,"key":"SkillPotion"},{"floor":14,"key":"BottledMiracle"},{"floor":18,"key":"AttackPotion"},{"floor":33,"key":"DistilledChaos"},{"floor":37,"key":"Fruit Juice"},{"floor":38,"key":"Block Potion"}],"is_trial":false,"path_per_floor":["M","?","M","M","M","R","?","E","T","E","M","R","M","M","R","B",null,"M","?","?","?","T","E","M","R","T","E","R","$","R","M","R","B",null,"M","$","M","M","?","R","E","R","T","M","R","M","E","$","R","B"],"character_chosen":"WATCHER","items_purchased":["Apotheosis","Tantrum","EmptyBody","ClockworkSouvenir"],"campfire_rested":5,"item_purchase_floors":[29,29,29,48],"current_hp_per_floor":[61,61,61,61,61,61,61,61,61,61,60,60,60,60,60,31,59,59,59,59,53,53,40,38,58,58,56,56,56,56,56,56,47,63,63,63,66,63,63,73,42,66,66,54,78,78,78,78,80,0,0],"gold":47,"neow_bonus":"BOSS_RELIC","is_daily":false,"chose_seed":false,"campfire_upgraded":6,"win_rate":0.0,"timestamp":1611129235,"path_taken":["M","?","M","M","M","R","?","E","T","E","?","R","M","M","R","BOSS","M","?","?","?","?","E","M","R","T","E","R","$","R","M","R","BOSS","M","$","M","M","?","R","E","R","T","M","R","M","E","$","R","BOSS"],"items_purchased_type":["Card","Card","Card","Relic"],"build_version":"2020-12-22","purchased_purges":3,"victory":false,"max_hp_per_floor":[68,68,68,68,68,68,68,68,68,68,68,68,68,68,68,68,68,68,68,68,68,68,68,68,68,68,68,68,68,68,68,68,68,68,68,68,73,73,73,73,80,80,80,80,80,80,80,80,80,80,80],"relic_stats":{"Centennial Puzzle":[38],"counters":[24,109],"CeramicFish":63,"Pantograph":12,"Pandora\u0027s Box":["Vault","Weave","Indignation","DeusExMachina","DeusExMachina","ThirdEye","Vault","DeusExMachina"],"Yang":[131],"VioletLotus":[9],"MawBank":60,"obtain_stats":[{"CeramicFish":23,"Yang":27,"Ancient Tea Set":10,"MawBank":43,"Akabeko":22,"Mercury Hourglass":47,"ClockworkSouvenir":48,"Centennial Puzzle":8,"Anchor":9,"Pantograph":26,"Strawberry":41,"Pandora\u0027s Box":0,"VioletLotus":17,"Fusion Hammer":34,"PureWater":0},{"CeramicFish":12,"Yang":14,"Ancient Tea Set":6,"MawBank":20,"Akabeko":11,"Mercury Hourglass":23,"ClockworkSouvenir":23,"Centennial Puzzle":5,"Anchor":5,"Pantograph":13,"Strawberry":20,"Pandora\u0027s Box":0,"VioletLotus":10,"Fusion Hammer":16,"PureWater":0},{"CeramicFish":47,"Yang":55,"Ancient Tea Set":20,"MawBank":84,"Akabeko":42,"Mercury Hourglass":102,"ClockworkSouvenir":102,"Centennial Puzzle":16,"Anchor":16,"Pantograph":51,"Strawberry":84,"Pandora\u0027s Box":0,"VioletLotus":38,"Fusion Hammer":65,"PureWater":0}],"Mercury Hourglass":[12]},"card_choices":[{"not_picked":["ClearTheMind","Evaluate","Halt"],"picked":"SKIP","floor":1},{"not_picked":["ForeignInfluence","Worship"],"picked":"Wallop","floor":3},{"not_picked":["EmptyMind","EmptyBody"],"picked":"BowlingBash","floor":4},{"not_picked":["Fasting2","EmptyBody","Prostrate"],"picked":"SKIP","floor":5},{"not_picked":["Indignation","SandsOfTime"],"picked":"FlurryOfBlows","floor":8},{"not_picked":["EmptyBody","BowlingBash"],"picked":"FollowUp","floor":10},{"not_picked":["ThirdEye","FollowUp"],"picked":"Consecrate","floor":11},{"not_picked":["Collect","WheelKick"],"picked":"CutThroughFate","floor":13},{"not_picked":["FlurryOfBlows","Consecrate"],"picked":"SashWhip","floor":14},{"not_picked":["Blasphemy","SpiritShield"],"picked":"Devotion","floor":16},{"not_picked":["InnerPeace+1","Meditate","WreathOfFlame"],"picked":"SKIP","floor":18},{"not_picked":["FlyingSleeves","Sanctity"],"picked":"ThirdEye+1","floor":23},{"not_picked":["Consecrate+1","Evaluate"],"picked":"CutThroughFate","floor":24},{"not_picked":["FlurryOfBlows","SashWhip","Consecrate"],"picked":"SKIP","floor":27},{"not_picked":["FlyingSleeves","Conclude"],"picked":"Alpha","floor":31},{"not_picked":["MasterReality","Wish"],"picked":"Vault","floor":33},{"not_picked":["Weave","JustLucky+1","Consecrate"],"picked":"SKIP","floor":35},{"not_picked":["BattleHymn","EmptyBody","Sanctity"],"picked":"SKIP","floor":37},{"not_picked":["TalkToTheHand","Fasting2+1","Tantrum"],"picked":"SKIP","floor":38},{"not_picked":["LessonLearned","Fasting2+1","ReachHeaven"],"picked":"SKIP","floor":41},{"not_picked":["Evaluate","ThirdEye+1","PathToVictory"],"picked":"SKIP","floor":44},{"not_picked":["EmptyBody","CutThroughFate","CrushJoints"],"picked":"SKIP","floor":46},{"not_picked":["EmptyFist+1","Vengeance+1","LikeWater"],"picked":"SKIP","floor":47}],"player_experience":1830342,"relics_obtained":[{"floor":8,"key":"Centennial Puzzle"},{"floor":9,"key":"Anchor"},{"floor":10,"key":"Ancient Tea Set"},{"floor":22,"key":"Akabeko"},{"floor":23,"key":"CeramicFish"},{"floor":26,"key":"Pantograph"},{"floor":27,"key":"Yang"},{"floor":41,"key":"Strawberry"},{"floor":43,"key":"MawBank"},{"floor":47,"key":"Mercury Hourglass"}],"event_choices":[{"cards_removed":["DeusExMachina"],"damage_healed":0,"gold_gain":0,"player_choice":"Card Removal","damage_taken":0,"max_hp_gain":0,"max_hp_loss":0,"event_name":"The Cleric","floor":2,"gold_loss":75},{"cards_removed":["Indignation"],"damage_healed":0,"gold_gain":0,"player_choice":"Purged","damage_taken":0,"max_hp_gain":0,"max_hp_loss":0,"event_name":"Purifier","floor":7,"gold_loss":0},{"damage_healed":0,"gold_gain":0,"player_choice":"Ignored","damage_taken":0,"max_hp_gain":0,"max_hp_loss":0,"event_name":"The Mausoleum","floor":19,"gold_loss":0},{"damage_healed":0,"gold_gain":0,"player_choice":"Smashed Altar","damage_taken":0,"max_hp_gain":0,"max_hp_loss":0,"event_name":"Forgotten Altar","floor":20,"gold_loss":0,"cards_obtained":["Decay"]},{"damage_healed":0,"gold_gain":0,"player_choice":"Joined the Cult","damage_taken":6,"max_hp_gain":0,"max_hp_loss":0,"event_name":"Nest","floor":21,"gold_loss":0,"cards_obtained":["RitualDagger"]},{"damage_healed":0,"gold_gain":50,"player_choice":"Pray","damage_taken":0,"max_hp_gain":0,"max_hp_loss":0,"event_name":"Golden Shrine","floor":39,"gold_loss":0}],"is_beta":false,"boss_relics":[{"not_picked":["SlaversCollar","Black Star"],"picked":"VioletLotus"},{"not_picked":["Tiny House","Coffee Dripper"],"picked":"Fusion Hammer"}],"items_purged_floors":[29,36,48],"is_endless":false,"potions_floor_spawned":[3,4,8,10,14,18,23,33,37,38],"killed_by":"Time Eater","ascension_level":20}}