{"host":"ao4lxi9bhtts409i","time":1611171248,"event":{"mods":["AchievementEnabler","BaseMod","Colored Map","Colored Powertips","Minty Spire (QoL Compilation)","SuperFastMode"],"gold_per_floor":[115,130,57,57,57,57,97,97,97,118,139,180,180,180,180,303,303,319,319,319,196,220,220,220,220,272,272,296,0,18,42,42,162,162,186,108,124,124,124,124,162,162,162,162,162,187,211,250,250,250,250,250,29,29,29],"floor_reached":54,"language":"ENG","playtime":2715,"items_purged":[],"score":827,"play_id":"07b79f95-f171-47e2-8d31-51e9d8b201aa","local_time":"20210120203408","is_ascension_mode":true,"campfire_choices":[{"data":"Hemokinesis","floor":6,"key":"SMITH"},{"data":"Bash","floor":8,"key":"SMITH"},{"data":"Inflame","floor":15,"key":"SMITH"},{"data":"Armaments","floor":23,"key":"SMITH"},{"data":"Searing Blow","floor":25,"key":"SMITH"},{"data":"Searing Blow+1","floor":27,"key":"SMITH"},{"data":"Searing Blow+2","floor":32,"key":"SMITH"},{"data":"Searing Blow+3","floor":40,"key":"SMITH"},{"data":"Searing Blow+4","floor":44,"key":"SMITH"},{"floor":49,"key":"RECALL"},{"data":"Searing Blow+5","floor":52,"key":"SMITH"}],"circlet_count":0,"master_deck":["Defend_R","Defend_R","Defend_R","Bash+1","Pommel Strike","Cleave","Hemokinesis+1","Inflame+1","Rage","True Grit+1","Power Through","Parasite","Immolate","Armaments+1","Bite","Bite","Bite","Bite","Bite","Dark Embrace","Shrug It Off","Headbutt+1","Searing Blow+6","Reaper","Carnage","Bandage Up","Warcry+1","Impervious","Carnage","Writhe","Fire Breathing+1","Pain","Uppercut+1","Barricade","Metallicize"],"relics":["Burning Blood","Golden Idol","Dream Catcher","Blue Candle","Letter Opener","Snecko Eye","Pen Nib","Coffee Dripper","Happy Flower","WarpedTongs","Nunchaku","Bag of Preparation"],"acts_visited":["Exordium","TheCity","TheBeyond","TheEnding"],"potions_floor_usage":[12,16,16,28,33,35,48,50],"damage_taken":[{"damage":6,"enemies":"Cultist","floor":1,"turns":3},{"damage":10,"enemies":"Small Slimes","floor":2,"turns":3},{"damage":10,"enemies":"Gremlin Nob","floor":7,"turns":3},{"damage":0,"enemies":"2 Louse","floor":10,"turns":2},{"damage":3,"enemies":"Blue Slaver","floor":11,"turns":3},{"damage":23,"enemies":"3 Sentries","floor":12,"turns":8},{"damage":56,"enemies":"Hexaghost","floor":16,"turns":10},{"damage":14,"enemies":"Spheric Guardian","floor":18,"turns":4},{"damage":27,"enemies":"Chosen","floor":22,"turns":5},{"damage":10,"enemies":"Snecko","floor":28,"turns":3},{"damage":6,"enemies":"Centurion and Healer","floor":30,"turns":5},{"damage":1,"enemies":"3 Cultists","floor":31,"turns":3},{"damage":59,"enemies":"Collector","floor":33,"turns":10},{"damage":46,"enemies":"3 Darklings","floor":35,"turns":3},{"damage":16,"enemies":"Orb Walker","floor":37,"turns":4},{"damage":38,"enemies":"Nemesis","floor":41,"turns":7},{"damage":13,"enemies":"Jaw Worm Horde","floor":46,"turns":4},{"damage":6,"enemies":"4 Shapes","floor":47,"turns":2},{"damage":15,"enemies":"Giant Head","floor":48,"turns":6},{"damage":76,"enemies":"Donu and Deca","floor":50,"turns":7},{"damage":62,"enemies":"Shield and Spear","floor":54,"turns":2}],"seed_played":"6793181021943462097","potions_obtained":[{"floor":1,"key":"DuplicationPotion"},{"floor":2,"key":"Ancient Potion"},{"floor":7,"key":"DistilledChaos"},{"floor":12,"key":"Regen Potion"},{"floor":18,"key":"SkillPotion"},{"floor":30,"key":"Explosive Potion"},{"floor":31,"key":"FearPotion"},{"floor":41,"key":"FearPotion"},{"floor":46,"key":"ElixirPotion"}],"is_trial":false,"path_per_floor":["M","M","$","?","?","R","E","R","T","M","M","E","?","?","R","B",null,"M","?","?","$","M","R","?","R","T","R","M","$","M","M","R","B",null,"M","$","M","$","?","R","E","?","T","R","?","M","M","E","R","B",null,"R","$","E"],"character_chosen":"IRONCLAD","items_purchased":["Inflame","Dark Embrace","Shrug It Off","Reaper","Carnage","Bandage Up","Carnage","Metallicize","Bag of Preparation"],"campfire_rested":0,"item_purchase_floors":[3,21,21,29,29,29,36,53,53],"current_hp_per_floor":[80,76,76,56,61,61,57,57,57,63,66,49,49,70,70,35,85,77,59,59,59,42,42,42,42,42,42,45,45,57,59,59,38,59,25,25,25,25,40,40,34,34,34,34,34,48,50,51,51,17,59,59,59,0,0],"gold":29,"neow_bonus":"THREE_CARDS","is_daily":false,"chose_seed":false,"campfire_upgraded":10,"win_rate":0.0,"timestamp":1611171248,"path_taken":["M","M","$","?","?","R","E","R","T","M","M","E","?","?","R","BOSS","M","?","?","$","?","R","?","R","T","R","M","$","M","M","R","BOSS","M","$","M","$","?","R","E","?","T","R","?","M","?","E","R","BOSS","R","$","E"],"items_purchased_type":["Card","Card","Card","Card","Card","Card","Card","Card","Relic"],"build_version":"2020-12-22","purchased_purges":0,"victory":false,"max_hp_per_floor":[80,80,80,80,85,85,85,85,85,85,85,85,85,85,85,85,85,85,59,59,59,59,59,59,59,59,59,59,59,59,59,59,59,59,59,59,59,59,59,59,59,59,59,59,59,59,59,59,59,59,59,59,59,59,59],"card_choices":[{"not_picked":["Sword Boomerang","Twin Strike"],"picked":"Pommel Strike","floor":0},{"not_picked":["Spot Weakness","Sentinel"],"picked":"Cleave","floor":1},{"not_picked":["Pommel Strike","Intimidate"],"picked":"Hemokinesis","floor":2},{"not_picked":["Wild Strike","Sword Boomerang"],"picked":"Rage","floor":7},{"not_picked":["Blood for Blood","Bloodletting"],"picked":"True Grit","floor":10},{"not_picked":["Havoc","Intimidate"],"picked":"Power Through","floor":11},{"not_picked":["Perfected Strike","Pummel","Flex"],"picked":"SKIP","floor":12},{"not_picked":["Impervious","Juggernaut"],"picked":"Immolate","floor":16},{"not_picked":["Twin Strike","Thunderclap+1"],"picked":"Armaments","floor":18},{"not_picked":["Seeing Red","Anger"],"picked":"Headbutt+1","floor":22},{"not_picked":["Bloodletting","Second Wind","Body Slam"],"picked":"SKIP","floor":28},{"not_picked":["Body Slam","Blood for Blood+1"],"picked":"Warcry+1","floor":30},{"not_picked":["Blood for Blood","Shrug It Off","Clash"],"picked":"SKIP","floor":31},{"not_picked":["Double Tap","Fiend Fire"],"picked":"Impervious","floor":33},{"not_picked":["Havoc","Armaments+1","Pommel Strike"],"picked":"SKIP","floor":35},{"not_picked":["Burning Pact","Armaments+1","Twin Strike"],"picked":"SKIP","floor":37},{"not_picked":["Evolve","Ghostly Armor"],"picked":"Fire Breathing+1","floor":41},{"not_picked":["Intimidate","Thunderclap+1"],"picked":"Uppercut+1","floor":46},{"not_picked":["Sword Boomerang+1","Perfected Strike","Armaments"],"picked":"SKIP","floor":47},{"not_picked":["Pummel","Sword Boomerang+1"],"picked":"Barricade","floor":48}],"player_experience":221744,"relics_obtained":[{"floor":7,"key":"Dream Catcher"},{"floor":9,"key":"Blue Candle"},{"floor":12,"key":"Letter Opener"},{"floor":26,"key":"Pen Nib"},{"floor":41,"key":"Happy Flower"},{"floor":48,"key":"Nunchaku"}],"event_choices":[{"damage_healed":0,"gold_gain":0,"player_choice":"Take Damage","damage_taken":20,"relics_obtained":["Golden Idol"],"max_hp_gain":0,"max_hp_loss":0,"event_name":"Golden Idol","floor":4,"gold_loss":0},{"damage_healed":0,"gold_gain":0,"player_choice":"Donut","damage_taken":0,"max_hp_gain":5,"max_hp_loss":0,"event_name":"Big Fish","floor":5,"gold_loss":0},{"damage_healed":0,"gold_gain":0,"player_choice":"Grow","damage_taken":0,"max_hp_gain":0,"max_hp_loss":0,"event_name":"Living Wall","floor":13,"gold_loss":0,"cards_upgraded":["True Grit"]},{"damage_healed":21,"gold_gain":0,"player_choice":"Healed and dodged fight","damage_taken":0,"max_hp_gain":0,"max_hp_loss":0,"event_name":"Mushrooms","floor":14,"gold_loss":0,"cards_obtained":["Parasite"]},{"damage_healed":0,"gold_gain":0,"player_choice":"Became a vampire","damage_taken":0,"max_hp_gain":0,"max_hp_loss":26,"event_name":"Vampires","floor":19,"gold_loss":0,"cards_obtained":["Bite","Bite","Bite","Bite","Bite"]},{"damage_healed":0,"gold_gain":0,"player_choice":"Bought 0 Potions","damage_taken":0,"max_hp_gain":0,"max_hp_loss":0,"event_name":"The Woman in Blue","floor":20,"gold_loss":0},{"damage_healed":0,"gold_gain":0,"player_choice":"Read","damage_taken":0,"max_hp_gain":0,"max_hp_loss":0,"event_name":"The Library","floor":24,"gold_loss":0,"cards_obtained":["Searing Blow"]},{"damage_healed":15,"gold_gain":0,"player_choice":"Writhe","damage_taken":0,"max_hp_gain":0,"max_hp_loss":0,"event_name":"Winding Halls","floor":39,"gold_loss":0,"cards_obtained":["Writhe"]},{"cards_removed":["Defend_R"],"damage_healed":0,"gold_gain":0,"player_choice":"Removed Skill","damage_taken":0,"max_hp_gain":0,"max_hp_loss":0,"event_name":"Falling","floor":42,"gold_loss":0},{"damage_healed":0,"gold_gain":0,"player_choice":"Rummage","damage_taken":0,"relics_obtained":["WarpedTongs"],"max_hp_gain":0,"max_hp_loss":0,"event_name":"Accursed Blacksmith","floor":45,"gold_loss":0,"cards_obtained":["Pain"]}],"is_beta":false,"boss_relics":[{"not_picked":["Tiny House","Velvet Choker"],"picked":"Snecko Eye"},{"not_picked":["Black Star","Runic Dome"],"picked":"Coffee Dripper"}],"items_purged_floors":[],"is_endless":false,"potions_floor_spawned":[1,2,7,12,18,30,31,41,46],"killed_by":"Shield and Spear","ascension_level":3}}