{"host":"1a3cjta80tad0aqj","time":1611157673,"event":{"mods":["2.2 Compatiblity","AchievementEnabler","BaseMod","Colored Map","DeckTracker","KOR Keyword Fix","Keyboard Shortcuts","Minty Spire (QoL Compilation)","Permanent Neow","Quick Restart","Random Character Button","StSLib","SuperFastMode","everything is the same but u backflip on backflip"],"gold_per_floor":[110,110,110,11,36,36,50,0,0,0,46,46,81,99,99,218,218,233,257,114,130,130,164,164,202,202,202,246,267,95,111,111,111,111],"floor_reached":33,"language":"KOR","playtime":1034,"items_purged":["Defend_R","Defend_R"],"score":348,"play_id":"afc53994-180a-4031-93c3-37a0d7419718","local_time":"20210121004753","is_ascension_mode":true,"campfire_choices":[{"data":"Perfected Strike","floor":6.0,"key":"SMITH"},{"data":"Perfected Strike","floor":10.0,"key":"SMITH"},{"data":"Shrug It Off","floor":12.0,"key":"SMITH"},{"data":"Headbutt","floor":15.0,"key":"SMITH"},{"data":"Dual Wield","floor":24.0,"key":"SMITH"},{"data":"Immolate","floor":27.0,"key":"SMITH"},{"data":"Bloodletting","floor":32,"key":"SMITH"}],"circlet_count":0,"master_deck":["Strike_R","Strike_R","Strike_R","Strike_R","Strike_R","Bash","Perfected Strike+1","Shrug It Off+1","Headbutt+1","Perfected Strike+1","Wild Strike","Immolate+1","Bludgeon+1","Perfected Strike+1","Flame Barrier+1","Inflame","Spot Weakness+1","Twin Strike+1","Dual Wield+1","True Grit+1","Impervious","Armaments+1","Wild Strike","Bloodletting+1"],"relics":["Burning Blood","Smiling Mask","Golden Idol","PreservedInsect","Tiny Chest","Meat on the Bone","Astrolabe","Toolbox","Juzu Bracelet","Letter Opener","Orichalcum","War Paint","Membership Card"],"acts_visited":["Exordium","TheCity"],"potions_floor_usage":[28],"damage_taken":[{"damage":14.0,"enemies":"Jaw Worm","floor":1.0,"turns":4.0},{"damage":8.0,"enemies":"2 Louse","floor":5.0,"turns":3.0},{"damage":1.0,"enemies":"Cultist","floor":7.0,"turns":3.0},{"damage":19.0,"enemies":"Lagavulin","floor":13.0,"turns":4.0},{"damage":0.0,"enemies":"2 Fungi Beasts","floor":14.0,"turns":2.0},{"damage":49.0,"enemies":"Hexaghost","floor":16.0,"turns":9.0},{"damage":13.0,"enemies":"3 Byrds","floor":18.0,"turns":4.0},{"damage":0.0,"enemies":"Spheric Guardian","floor":19.0,"turns":3.0},{"damage":24.0,"enemies":"Cultist and Chosen","floor":21.0,"turns":4.0},{"damage":7.0,"enemies":"Slavers","floor":23.0,"turns":2.0},{"damage":28.0,"enemies":"Gremlin Leader","floor":25.0,"turns":3.0},{"damage":1,"enemies":"Slavers","floor":28,"turns":2},{"damage":7,"enemies":"Chosen and Byrds","floor":29,"turns":4},{"damage":0,"enemies":"Snake Plant","floor":31,"turns":2},{"damage":34,"enemies":"Automaton","floor":33,"turns":6}],"seed_played":"5974476951753242211","potions_obtained":[{"floor":1.0,"key":"AttackPotion"},{"floor":7.0,"key":"Explosive Potion"},{"floor":16.0,"key":"DistilledChaos"},{"floor":21.0,"key":"Strength Potion"},{"floor":25.0,"key":"LiquidBronze"},{"floor":29,"key":"SpeedPotion"}],"is_trial":false,"path_per_floor":["M","?","?","$","M","R","M","$","T","R","T","R","E","M","R","B",null,"M","M","$","M","?","E","R","E","T","R","E","M","$","M","R","B"],"character_chosen":"IRONCLAD","items_purchased":["Shrug It Off","Toolbox","Membership Card","Wild Strike"],"campfire_rested":0,"item_purchase_floors":[4,20,30,30],"current_hp_per_floor":[72,77,56,56,54,54,59,59,59,59,59,59,46,52,52,21,85,78,84,84,66,66,65,65,55,55,55,60,59,59,65,65,31,31],"gold":111,"neow_bonus":"RANDOM_COMMON_RELIC","is_daily":false,"chose_seed":false,"campfire_upgraded":7,"win_rate":0.0,"timestamp":1611157673,"path_taken":["M","?","?","$","M","R","M","$","T","R","?","R","E","M","R","BOSS","M","M","$","M","?","E","R","E","T","R","E","M","$","M","R","BOSS"],"items_purchased_type":["Card","Relic","Relic","Card"],"build_version":"2020-12-22","purchased_purges":2,"victory":false,"max_hp_per_floor":[80,85,85,85,85,85,85,85,85,85,85,85,85,85,85,85,85,85,85,85,85,85,85,85,85,85,85,85,85,85,85,85,85,85],"card_choices":[{"not_picked":["Cleave","Reckless Charge"],"picked":"Perfected Strike","floor":1.0},{"not_picked":["Thunderclap","Shrug It Off"],"picked":"Headbutt","floor":5.0},{"not_picked":["Headbutt","Corruption"],"picked":"Perfected Strike","floor":7.0},{"not_picked":["Warcry","Barricade"],"picked":"Wild Strike","floor":13.0},{"not_picked":["Havoc","Hemokinesis"],"picked":"Shrug It Off","floor":14.0},{"not_picked":["Impervious","Feed"],"picked":"Immolate","floor":16.0},{"not_picked":["Anger+1","Sever Soul"],"picked":"Inflame","floor":18.0},{"not_picked":["True Grit+1","Fire Breathing"],"picked":"Spot Weakness+1","floor":19.0},{"not_picked":["Flex","Feel No Pain"],"picked":"Twin Strike+1","floor":21.0},{"not_picked":["Rage","Feel No Pain"],"picked":"Dual Wield","floor":23.0},{"not_picked":["Dual Wield","Inflame"],"picked":"True Grit+1","floor":25.0},{"not_picked":["Pommel Strike","Shrug It Off"],"picked":"Impervious","floor":28},{"not_picked":["Iron Wave","Thunderclap+1"],"picked":"Armaments+1","floor":29},{"not_picked":["Body Slam","Warcry"],"picked":"Bloodletting","floor":31}],"player_experience":818625,"relics_obtained":[{"floor":9.0,"key":"PreservedInsect"},{"floor":11.0,"key":"Tiny Chest"},{"floor":13.0,"key":"Meat on the Bone"},{"floor":23.0,"key":"Juzu Bracelet"},{"floor":25.0,"key":"Letter Opener"},{"floor":26.0,"key":"Orichalcum"},{"floor":28,"key":"War Paint"}],"event_choices":[{"damage_healed":0.0,"max_hp_gain":5.0,"max_hp_loss":0.0,"gold_gain":0.0,"event_name":"Big Fish","player_choice":"Donut","floor":2.0,"gold_loss":0.0,"damage_taken":0.0},{"damage_healed":0.0,"max_hp_gain":0.0,"max_hp_loss":0.0,"gold_gain":0.0,"event_name":"Golden Idol","player_choice":"Take Damage","floor":3.0,"gold_loss":0.0,"damage_taken":21.0,"relics_obtained":["Golden Idol"]},{"damage_healed":0.0,"max_hp_gain":0.0,"max_hp_loss":0.0,"gold_gain":0.0,"event_name":"Ghosts","player_choice":"Ignored","floor":22.0,"gold_loss":0.0,"damage_taken":0.0}],"is_beta":false,"boss_relics":[{"not_picked":["Fusion Hammer","Mark of Pain"],"picked":"Astrolabe"}],"items_purged_floors":[4,8],"is_endless":false,"potions_floor_spawned":[1,7,16,21,25,29,31],"killed_by":"Automaton","ascension_level":3}}