{"host":"och2iitg9ibgz06n","time":1611186364,"event":{"mods":["Abigail Mod","AchievementEnabler","Aspiration","BaseMod","Colored Powertips","Dio Mod","Hubris","Hyrulean Relics","Infinite Spire","Minty Spire (QoL Compilation)","Replay The Spire","Small Relic Pack","StSLib","The Animator","The Bug Knight","The Hierophant","The Jungle","The Saiyan","TheHero","Wandering Minibosses","everything is the same but u backflip on backflip","slay the spire mod where everything is the same but ironclad has a cowboy hat","vexMod"],"gold_per_floor":[117,217,230,230,250,250,278,278,278,278,278,310,323,340,340,340,340],"floor_reached":16,"language":"ENG","playtime":683,"items_purged":[],"score":127,"play_id":"d615a837-3a63-4568-a5e9-2167d898a6c8","local_time":"20210120174604","is_ascension_mode":true,"campfire_choices":[{"data":"dioMod:DarkRebirth","floor":6,"key":"SMITH"},{"data":"dioMod:DominatingPresence","floor":8,"key":"SMITH"},{"data":"dioMod:Strike","floor":10,"key":"SMITH"},{"data":"dioMod:Strike","floor":15,"key":"SMITH"}],"circlet_count":0,"master_deck":["dioMod:Strike","dioMod:Strike+3","dioMod:Strike","dioMod:Strike","Bite","dioMod:Defend","dioMod:Defend","dioMod:Defend","dioMod:Defend","dioMod:FlyAway","dioMod:Muda","dioMod:DarkRebirth+1","dioMod:DominatingPresence+1","dioMod:CutDeep","dioMod:SevenPageMuda","dioMod:SecretPlan"],"relics":["dioMod:VampireBlood","Simple Rune","relicPack:DarknessArmor","Kunai","Blue Doll"],"acts_visited":["Exordium"],"potions_floor_usage":[16,16,16],"damage_taken":[{"damage":2,"enemies":"Jaw Worm","floor":1,"turns":4},{"damage":0,"enemies":"Cultist","floor":3,"turns":3},{"damage":3,"enemies":"Small Slimes","floor":5,"turns":4},{"damage":29,"enemies":"HollowMod:MossKnight","floor":7,"turns":14},{"damage":32,"enemies":"Gremlin Nob","floor":12,"turns":5},{"damage":7,"enemies":"Exordium Wildlife","floor":13,"turns":5},{"damage":11,"enemies":"Lots of Slimes","floor":14,"turns":4},{"damage":85,"enemies":"Hexaghost","floor":16,"turns":16}],"seed_played":"-7375915028813023394","potions_obtained":[{"floor":12,"key":"Swift Potion"},{"floor":13,"key":"Strength Potion"},{"floor":14,"key":"DistilledChaos"}],"is_trial":false,"path_per_floor":["M","?","M","?","M","R","E","R","T","R","T","E","M","M","R","B"],"character_chosen":"THE_DEFAULT","items_purchased":[],"campfire_rested":0,"item_purchase_floors":[],"current_hp_per_floor":[75,75,75,75,75,75,61,61,61,61,61,36,39,47,47,0,0],"gold":340,"neow_bonus":"RANDOM_COMMON_RELIC","is_daily":false,"chose_seed":false,"campfire_upgraded":4,"win_rate":0.0,"timestamp":1611186364,"path_taken":["M","?","?","?","M","R","E","R","T","R","?","E","M","M","R","BOSS"],"items_purchased_type":[],"build_version":"2020-12-22","purchased_purges":0,"victory":false,"max_hp_per_floor":[75,75,75,75,75,75,75,75,75,75,75,75,75,75,75,75,75],"card_choices":[{"not_picked":["dioMod:CoffinBath","dioMod:ComposedMuda"],"picked":"dioMod:FlyAway","floor":1},{"not_picked":["dioMod:Freeze","dioMod:Roundabout"],"picked":"dioMod:Muda","floor":3},{"not_picked":["dioMod:WRYYY","dioMod:CautiousMuda"],"picked":"dioMod:DarkRebirth","floor":5},{"not_picked":["dioMod:TripleThreat","dioMod:VengefulMuda"],"picked":"dioMod:DominatingPresence","floor":7},{"not_picked":["dioMod:DaggerToss","dioMod:BloodTransfusion"],"picked":"dioMod:CutDeep","floor":12},{"not_picked":["dioMod:CautiousMuda","dioMod:DominatingPresence"],"picked":"dioMod:SevenPageMuda","floor":13},{"not_picked":["dioMod:HeavyLifting","dioMod:DaggerToss"],"picked":"dioMod:SecretPlan","floor":14}],"player_experience":419794,"relics_obtained":[{"floor":7,"key":"relicPack:DarknessArmor"},{"floor":9,"key":"Kunai"},{"floor":12,"key":"Blue Doll"}],"event_choices":[{"damage_healed":0,"gold_gain":100,"player_choice":"Pray","damage_taken":0,"max_hp_gain":0,"max_hp_loss":0,"event_name":"Golden Shrine","floor":2,"gold_loss":0}],"is_beta":false,"boss_relics":[],"items_purged_floors":[],"is_endless":false,"potions_floor_spawned":[12,13,14],"killed_by":"Hexaghost","ascension_level":3}}