{"host":"1qxljlv0g0hslid3","time":1611148569,"event":{"mods":["2.2 Compatiblity","AchievementEnabler","Act Like it!","Astrologer","BaseMod","Beaked The Cultist","BetterRewards","Clawfect","Conspire","Custom Start","Dio Mod","Elementarium","Energized Spire","Googly Eyes","GungeonMod","Hallownest","Hermit","Hero for Fun","Hubris","Infinite Spire","Lobotomy","LobotomyExtend","Magitek Elite","Marisa????????","Minty Spire (QoL Compilation)","Prisma Mod","Remilia??????","Replay The Spire","Shop Mod","StSLib","The Administrix","The Alterego","The Animator","The Bug Knight","The Cursed","The Death Knight","The Elementalist","The Hierophant","The Jungle","The Necromancer","The Runesmith","The Senshi","The Servant 0.9.4","Wandering Minibosses","Yuri Mod","everything is the same but u backflip on backflip","slay the spire mod where everything is the same but ironclad has a cowboy hat"],"gold_per_floor":[118,131,131,306,306,337,352,14,39,39,39],"floor_reached":10,"language":"ENG","playtime":381,"items_purged":[],"score":69,"play_id":"56f7cdb7-4e25-4983-a8b5-6d2d689f3704","local_time":"20210120071609","is_ascension_mode":true,"campfire_choices":[],"circlet_count":0,"master_deck":["Strike_S","Strike_S","Strike_S","Strike_S","Defend_S","Defend_S","Defend_S","Defend_S","KidneyShot","Exchange","Scorched","DoubleEdge","Luminosity","Doubt","Rearm","MeatLantern","Sabotage","SurpressingFire","Rearm"],"relics":["Uniform","CogitoBucket","LetterFromLob","Nunchaku","hubris:ToyBattleship","Ornamental Fan","DemoMod:WhiteGuonStone"],"acts_visited":["Exordium"],"potions_floor_usage":[6],"damage_taken":[{"damage":6,"enemies":"Jaw Worm","floor":1,"turns":5},{"damage":1,"enemies":"Small Slimes","floor":2,"turns":2},{"damage":10,"enemies":"HollowMod:MossKnight","floor":6,"turns":7},{"damage":0,"enemies":"2 Louse","floor":7,"turns":1},{"damage":44,"enemies":"3 Sentries","floor":10,"turns":1}],"seed_played":"-6106506217849318848","potions_obtained":[{"floor":1,"key":"SkillPotion"},{"floor":5,"key":"Strength Potion"},{"floor":5,"key":"DistilledChaos"}],"is_trial":false,"path_per_floor":["M","M","?","?","?","E","M","$","T","E"],"character_chosen":"THE_SERVANT","items_purchased":["SurpressingFire","Rearm","Ornamental Fan"],"campfire_rested":0,"item_purchase_floors":[8,8,8],"current_hp_per_floor":[59,58,33,33,33,23,23,23,23,0,0],"gold":39,"neow_bonus":"","is_daily":false,"chose_seed":false,"campfire_upgraded":0,"win_rate":0.0,"timestamp":1611148569,"path_taken":["M","M","?","?","?","E","?","?","T","E"],"items_purchased_type":["Card","Card","Relic"],"build_version":"2020-12-22","purchased_purges":0,"victory":false,"max_hp_per_floor":[65,65,65,65,65,65,65,65,65,65,65],"card_choices":[{"not_picked":["NakedNest","Bloodbath"],"picked":"Scorched","floor":1},{"not_picked":["Revamp","Manipulate"],"picked":"DoubleEdge","floor":1},{"not_picked":["RealityMarble","ShatteredReality"],"picked":"Luminosity","floor":2},{"not_picked":["Revamp","Alleviate"],"picked":"Rearm","floor":6},{"not_picked":["UniverseFragment","Porccubus"],"picked":"MeatLantern","floor":6},{"not_picked":["Deadline","StarChef"],"picked":"Sabotage","floor":7}],"player_experience":559569,"relics_obtained":[{"floor":1,"key":"LetterFromLob"},{"floor":6,"key":"hubris:ToyBattleship"},{"floor":9,"key":"DemoMod:WhiteGuonStone"}],"event_choices":[{"damage_healed":0,"gold_gain":0,"player_choice":"Success","damage_taken":25,"relics_obtained":["Nunchaku"],"max_hp_gain":0,"max_hp_loss":0,"event_name":"Scrap Ooze","floor":3,"gold_loss":0},{"damage_healed":0,"gold_gain":175,"player_choice":"AGREE","damage_taken":0,"max_hp_gain":0,"max_hp_loss":0,"event_name":"Liars Game","floor":4,"gold_loss":0,"cards_obtained":["Doubt"]},{"damage_healed":0,"gold_gain":0,"player_choice":"Got Potions","damage_taken":0,"max_hp_gain":0,"max_hp_loss":0,"event_name":"Lab","floor":5,"gold_loss":0}],"is_beta":false,"boss_relics":[],"items_purged_floors":[],"is_endless":false,"potions_floor_spawned":[1],"killed_by":"3 Sentries","ascension_level":1}}