{"host":"khc33f3y4hz17yhu","time":1611102453,"event":{"mods":["BaseMod","Hermit","Minty Spire (QoL Compilation)","StSLib","The Cursed","The Hierophant","The Marked","The Mystic","The Runesmith"],"gold_per_floor":[164,164,183,198,373,403,403,101,153,181,197,211,211,70,70,173,173,189,203,223,223,278,278,77,104,104,104,104],"floor_reached":27,"language":"ENG","playtime":1458,"items_purged":["hermit:Strike_Hermit","hermit:Strike_Hermit","Doubt"],"score":241,"play_id":"4696951e-0f14-4391-a60d-ba3d3a727364","local_time":"20210119192733","is_ascension_mode":false,"campfire_choices":[{"data":"hermit:Dive","floor":7,"key":"SMITH"},{"data":"hermit:Combo","floor":15,"key":"SMITH"},{"data":"hermit:OverwhelmingPower","floor":23,"key":"SMITH"}],"circlet_count":0,"master_deck":["hermit:Snapshot+1","hermit:Covet+1","hermit:PistolWhip","hermit:Dive+1","hermit:DeadMansHand","hermit:TrackingShot","hermit:Brawl","hermit:Snipe","hermit:BigShot+1","hermit:Combo+1","hermit:OverwhelmingPower+1","hermit:GoldenBullet","hermit:Cheat","hermit:Dive","hermit:Vantage","hermit:Adapt","hermit:Snipe","hermit:CalledShot","hermit:Glare","hermit:BigShot","hermit:EyeOfTheStorm"],"relics":["Tiny House","Bronze Scales","Lee\u0027s Waffle","Orichalcum","Tiny Chest","Pandora\u0027s Box","Akabeko","Eternal Feather","Shuriken"],"acts_visited":["Exordium","TheCity"],"potions_floor_usage":[6,6,16,19,25,25,25,25,27],"damage_taken":[{"damage":3,"enemies":"Small Slimes","floor":1,"turns":2},{"damage":2,"enemies":"2 Louse","floor":3,"turns":2},{"damage":0,"enemies":"Cultist","floor":4,"turns":2},{"damage":30,"enemies":"Lagavulin","floor":6,"turns":4},{"damage":36,"enemies":"Gremlin Nob","floor":10,"turns":5},{"damage":3,"enemies":"Exordium Wildlife","floor":11,"turns":5},{"damage":1,"enemies":"2 Fungi Beasts","floor":12,"turns":3},{"damage":11,"enemies":"Hexaghost","floor":16,"turns":8},{"damage":25,"enemies":"Shell Parasite","floor":18,"turns":5},{"damage":17,"enemies":"Spheric Guardian","floor":19,"turns":4},{"damage":7,"enemies":"Chosen and Byrds","floor":20,"turns":5},{"damage":24,"enemies":"Book of Stabbing","floor":25,"turns":5},{"damage":14,"enemies":"Shelled Parasite and Fungi","floor":27,"turns":4}],"seed_played":"6156044727847394301","potions_obtained":[{"floor":0,"key":"Strength Potion"},{"floor":1,"key":"Regen Potion"},{"floor":4,"key":"Fire Potion"},{"floor":10,"key":"hermit:Tonic"},{"floor":12,"key":"Regen Potion"},{"floor":16,"key":"EntropicBrew"},{"floor":18,"key":"SkillPotion"},{"floor":20,"key":"Strength Potion"}],"is_trial":false,"path_per_floor":["M","?","M","M","?","E","R","$","T","E","M","M","?","$","R","B",null,"M","M","M","?","T","R","$","E","T","M"],"character_chosen":"HERMIT","items_purchased":["hermit:Brawl","Lee\u0027s Waffle","hermit:Combo","hermit:BigShot"],"campfire_rested":0,"item_purchase_floors":[8,8,14,24],"current_hp_per_floor":[77,61,59,59,59,29,29,87,87,51,48,47,47,47,47,51,87,62,45,38,38,38,38,38,14,14,0,0],"gold":104,"neow_bonus":"BOSS_RELIC","is_daily":false,"chose_seed":false,"campfire_upgraded":3,"win_rate":0.0,"timestamp":1611102453,"path_taken":["M","?","M","M","?","E","R","$","T","E","M","M","?","$","R","BOSS","M","M","?","?","?","R","$","E","T","M"],"items_purchased_type":["Card","Relic","Card","Card"],"build_version":"2020-12-22","purchased_purges":3,"victory":false,"max_hp_per_floor":[80,80,80,80,80,80,80,87,87,87,87,87,87,87,87,87,87,87,87,87,87,87,87,87,87,87,87,87],"card_choices":[{"not_picked":["hermit:NoHoldsBarred","hermit:Manifest"],"picked":"hermit:PistolWhip","floor":0},{"not_picked":["hermit:ShadowCloak","hermit:Scavenge"],"picked":"hermit:Dive","floor":1},{"not_picked":["hermit:Ricochet","hermit:TakeCover"],"picked":"hermit:DeadMansHand","floor":3},{"not_picked":["hermit:Desperado","hermit:ItchyTrigger"],"picked":"hermit:Cheat","floor":4},{"not_picked":["hermit:Cheat","hermit:Manifest"],"picked":"hermit:TrackingShot","floor":6},{"not_picked":["hermit:Ricochet","hermit:Roughhouse"],"picked":"hermit:Snipe","floor":10},{"not_picked":["hermit:Quickdraw","hermit:Glare"],"picked":"hermit:BigShot","floor":11},{"not_picked":["hermit:WideOpen","hermit:Grudge","hermit:DeadMansHand"],"picked":"SKIP","floor":12},{"not_picked":["hermit:EternalForm","hermit:Adapt"],"picked":"hermit:OverwhelmingPower","floor":16},{"not_picked":["hermit:Manifest","hermit:Cheat+1"],"picked":"hermit:CalledShot","floor":18},{"not_picked":["hermit:Roulette+1","hermit:LoneWolf"],"picked":"hermit:Glare","floor":19},{"not_picked":["hermit:Misfire+1","hermit:ItchyTrigger","hermit:EternalForm"],"picked":"SKIP","floor":20},{"not_picked":["hermit:WideOpen+1","hermit:PistolWhip"],"picked":"hermit:EyeOfTheStorm","floor":25}],"player_experience":175222,"relics_obtained":[{"floor":6,"key":"Bronze Scales"},{"floor":9,"key":"Orichalcum"},{"floor":10,"key":"Tiny Chest"},{"floor":22,"key":"Akabeko"},{"floor":25,"key":"Eternal Feather"},{"floor":26,"key":"Shuriken"}],"event_choices":[{"damage_healed":0,"gold_gain":0,"player_choice":"Entered Light","damage_taken":16,"max_hp_gain":0,"max_hp_loss":0,"event_name":"Shining Light","floor":2,"gold_loss":0,"cards_upgraded":["hermit:Defend_Hermit","hermit:Snapshot"]},{"damage_healed":0,"gold_gain":175,"player_choice":"AGREE","damage_taken":0,"max_hp_gain":0,"max_hp_loss":0,"event_name":"Liars Game","floor":5,"gold_loss":0,"cards_obtained":["Doubt"]},{"damage_healed":0,"gold_gain":0,"player_choice":"Upgraded","damage_taken":0,"max_hp_gain":0,"max_hp_loss":0,"event_name":"Upgrade Shrine","floor":13,"gold_loss":0,"cards_upgraded":["hermit:BigShot"]},{"cards_removed":["hermit:Cheat"],"damage_healed":0,"gold_gain":0,"player_choice":"Elegance","damage_taken":0,"max_hp_gain":0,"max_hp_loss":0,"event_name":"Back to Basics","floor":21,"gold_loss":0}],"is_beta":false,"boss_relics":[{"not_picked":["Coffee Dripper","Busted Crown"],"picked":"Pandora\u0027s Box"}],"items_purged_floors":[8,14,24],"is_endless":false,"potions_floor_spawned":[1,4,10,12,16,18,20],"killed_by":"Shelled Parasite and Fungi","ascension_level":0}}