{"host":"gqhy17d1xpb1p3ki","time":1611161743,"event":{"mods":["2.2 Compatiblity","AchievementEnabler","BaseMod","Colored Map","Colored Powertips","Curses Come First","Downfall","Hermit","Marisa????????","Minty Spire (QoL Compilation)","Rare Cards Sparkle","Shop Mod","StSLib","The Animator","The Cursed","The Servant 0.9.4"],"gold_per_floor":[99,119,25,125,225,36,36,47,77,77,90,101,101,61,76,172,172,172,184,196,196,26,44,44,17,17,17],"floor_reached":26,"language":"ENG","playtime":1932,"items_purged":[],"score":196,"play_id":"95c5450b-be14-4d83-b088-e67606a60d13","local_time":"20210120115543","is_ascension_mode":false,"campfire_choices":[{"data":"TheCursedMod:CursedWand","floor":1,"key":"SMITH"},{"data":"TheCursedMod:HellfireBreathing","floor":13,"key":"SMITH"},{"data":"TheCursedMod:VoidForm","floor":18,"key":"SMITH"}],"circlet_count":0,"master_deck":["TheCursedMod:Strike_TheCursed","TheCursedMod:Strike_TheCursed","TheCursedMod:Strike_TheCursed","TheCursedMod:Strike_TheCursed","TheCursedMod:Defend_TheCursed","TheCursedMod:Defend_TheCursed","TheCursedMod:Defend_TheCursed","TheCursedMod:Defend_TheCursed","TheCursedMod:CursedWand+1","TheCursedMod:CleanUpWorkshop","TheCursedMod:Dregs","TheCursedMod:WearCloak","TheCursedMod:Obscuration","TheCursedMod:HellfireBreathing+1","TheCursedMod:CircleOfWindfury","TheCursedMod:DemonSword","TheCursedMod:ReleasedStrength","TheCursedMod:AbyssShockwave","TheCursedMod:FuryStrike","TheCursedMod:Stigma","TheCursedMod:RavingStaff","TheCursedMod:CursedMace","TheCursedMod:FleshFromBone","TheCursedMod:VoidForm+1","TheCursedMod:CursedAmulet","TheCursedMod:CursedBlade","TheCursedMod:TroublousMinions+1","TheCursedMod:Torture+1","TheCursedMod:SpitefulPray+1","TheCursedMod:SpitefulPlan"],"relics":["TheCursedMod:BlackMagicAdvanced","Bottled Lightning","Happy Flower","MerchantsRug","Bottled Flame"],"acts_visited":["Exordium","TheCity"],"potions_floor_usage":[],"damage_taken":[{"damage":0,"enemies":"2 Louse","floor":2,"turns":2},{"damage":0,"enemies":"downfall:FleeingMerchant","floor":3,"turns":4},{"damage":0,"enemies":"downfall:FleeingMerchant","floor":6,"turns":4},{"damage":1,"enemies":"Jaw Worm","floor":8,"turns":4},{"damage":5,"enemies":"Small Slimes","floor":11,"turns":3},{"damage":0,"enemies":"Blue Slaver","floor":12,"turns":4},{"damage":0,"enemies":"downfall:FleeingMerchant","floor":14,"turns":4},{"damage":0,"enemies":"Red Slaver","floor":15,"turns":2},{"damage":36,"enemies":"SI_SHIV_ARCHETYPE","floor":16,"turns":8},{"damage":9,"enemies":"Chosen","floor":19,"turns":6},{"damage":5,"enemies":"3 Byrds","floor":20,"turns":5},{"damage":15,"enemies":"downfall:FleeingMerchant","floor":22,"turns":4},{"damage":20,"enemies":"Cultist and Chosen","floor":23,"turns":6},{"damage":15,"enemies":"downfall:FleeingMerchant","floor":25,"turns":4},{"damage":21,"enemies":"Slavers","floor":26,"turns":3}],"seed_played":"1738777266259501828","potions_obtained":[{"floor":8,"key":"SpeedPotion"},{"floor":11,"key":"TheCursedMod:DregsPotion"},{"floor":12,"key":"LiquidBronze"},{"floor":21,"key":"downfall:CursedFountainPotion"}],"is_trial":false,"path_per_floor":["R","M","$","?","?","$","T","M","?","?","M","M","R","$","M","B",null,"R","M","M","?","$","M","T","$","E"],"character_chosen":"THE_CURSED","items_purchased":["TheCursedMod:HellfireBreathing","TheCursedMod:DemonSword","TheCursedMod:ReleasedStrength","TheCursedMod:CursedMace","MerchantsRug","TheCursedMod:SpitefulPlan"],"campfire_rested":0,"item_purchase_floors":[3,6,6,14,22,25],"current_hp_per_floor":[82,82,82,82,82,82,82,81,81,78,73,73,73,73,73,37,82,82,73,68,68,53,33,33,18,0,0],"gold":17,"neow_bonus":"TEN_PERCENT_HP_BONUS","is_daily":false,"chose_seed":false,"campfire_upgraded":3,"win_rate":0.0,"timestamp":1611161743,"path_taken":["R","M","$","?","?","$","T","M","?","?","?","M","R","?","M","BOSS","R","M","M","?","$","M","T","?","E"],"items_purchased_type":["Card","Card","Card","Card","Relic","Card"],"build_version":"2020-12-22","purchased_purges":0,"victory":false,"max_hp_per_floor":[82,82,82,82,82,82,82,82,82,82,82,82,82,82,82,82,82,82,82,82,82,82,82,82,82,82,82],"card_choices":[{"not_picked":["TheCursedMod:SpitefulStrike","TheCursedMod:Wield"],"picked":"TheCursedMod:WearCloak","floor":2},{"not_picked":["TheCursedMod:SpitefulStrike","TheCursedMod:CircleOfFocus"],"picked":"TheCursedMod:Obscuration","floor":3},{"not_picked":["TheCursedMod:SpitefulStrike","TheCursedMod:Stretching"],"picked":"TheCursedMod:CircleOfWindfury","floor":6},{"not_picked":["TheCursedMod:ForbiddenAlchemy","TheCursedMod:WearCloak"],"picked":"TheCursedMod:AbyssShockwave","floor":8},{"not_picked":["TheCursedMod:CircleOfCorruption","TheCursedMod:WearCloak"],"picked":"TheCursedMod:FuryStrike","floor":11},{"not_picked":["TheCursedMod:AntiAging","TheCursedMod:Stretching"],"picked":"TheCursedMod:Stigma","floor":12},{"not_picked":["TheCursedMod:Obscuration","TheCursedMod:CircleOfFocus"],"picked":"TheCursedMod:RavingStaff","floor":14},{"not_picked":["TheCursedMod:CursedMace","TheCursedMod:CircleOfFlame"],"picked":"TheCursedMod:FleshFromBone","floor":15},{"not_picked":["TheCursedMod:Neurasthenia","TheCursedMod:ParallelWorld"],"picked":"TheCursedMod:VoidForm","floor":16},{"not_picked":["TheCursedMod:SmokeScreen","TheCursedMod:RapidMovement+1"],"picked":"TheCursedMod:CursedAmulet","floor":19},{"not_picked":["TheCursedMod:RapidMovement","TheCursedMod:AshesToAshes+1"],"picked":"TheCursedMod:CursedBlade","floor":20},{"not_picked":["TheCursedMod:SaltUponWound+1","TheCursedMod:CircleOfCorruption"],"picked":"TheCursedMod:TroublousMinions+1","floor":22},{"not_picked":["TheCursedMod:SpreadPlague+1","TheCursedMod:CursedStaff"],"picked":"TheCursedMod:Torture+1","floor":23},{"not_picked":["TheCursedMod:Stigma","TheCursedMod:SurpriseAttack"],"picked":"TheCursedMod:SpitefulPray+1","floor":25}],"player_experience":376867,"relics_obtained":[{"floor":7,"key":"Bottled Lightning"},{"floor":24,"key":"Bottled Flame"}],"event_choices":[{"damage_healed":0,"gold_gain":0,"player_choice":"Success","damage_taken":3,"relics_obtained":["Happy Flower"],"max_hp_gain":0,"max_hp_loss":0,"event_name":"Scrap Ooze","floor":10,"gold_loss":0}],"is_beta":false,"boss_relics":[{"not_picked":["bronze:MakeshiftBattery","Runic Pyramid"],"picked":"TheCursedMod:BlackMagicAdvanced"}],"items_purged_floors":[],"is_endless":false,"potions_floor_spawned":[8,11,12,16],"killed_by":"Slavers","ascension_level":0}}