{"host":"rzpi613efy9j52u4","time":1611150883,"event":{"mods":["Aspiration","BaseMod","BetterRewards","Colored Powertips","Downfall","Googly Eyes","Hubris","Minty Spire (QoL Compilation)","Rare Cards Sparkle","Shop Mod","StSLib","The Disciple","The Hierophant","The Poker Player"],"gold_per_floor":[109,109,109,132,132,154,154,181,206,206,227,256,258,273,273,356,356,367,367,18,50,50,50,60,60,60,92,92,121,170,198,198,154,154],"floor_reached":33,"language":"ENG","playtime":3911,"items_purged":[],"score":328,"play_id":"edd05037-5b1f-461a-ad24-b6d719eed4c4","local_time":"20210120085443","is_ascension_mode":false,"campfire_choices":[{"floor":7.0,"key":"REST"},{"floor":15.0,"key":"REST"},{"data":"hierophant:DeathKnell","floor":23,"key":"SMITH"},{"data":"hierophant:Chorus","floor":25,"key":"SMITH"},{"floor":32,"key":"REST"}],"circlet_count":0,"master_deck":["hierophant:Strike_Hierophant","hierophant:Strike_Hierophant","hierophant:Strike_Hierophant","hierophant:Punish","hierophant:Defend_Hierophant","hierophant:Defend_Hierophant","hierophant:Defend_Hierophant","hierophant:Defend_Hierophant","hierophant:ChurchCoffers","hierophant:Endure","hierophant:RustyCrate","hierophant:Doubloon","hierophant:Doubloon","hierophant:HolyVerse","hierophant:Doubloon","hierophant:Remorse","hierophant:Doubloon","hierophant:Remorse","hierophant:FlamingChariot","hierophant:Sermon","hierophant:DeathKnell+1","hierophant:Doubloon","hierophant:Smite","hierophant:Kindle","hierophant:MorningPrayer+1","hierophant:CursedGold","hierophant:Doubloon","hierophant:RecallFunds","hierophant:Doubloon","hierophant:Chorus+1","hierophant:SecretStash+1","hierophant:OrnateBuckler+1","hierophant:PristineSoul+1","hierophant:Repentance","hierophant:Doubloon","hierophant:CoinFling+1"],"relics":["hierophant:PropheticMaskRelic","Girya","Bird Faced Urn","Mercury Hourglass","Runic Dome","Ice Cream","Happy Flower","Anchor","hubris:ScarierMask","Pear","aspiration:StickyExplosives_weak"],"acts_visited":["Exordium","TheCity"],"potions_floor_usage":[33,33,33],"damage_taken":[{"damage":0.0,"enemies":"Cultist","floor":1.0,"turns":3.0},{"damage":0.0,"enemies":"2 Louse","floor":4.0,"turns":1.0},{"damage":27.0,"enemies":"Lagavulin","floor":6.0,"turns":7.0},{"damage":0.0,"enemies":"Small Slimes","floor":8.0,"turns":1.0},{"damage":0.0,"enemies":"Looter","floor":11.0,"turns":2.0},{"damage":0.0,"enemies":"Exordium Wildlife","floor":12.0,"turns":1.0},{"damage":7.0,"enemies":"Large Slime","floor":13.0,"turns":4.0},{"damage":0.0,"enemies":"3 Louse","floor":14.0,"turns":2.0},{"damage":9.0,"enemies":"Hexaghost","floor":16.0,"turns":4.0},{"damage":0.0,"enemies":"2 Thieves","floor":18.0,"turns":2.0},{"damage":13,"enemies":"Shell Parasite","floor":21,"turns":5},{"damage":38,"enemies":"Snecko","floor":24,"turns":6},{"damage":13,"enemies":"Centurion and Healer","floor":27,"turns":4},{"damage":19,"enemies":"Snake Plant","floor":29,"turns":5},{"damage":0,"enemies":"Chosen and Byrds","floor":30,"turns":3},{"damage":4,"enemies":"3 Cultists","floor":31,"turns":4},{"damage":70,"enemies":"Collector","floor":33,"turns":7}],"seed_played":"-8383562150547939418","potions_obtained":[{"floor":8.0,"key":"Ancient Potion"},{"floor":11.0,"key":"LiquidMemories"},{"floor":14.0,"key":"AttackPotion"},{"floor":18.0,"key":"Regen Potion"},{"floor":24,"key":"champ:CounterPotion"}],"is_trial":false,"path_per_floor":["M","?","$","M","?","E","R","M","T","?","M","M","M","M","R","B",null,"M","?","$","M","?","R","M","R","T","M","$","M","M","M","R","B"],"character_chosen":"HIEROPHANT","items_purchased":["Bird Faced Urn","Mercury Hourglass","Pear","hierophant:CursedGold","hierophant:RecallFunds"],"campfire_rested":3,"item_purchase_floors":[0,0,20,20,20],"current_hp_per_floor":[40,40,40,40,40,13,35,35,35,23,23,23,16,16,38,29,75,75,68,78,67,76,76,40,40,40,29,29,12,12,10,35,0,0],"gold":154,"neow_bonus":"","is_daily":false,"chose_seed":false,"campfire_upgraded":2,"win_rate":0.0,"timestamp":1611150883,"path_taken":["M","?","$","M","?","E","R","?","T","?","M","M","M","M","R","BOSS","M","?","$","?","?","R","M","R","T","M","?","M","M","M","R","BOSS"],"items_purchased_type":["Relic","Relic","Relic","Card","Card"],"build_version":"2020-12-13","purchased_purges":0,"victory":false,"max_hp_per_floor":[75,75,75,75,75,75,75,75,75,75,75,75,75,75,75,75,75,75,75,85,85,85,85,85,85,85,85,85,85,85,85,85,85,85],"card_choices":[{"not_picked":["hierophant:Smite","hierophant:Zeal"],"picked":"hierophant:RustyCrate","floor":1.0},{"not_picked":["hierophant:EyeForCoin","hierophant:SealAway"],"picked":"hierophant:Remorse","floor":4.0},{"not_picked":["hierophant:Glossolalia","hierophant:Empathy"],"picked":"hierophant:Remorse","floor":6.0},{"not_picked":["hierophant:Shelter","hierophant:Purify"],"picked":"hierophant:FlamingChariot","floor":8.0},{"not_picked":["hierophant:FlamingChariot","hierophant:DisplayOfPower"],"picked":"hierophant:Sermon","floor":11.0},{"not_picked":["hierophant:Purify","hierophant:DisplayOfPower"],"picked":"hierophant:DeathKnell","floor":12.0},{"not_picked":["hierophant:Glossolalia","hierophant:Zeal"],"picked":"hierophant:Doubloon","floor":13.0},{"not_picked":["hierophant:RepressedViolence","hierophant:Encroach"],"picked":"hierophant:Smite","floor":14.0},{"not_picked":["hierophant:Levitation","hierophant:AuricForm"],"picked":"hierophant:Kindle","floor":16.0},{"not_picked":["hierophant:Shelter+1","hierophant:Zeal"],"picked":"hierophant:MorningPrayer+1","floor":18.0},{"not_picked":["hierophant:Exaltation","hierophant:ThreeLashes"],"picked":"hierophant:Chorus","floor":21},{"not_picked":["hierophant:Blessing","hierophant:Flagellation"],"picked":"hierophant:SecretStash+1","floor":24},{"not_picked":["hierophant:AuricBeam","hierophant:Sermon"],"picked":"hierophant:OrnateBuckler+1","floor":27},{"not_picked":["hierophant:FieryStrike","hierophant:RustyCrate"],"picked":"hierophant:PristineSoul+1","floor":29},{"not_picked":["hierophant:RepressedViolence+1","hierophant:TollTheBells"],"picked":"hierophant:Repentance","floor":30},{"not_picked":["hierophant:Smite","hierophant:RepressedViolence+1"],"picked":"hierophant:CoinFling+1","floor":31}],"player_experience":40551,"relics_obtained":[{"floor":6.0,"key":"Ice Cream"},{"floor":9.0,"key":"Happy Flower"},{"floor":26,"key":"aspiration:StickyExplosives_weak"}],"event_choices":[{"damage_healed":0.0,"max_hp_gain":0.0,"max_hp_loss":0.0,"gold_gain":0.0,"event_name":"Match and Keep!","player_choice":"0 cards matched","floor":5.0,"gold_loss":0.0,"damage_taken":0.0,"cards_obtained":[]},{"damage_healed":0.0,"max_hp_gain":0.0,"max_hp_loss":0.0,"gold_gain":0.0,"event_name":"Scrap Ooze","player_choice":"Success","floor":10.0,"gold_loss":0.0,"damage_taken":12.0,"relics_obtained":["Anchor"]},{"damage_healed":0.0,"max_hp_gain":0.0,"max_hp_loss":0.0,"gold_gain":0.0,"event_name":"Wheel of Change","player_choice":"Damaged","floor":19.0,"gold_loss":0.0,"damage_taken":7.0}],"is_beta":false,"boss_relics":[{"not_picked":["aspiration:MobileForge","Cursed Key"],"picked":"hubris:ScarierMask"}],"items_purged_floors":[],"is_endless":false,"potions_floor_spawned":[8,11,14,18,24],"killed_by":"Collector","ascension_level":0}}