{"host":"l8k579n63ej0vska","time":1611146771,"event":{"mods":["BaseMod","Colored Map","Infinite Spire","Minty Spire (QoL Compilation)","Replay The Spire","StSLib","The Bug Knight"],"gold_per_floor":[109,109,120,120,136,166,166,181,181,198,198,216,216,228,228,228,228],"floor_reached":16,"language":"ENG","playtime":817,"items_purged":[],"score":156,"play_id":"901c185c-8360-4b30-8b86-09ddf3200bec","local_time":"20210120134611","is_ascension_mode":true,"campfire_choices":[{"floor":7,"key":"REST"},{"floor":11,"key":"REST"},{"floor":13,"key":"REST"},{"data":"Limit Break","floor":15,"key":"SMITH"}],"circlet_count":0,"master_deck":["AscendersBane","Strike_R","Strike_R","Strike_R","Strike_R","Strike_R","Defend_R+1","Defend_R","Bash+1","Warcry+1","Dropkick","Seeing Red","Thunderclap","Cleave","Limit Break+1"],"relics":["Empty Cage","infinitespire:EmpoweringShard","Sundial"],"acts_visited":["Exordium"],"potions_floor_usage":[6,6,14],"damage_taken":[{"damage":7,"enemies":"Jaw Worm","floor":1,"turns":3},{"damage":0,"enemies":"2 Louse","floor":3,"turns":3},{"damage":0,"enemies":"Cultist","floor":5,"turns":3},{"damage":39,"enemies":"Replay:BlueRogue","floor":6,"turns":8},{"damage":0,"enemies":"Large Slime","floor":8,"turns":4},{"damage":28,"enemies":"Exordium Thugs","floor":10,"turns":4},{"damage":15,"enemies":"3 Louse","floor":12,"turns":2},{"damage":5,"enemies":"Exordium Wildlife","floor":14,"turns":3},{"damage":36,"enemies":"The Guardian","floor":16,"turns":8}],"seed_played":"-5200152614442330092","potions_obtained":[{"floor":1,"key":"Explosive Potion"},{"floor":3,"key":"DuplicationPotion"},{"floor":12,"key":"LifebloodPotion"}],"is_trial":false,"path_per_floor":["M","?","M","?","M","E","R","M","T","M","R","M","R","M","R","B"],"character_chosen":"IRONCLAD","items_purchased":[],"campfire_rested":3,"item_purchase_floors":[],"current_hp_per_floor":[65,49,49,49,49,10,34,34,34,6,30,15,39,34,34,0,0],"gold":228,"neow_bonus":"BOSS_RELIC","is_daily":false,"chose_seed":false,"campfire_upgraded":1,"win_rate":0.0,"timestamp":1611146771,"path_taken":["M","?","M","?","M","E","R","?","T","M","R","M","R","M","R","BOSS"],"items_purchased_type":[],"build_version":"2020-12-22","purchased_purges":0,"victory":false,"max_hp_per_floor":[80,80,80,80,80,80,80,80,80,80,80,80,80,80,80,80,80],"card_choices":[{"not_picked":["Headbutt","Perfected Strike"],"picked":"Warcry","floor":1},{"not_picked":["Perfected Strike","ReplayTheSpireMod:Corrosion Curse"],"picked":"Dropkick","floor":3},{"not_picked":["Warcry","Replay:Undeath\u0027s Touch"],"picked":"Seeing Red","floor":5},{"not_picked":["True Grit","Heavy Blade"],"picked":"Thunderclap","floor":6},{"not_picked":["Evolve","Heavy Blade","Run Through"],"picked":"SKIP","floor":8},{"not_picked":["Headbutt","Anger"],"picked":"Cleave","floor":10},{"not_picked":["Searing Blow","Heavy Blade","Havoc"],"picked":"SKIP","floor":12},{"not_picked":["Run Through","Evolve"],"picked":"Limit Break","floor":14}],"player_experience":1640122,"relics_obtained":[{"floor":6,"key":"infinitespire:EmpoweringShard"},{"floor":9,"key":"Sundial"}],"event_choices":[{"damage_healed":0,"gold_gain":0,"player_choice":"Entered Light","damage_taken":16,"max_hp_gain":0,"max_hp_loss":0,"event_name":"Shining Light","floor":2,"gold_loss":0,"cards_upgraded":["Defend_R","Bash"]},{"damage_healed":0,"gold_gain":0,"player_choice":"Forge","damage_taken":0,"max_hp_gain":0,"max_hp_loss":0,"event_name":"Accursed Blacksmith","floor":4,"gold_loss":0,"cards_upgraded":["Warcry"]}],"is_beta":false,"boss_relics":[],"items_purged_floors":[],"is_endless":false,"potions_floor_spawned":[1,3,12],"killed_by":"The Guardian","ascension_level":10}}