{"host":"627up2rvtmm0cf0r","time":1611155215,"event":{"mods":["100% Spire Juice","ATMod(°¢èªMod)","Act Like it!","BaseMod","Better Vampires","CapriCore","Card Filter","Card Forge","Colored Powertips","DeckTracker","Dota2Spire","Downfall","Energized Spire","Friendly Minions","Highlight Path","Infinite Spire","Jedi Mod","Marked Mod","Mimic Mod","Minty Spire (QoL Compilation)","MostiFishMod","Permanent Neow","Practice Mode","Quick Restart","Relic Stats","Shop Mod","Spicy Shops","StSLib","SuperFastMode","TestMod","The Blackbeard","The Marked","¡¾ÒÅÎï¿¨ÅÆ¡¿REMEMod","²ÐÁôÖ®Îï","óô»ðÖ¸ÄÏ"],"gold_per_floor":[99,118,218,235,235,264,296,323,342,342,492,510,510,510,510],"floor_reached":14,"language":"ZHS","playtime":592,"items_purged":[],"score":113,"play_id":"99ad5329-1e02-4a3c-9385-2217b7d46941","local_time":"20210120230654","is_ascension_mode":true,"campfire_choices":[{"data":"Guardian:TwinSlam","floor":1,"key":"SMITH"},{"data":"Guardian:SentryBeam","floor":10,"key":"SMITH"},{"data":"Guardian:CurlUp","floor":13,"key":"SMITH"}],"circlet_count":0,"master_deck":["Guardian:Strike_Guardian","Guardian:Strike_Guardian","Guardian:Strike_Guardian","Guardian:Defend_Guardian","Guardian:Defend_Guardian","Guardian:Defend_Guardian","Guardian:Defend_Guardian","Guardian:CurlUp+1","Guardian:TwinSlam+1","Guardian:Planning","Guardian:CurlUp+1","Guardian:SentryBeam+1","downfall:Icky","Guardian:Harden"],"relics":["Guardian:ModeShifter","Hammer of Thor","Seething Fire","Anvil of the Gods","DaveBox","testmod-TestBox","REME_ComplimentaryCards","AT_ATBox","testmod-EqualTreatment","DiscerningMonocle","Dota2Spire:EyeOfSkadi","Dota2Spire:ShadowBlade","testmod-ArcanaOfDestiny"],"acts_visited":["Exordium"],"potions_floor_usage":[8],"damage_taken":[{"damage":1,"enemies":"2 Louse","floor":2,"turns":2},{"damage":3,"enemies":"Cultist","floor":4,"turns":4},{"damage":63,"enemies":"Gremlin Nob","floor":6,"turns":8},{"damage":3,"enemies":"Jaw Worm","floor":7,"turns":7},{"damage":10,"enemies":"3 Sentries","floor":8,"turns":5},{"damage":0,"enemies":"Jaw Worm","floor":9,"turns":5},{"damage":2,"enemies":"Blue Slaver","floor":12,"turns":4},{"damage":4,"enemies":"Gremlin Nob","floor":14,"turns":3}],"seed_played":"4552417092213725890","potions_obtained":[{"floor":4,"key":"BlessingOfTheForge"}],"is_trial":false,"path_per_floor":["R","M","?","M","?","E","MIM","E","M","R","?","M","R","E"],"character_chosen":"GUARDIAN","items_purchased":[],"campfire_rested":0,"item_purchase_floors":[],"current_hp_per_floor":[80,79,79,76,76,18,15,5,5,5,5,3,3,0,0],"gold":510,"neow_bonus":"TRANSFORM_CARD","is_daily":false,"chose_seed":false,"campfire_upgraded":3,"win_rate":0.0,"timestamp":1611155214,"path_taken":["R","M","?","?","?","E","MIM","E","M","R","?","M","R","E"],"items_purchased_type":[],"build_version":"2020-12-22","purchased_purges":0,"victory":false,"max_hp_per_floor":[80,80,80,80,80,85,85,85,85,85,85,85,85,85,85],"relic_stats":{"counters":[8,38],"obtain_stats":[{"testmod-TestBox":0,"AT_ATBox":0,"DaveBox":0,"DiscerningMonocle":0,"Guardian:ModeShifter":0,"testmod-EqualTreatment":0,"Hammer of Thor":0,"Dota2Spire:ShadowBlade":7,"Seething Fire":0,"Dota2Spire:EyeOfSkadi":6,"Anvil of the Gods":0,"testmod-ArcanaOfDestiny":8,"REME_ComplimentaryCards":0},{"testmod-TestBox":0,"AT_ATBox":0,"DaveBox":0,"DiscerningMonocle":0,"Guardian:ModeShifter":0,"testmod-EqualTreatment":0,"Hammer of Thor":0,"Dota2Spire:ShadowBlade":4,"Seething Fire":0,"Dota2Spire:EyeOfSkadi":3,"Anvil of the Gods":0,"testmod-ArcanaOfDestiny":5,"REME_ComplimentaryCards":0},{"testmod-TestBox":0,"AT_ATBox":0,"DaveBox":0,"DiscerningMonocle":0,"Guardian:ModeShifter":0,"testmod-EqualTreatment":0,"Hammer of Thor":0,"Dota2Spire:ShadowBlade":21,"Seething Fire":0,"Dota2Spire:EyeOfSkadi":14,"Anvil of the Gods":0,"testmod-ArcanaOfDestiny":26,"REME_ComplimentaryCards":0}]},"card_choices":[{"not_picked":["Guardian:BronzeOrb","Guardian:ShieldCharger"],"picked":"Guardian:Gem_Purple","floor":2},{"not_picked":["Guardian:EvasiveProtocol","Guardian:Planning","Guardian:DecasProtection"],"picked":"SKIP","floor":4},{"not_picked":["Guardian:TemporalShield","Guardian:Gem_Red","Guardian:Suspension"],"picked":"SKIP","floor":6},{"not_picked":["Guardian:ArmoredProtocol","Guardian:SpikerProtocol"],"picked":"Guardian:Gem_Orange","floor":8},{"not_picked":["Guardian:Clone","Guardian:CrystalBeam"],"picked":"Guardian:SentryBeam","floor":9},{"not_picked":["Guardian:Gem_Lightblue","Guardian:TemporalShield"],"picked":"Guardian:Harden","floor":12}],"player_experience":129146,"relics_obtained":[{"floor":6,"key":"Dota2Spire:EyeOfSkadi"},{"floor":7,"key":"Dota2Spire:ShadowBlade"},{"floor":8,"key":"testmod-ArcanaOfDestiny"}],"event_choices":[],"is_beta":false,"boss_relics":[],"items_purged_floors":[],"is_endless":false,"potions_floor_spawned":[4],"killed_by":"Gremlin Nob","ascension_level":3}}