{"host":"f0gpob8hq9vgebej","time":1611161233,"event":{"mods":["AchievementEnabler","BaseMod","Minty Spire (QoL Compilation)","Quick Restart","SuperFastMode"],"gold_per_floor":[112,131,145,145,95,95,129,129,153,167,185,205,219,219,219,219,219],"floor_reached":16,"language":"KOR","playtime":364,"items_purged":[],"score":166,"play_id":"cccef299-8d4b-4f82-ab02-c7cd0ddfb1a2","local_time":"20210121014713","is_ascension_mode":true,"campfire_choices":[{"data":"Inflame","floor":6,"key":"SMITH"},{"data":"Barricade","floor":8,"key":"SMITH"},{"floor":15,"key":"REST"}],"circlet_count":0,"master_deck":["AscendersBane","Strike_R","Strike_R","Strike_R","Defend_R","Defend_R","Defend_R","Bash","Inflame+1","Body Slam","Sword Boomerang","Barricade+1","Battle Trance","Spot Weakness","Flex"],"relics":["Burning Blood","PreservedInsect","Centennial Puzzle","Molten Egg 2"],"acts_visited":["Exordium"],"potions_floor_usage":[7,7,10,16],"damage_taken":[{"damage":17,"enemies":"Small Slimes","floor":1,"turns":4},{"damage":7,"enemies":"Jaw Worm","floor":2,"turns":4},{"damage":9,"enemies":"2 Louse","floor":3,"turns":4},{"damage":19,"enemies":"3 Sentries","floor":7,"turns":8},{"damage":19,"enemies":"Exordium Wildlife","floor":10,"turns":5},{"damage":0,"enemies":"Large Slime","floor":11,"turns":4},{"damage":2,"enemies":"Looter","floor":12,"turns":3},{"damage":6,"enemies":"Blue Slaver","floor":13,"turns":3},{"damage":46,"enemies":"The Guardian","floor":16,"turns":8}],"seed_played":"-5643005342927942856","potions_obtained":[{"floor":1,"key":"LiquidMemories"},{"floor":3,"key":"Dexterity Potion"},{"floor":7,"key":"SteroidPotion"},{"floor":13,"key":"Weak Potion"}],"is_trial":false,"path_per_floor":["M","M","M","?","?","R","E","R","T","M","M","M","M","T","R","B"],"character_chosen":"IRONCLAD","items_purchased":[],"campfire_rested":1,"item_purchase_floors":[],"current_hp_per_floor":[40,39,36,36,36,36,23,23,23,10,16,20,20,20,44,0,0],"gold":219,"neow_bonus":"REMOVE_TWO","is_daily":false,"chose_seed":false,"campfire_upgraded":2,"win_rate":0.0,"timestamp":1611161233,"path_taken":["M","M","M","?","?","R","E","R","T","M","M","M","M","?","R","BOSS"],"items_purchased_type":[],"build_version":"2020-12-22","purchased_purges":0,"victory":false,"max_hp_per_floor":[80,80,80,80,80,80,80,80,80,80,80,80,80,80,80,80,80],"card_choices":[{"not_picked":["Cleave","Feel No Pain"],"picked":"Inflame","floor":1},{"not_picked":["Wild Strike","Clash"],"picked":"Body Slam","floor":2},{"not_picked":["Havoc","Iron Wave"],"picked":"Sword Boomerang","floor":3},{"not_picked":["Dropkick","Berserk"],"picked":"Barricade","floor":7},{"not_picked":["Sword Boomerang","Warcry"],"picked":"Battle Trance","floor":10},{"not_picked":["Cleave","Bloodletting"],"picked":"Spot Weakness","floor":11},{"not_picked":["Dual Wield","Warcry","Headbutt"],"picked":"SKIP","floor":12},{"not_picked":["Body Slam","Pommel Strike"],"picked":"Flex","floor":13}],"player_experience":185710,"relics_obtained":[{"floor":7,"key":"PreservedInsect"},{"floor":9,"key":"Centennial Puzzle"},{"floor":14,"key":"Molten Egg 2"}],"event_choices":[{"damage_healed":0,"gold_gain":0,"player_choice":"Ignored","damage_taken":0,"max_hp_gain":0,"max_hp_loss":0,"event_name":"Shining Light","floor":4,"gold_loss":0},{"cards_removed":["Strike_R"],"damage_healed":0,"gold_gain":0,"player_choice":"Card Removal","damage_taken":0,"max_hp_gain":0,"max_hp_loss":0,"event_name":"The Cleric","floor":5,"gold_loss":50}],"is_beta":false,"boss_relics":[],"items_purged_floors":[],"is_endless":false,"potions_floor_spawned":[1,3,7,13],"killed_by":"The Guardian","ascension_level":12}}