{"host":"1a3cjta80tad0aqj","time":1611153075,"event":{"mods":["2.2 Compatiblity","AchievementEnabler","BaseMod","Colored Map","DeckTracker","KOR Keyword Fix","Keyboard Shortcuts","Minty Spire (QoL Compilation)","Permanent Neow","Quick Restart","Random Character Button","StSLib","SuperFastMode","everything is the same but u backflip on backflip"],"gold_per_floor":[110,110,126,51,51,51,64,64,136,146,164,178,208,208,208,282,282,298,314,160,75,75,75,75,93,93,93,93,106,124,142,142,213,213,226,241,241,102,52,52,70,70,70,88,107,161,175,194,194,194,194],"floor_reached":52,"language":"KOR","playtime":1722,"items_purged":["Strike_P","Defend_P","Strike_P","Strike_P"],"score":1716,"play_id":"4a4ddeee-e4f3-4996-bd09-c75a5da2ad64","local_time":"20210120233115","is_ascension_mode":true,"campfire_choices":[{"data":"Eruption","floor":6.0,"key":"SMITH"},{"data":"Conclude","floor":8.0,"key":"SMITH"},{"data":"FlurryOfBlows","floor":15.0,"key":"SMITH"},{"data":"Vault","floor":23.0,"key":"SMITH"},{"data":"Scrawl","floor":27.0,"key":"SMITH"},{"data":"Scrawl","floor":32.0,"key":"SMITH"},{"data":"Tantrum","floor":40.0,"key":"SMITH"},{"floor":49.0,"key":"REST"}],"circlet_count":0,"master_deck":["AscendersBane","Defend_P","Eruption+1","Vigilance","Conclude+1","MentalFortress","FlurryOfBlows+1","Halt","Vault+1","CurseOfTheBell","Scrawl+1","FollowUp+1","CutThroughFate","Decay","Scrawl+1","Tantrum+1","Ragnarok+1","TalkToTheHand","MasterReality","EmptyFist+1","InnerPeace"],"relics":["PureWater","MealTicket","Pear","Darkstone Periapt","Calling Bell","Bag of Marbles","Meat on the Bone","Du-Vu Doll","Smiling Mask","StrikeDummy","VioletLotus","Torii","Pocketwatch"],"acts_visited":["Exordium","TheCity","TheBeyond"],"potions_floor_usage":[51,51],"damage_taken":[{"damage":10.0,"enemies":"Small Slimes","floor":1.0,"turns":4.0},{"damage":0.0,"enemies":"Jaw Worm","floor":3.0,"turns":3.0},{"damage":0.0,"enemies":"Cultist","floor":7.0,"turns":3.0},{"damage":0.0,"enemies":"2 Fungi Beasts","floor":10.0,"turns":1.0},{"damage":21.0,"enemies":"Exordium Wildlife","floor":11.0,"turns":6.0},{"damage":5.0,"enemies":"Large Slime","floor":12.0,"turns":4.0},{"damage":3.0,"enemies":"3 Sentries","floor":13.0,"turns":5.0},{"damage":42.0,"enemies":"The Guardian","floor":16.0,"turns":10.0},{"damage":0.0,"enemies":"Spheric Guardian","floor":18.0,"turns":4.0},{"damage":5.0,"enemies":"Shell Parasite","floor":19.0,"turns":2.0},{"damage":0.0,"enemies":"Sentry and Sphere","floor":25.0,"turns":4.0},{"damage":0.0,"enemies":"Snecko","floor":29.0,"turns":3.0},{"damage":4.0,"enemies":"Centurion and Healer","floor":30.0,"turns":4.0},{"damage":0.0,"enemies":"Snake Plant","floor":31.0,"turns":1.0},{"damage":4.0,"enemies":"Champ","floor":33.0,"turns":5.0},{"damage":16.0,"enemies":"3 Darklings","floor":35.0,"turns":2.0},{"damage":2.0,"enemies":"3 Shapes","floor":36.0,"turns":2.0},{"damage":8.0,"enemies":"Jaw Worm Horde","floor":41.0,"turns":3.0},{"damage":34.0,"enemies":"4 Shapes","floor":44.0,"turns":2.0},{"damage":1.0,"enemies":"Transient","floor":45.0,"turns":6.0},{"damage":0.0,"enemies":"2 Orb Walkers","floor":46.0,"turns":2.0},{"damage":2.0,"enemies":"Writhing Mass","floor":47.0,"turns":2.0},{"damage":33.0,"enemies":"4 Shapes","floor":48.0,"turns":3.0},{"damage":6.0,"enemies":"Time Eater","floor":50.0,"turns":6.0},{"damage":27,"enemies":"Donu and Deca","floor":51,"turns":5}],"seed_played":"-6818228539348196089","potions_obtained":[{"floor":1.0,"key":"LiquidBronze"},{"floor":11.0,"key":"ColorlessPotion"},{"floor":13.0,"key":"EntropicBrew"},{"floor":18.0,"key":"EssenceOfSteel"},{"floor":36.0,"key":"Dexterity Potion"},{"floor":41.0,"key":"DuplicationPotion"},{"floor":46.0,"key":"PowerPotion"},{"floor":47.0,"key":"Dexterity Potion"}],"is_trial":false,"path_per_floor":["M","?","M","$","?","R","M","R","T","M","M","M","E","?","R","B",null,"M","M","$","?","?","R","?","M","T","R","?","M","M","M","R","B",null,"M","M","?","$","$","R","M","?","T","M","M","?","M","M","R","B","B",null],"character_chosen":"WATCHER","items_purchased":["CutThroughFate","TalkToTheHand"],"campfire_rested":1,"item_purchase_floors":[20,38],"current_hp_per_floor":[51,51,51,66,66,66,66,66,76,76,55,50,47,73,73,31,72,72,67,82,82,58,58,58,58,58,58,64,64,60,60,60,56,85,69,67,67,82,95,95,87,87,87,53,52,52,50,29,57,51,36],"gold":194,"neow_bonus":"RANDOM_COMMON_RELIC","is_daily":false,"chose_seed":false,"campfire_upgraded":7,"win_rate":0.0,"timestamp":1611153075,"path_taken":["M","?","M","$","?","R","?","R","T","M","M","?","E","?","R","BOSS","M","M","$","?","?","R","?","M","T","R","?","M","M","M","R","BOSS","M","?","?","?","$","R","M","?","T","?","M","?","M","M","R","BOSS","BOSS"],"items_purchased_type":["Card","Card"],"build_version":"2020-12-22","purchased_purges":4,"victory":true,"max_hp_per_floor":[68,68,68,68,68,68,68,68,78,78,78,78,78,78,78,78,84,84,84,84,84,89,89,89,89,89,89,95,95,95,95,95,95,95,95,95,95,95,95,95,95,95,95,95,95,95,95,95,95,95,95],"card_choices":[{"not_picked":["CarveReality","Wireheading"],"picked":"Conclude","floor":1.0},{"not_picked":["Worship","BowlingBash","SashWhip"],"picked":"SKIP","floor":3.0},{"not_picked":["Crescendo","Collect","Protect"],"picked":"SKIP","floor":7.0},{"not_picked":["ThirdEye","Alpha","Evaluate"],"picked":"SKIP","floor":10.0},{"not_picked":["SignatureMove","JustLucky"],"picked":"FlurryOfBlows","floor":11.0},{"not_picked":["FlurryOfBlows","Consecrate"],"picked":"Halt","floor":12.0},{"not_picked":["ForeignInfluence","DeceiveReality","Perseverance"],"picked":"SKIP","floor":13.0},{"not_picked":["Omniscience","MasterReality"],"picked":"Vault","floor":16.0},{"not_picked":["Indignation","CrushJoints"],"picked":"Scrawl","floor":18.0},{"not_picked":["PathToVictory","EmptyFist"],"picked":"FollowUp+1","floor":19.0},{"not_picked":["ForeignInfluence+1","ClearTheMind","FlyingSleeves+1"],"picked":"SKIP","floor":25.0},{"not_picked":["EmptyBody","Vengeance","EmptyFist"],"picked":"SKIP","floor":29.0},{"not_picked":["EmptyBody","FollowUp+1"],"picked":"Scrawl","floor":30.0},{"not_picked":["InnerPeace","Meditate"],"picked":"Tantrum","floor":31.0},{"not_picked":["SpiritShield","Judgement"],"picked":"Ragnarok","floor":33.0},{"not_picked":["DeceiveReality","ReachHeaven","ClearTheMind"],"picked":"SKIP","floor":35.0},{"not_picked":["Study","FollowUp+1","Evaluate"],"picked":"SKIP","floor":36.0},{"not_picked":["BowlingBash+1","Protect","Halt"],"picked":"SKIP","floor":41.0},{"not_picked":["Weave","WheelKick","Halt"],"picked":"SKIP","floor":44.0},{"not_picked":["FlyingSleeves","CutThroughFate"],"picked":"EmptyFist+1","floor":45.0},{"not_picked":["Indignation","EmptyFist"],"picked":"InnerPeace","floor":47.0},{"not_picked":["EmptyFist","FlyingSleeves+1","Nirvana+1"],"picked":"SKIP","floor":48.0}],"player_experience":813923,"relics_obtained":[{"floor":9.0,"key":"Pear"},{"floor":13.0,"key":"Darkstone Periapt"},{"floor":17.0,"key":"Bag of Marbles"},{"floor":17.0,"key":"Meat on the Bone"},{"floor":17.0,"key":"Du-Vu Doll"},{"floor":26.0,"key":"StrikeDummy"},{"floor":43.0,"key":"Torii"},{"floor":46.0,"key":"Pocketwatch"}],"event_choices":[{"damage_healed":0.0,"max_hp_gain":0.0,"max_hp_loss":0.0,"gold_gain":0.0,"cards_transformed":["Defend_P"],"event_name":"Living Wall","player_choice":"Change","floor":2.0,"gold_loss":0.0,"damage_taken":0.0,"cards_obtained":["MentalFortress"]},{"damage_healed":0.0,"max_hp_gain":0.0,"max_hp_loss":0.0,"gold_gain":0.0,"event_name":"Liars Game","player_choice":"Ignored","floor":5.0,"gold_loss":0.0,"damage_taken":0.0},{"damage_healed":26.0,"max_hp_gain":0.0,"max_hp_loss":0.0,"gold_gain":0.0,"event_name":"Big Fish","player_choice":"Banana","floor":14.0,"gold_loss":0.0,"damage_taken":0.0},{"damage_healed":0.0,"max_hp_gain":0.0,"max_hp_loss":0.0,"gold_gain":0.0,"event_name":"Addict","player_choice":"Obtained Relic","floor":21.0,"gold_loss":85.0,"damage_taken":0.0,"relics_obtained":["Smiling Mask"]},{"damage_healed":0.0,"max_hp_gain":5.0,"max_hp_loss":0.0,"gold_gain":0.0,"event_name":"Forgotten Altar","player_choice":"Shed Blood","floor":22.0,"gold_loss":0.0,"damage_taken":29.0},{"cards_removed":["Strike_P"],"damage_healed":0.0,"max_hp_gain":0.0,"max_hp_loss":0.0,"gold_gain":0.0,"event_name":"Back to Basics","player_choice":"Elegance","floor":24.0,"gold_loss":0.0,"damage_taken":0.0},{"damage_healed":0.0,"max_hp_gain":0.0,"max_hp_loss":0.0,"gold_gain":0.0,"event_name":"Wheel of Change","player_choice":"Cursed","floor":28.0,"gold_loss":0.0,"damage_taken":0.0,"cards_obtained":["Decay"]},{"damage_healed":0.0,"max_hp_gain":0.0,"max_hp_loss":0.0,"gold_gain":0.0,"event_name":"Accursed Blacksmith","player_choice":"Forge","floor":37.0,"gold_loss":0.0,"damage_taken":0.0,"cards_upgraded":["Ragnarok"]},{"damage_healed":0.0,"max_hp_gain":0.0,"max_hp_loss":0.0,"gold_gain":0.0,"cards_transformed":["Defend_P"],"event_name":"Transmorgrifier","player_choice":"Transformed","floor":42.0,"gold_loss":0.0,"damage_taken":0.0,"cards_obtained":["MasterReality"]},{"damage_healed":0.0,"max_hp_gain":0.0,"max_hp_loss":0.0,"gold_gain":0.0,"event_name":"Mysterious Sphere","player_choice":"Fight","floor":46.0,"gold_loss":0.0,"damage_taken":0.0}],"is_beta":false,"boss_relics":[{"not_picked":["Runic Dome","Velvet Choker"],"picked":"Calling Bell"},{"not_picked":["Pandora\u0027s Box","Tiny House"],"picked":"VioletLotus"}],"items_purged_floors":[4,20,38,39],"is_endless":false,"potions_floor_spawned":[1,11,13,18,29,36,41,46,47,48],"ascension_level":20}}