{"host":"l8k579n63ej0vska","time":1611153615,"event":{"mods":["BaseMod","Colored Map","Infinite Spire","Minty Spire (QoL Compilation)","Replay The Spire","StSLib","The Bug Knight"],"gold_per_floor":[112,112,112,122,141,141,168,12,12,31,135,167,167,177,177,278,278,297,317,317,237,251,270,296,296,320,320,332,332,332,332,332],"floor_reached":31,"language":"ENG","playtime":1648,"items_purged":["Strike_R","Strike_R"],"score":398,"play_id":"23aae728-d32b-41cb-ba5a-3116a28436c6","local_time":"20210120154015","is_ascension_mode":true,"campfire_choices":[{"data":"Shrug It Off","floor":6.0,"key":"SMITH"},{"data":"infinitespire:OneForAll","floor":13.0,"key":"SMITH"},{"floor":15.0,"key":"REST"},{"data":"Limit Break","floor":25.0,"key":"SMITH"},{"data":"infinitespire:Punishment","floor":27,"key":"SMITH"},{"data":"True Grit","floor":29,"key":"SMITH"}],"circlet_count":0,"master_deck":["AscendersBane","Bash","Thunderclap","Shrug It Off+1","Feel No Pain","True Grit+1","Pot Of Greed","infinitespire:OneForAll+1","Limit Break","Spot Weakness","Seeing Red","Ghostly Armor","Limit Break+1","Reaper","Flex","Sword Boomerang","Clumsy","Injury","Flex+1","infinitespire:Punishment+1","True Grit+1"],"relics":["Sozu","Grinning Jar","Bottled Tornado","infinitespire:Bottled Soul","Replay:Drink Me","Toxic Egg 2","Kintsugi","Replay:Wax Seal","ReplayFunnel"],"acts_visited":["Exordium","TheCity"],"potions_floor_usage":[],"damage_taken":[{"damage":7.0,"enemies":"Jaw Worm","floor":1.0,"turns":3.0},{"damage":12.0,"enemies":"Small Slimes","floor":4.0,"turns":4.0},{"damage":1.0,"enemies":"Cultist","floor":5.0,"turns":3.0},{"damage":25.0,"enemies":"Gremlin Nob","floor":7.0,"turns":5.0},{"damage":4.0,"enemies":"Gremlin Gang","floor":10.0,"turns":6.0},{"damage":10.0,"enemies":"Lagavulin","floor":12.0,"turns":9.0},{"damage":4.0,"enemies":"Red Slaver","floor":14.0,"turns":5.0},{"damage":26.0,"enemies":"Hexaghost","floor":16.0,"turns":8.0},{"damage":19.0,"enemies":"2 Thieves","floor":18.0,"turns":4.0},{"damage":0.0,"enemies":"Shell Parasite","floor":19.0,"turns":8.0},{"damage":19.0,"enemies":"Snecko","floor":22.0,"turns":5.0},{"damage":17.0,"enemies":"Shelled Parasite and Fungi","floor":23.0,"turns":4.0},{"damage":20.0,"enemies":"Nightmare","floor":24.0,"turns":5.0},{"damage":0,"enemies":"Snake Plant","floor":28,"turns":1},{"damage":31,"enemies":"Slavers","floor":31,"turns":1}],"seed_played":"-8427815907095254054","potions_obtained":[],"is_trial":false,"path_per_floor":["M","?","?","M","M","R","E","$","T","M","?","E","R","M","R","B",null,"M","M","AVR","?","M","M","NM","R","T","R","M","R","?","E"],"character_chosen":"IRONCLAD","items_purchased":["infinitespire:OneForAll"],"campfire_rested":1,"item_purchase_floors":[8],"current_hp_per_floor":[65,65,65,53,52,52,27,27,27,23,23,13,13,9,33,7,47,46,46,46,46,40,34,30,30,30,30,30,30,30,0,0],"gold":332,"neow_bonus":"BOSS_RELIC","is_daily":false,"chose_seed":false,"campfire_upgraded":5,"win_rate":0.0,"timestamp":1611153615,"path_taken":["M","?","?","?","?","R","E","?","T","M","?","E","R","M","R","BOSS","M","M","AVR","?","?","M","NM","R","T","R","M","R","?","E"],"items_purchased_type":["Card"],"build_version":"2020-12-22","purchased_purges":2,"victory":false,"max_hp_per_floor":[80,80,80,80,80,80,80,80,80,80,80,80,80,80,80,80,60,60,60,60,60,60,60,60,60,60,60,60,60,60,60,60],"card_choices":[{"not_picked":["Flex","Sever Soul","Pummel"],"picked":"SKIP","floor":1.0},{"not_picked":["Burning Pact","Disarm"],"picked":"Shrug It Off","floor":4.0},{"not_picked":["Warcry","Demon Form"],"picked":"Feel No Pain","floor":5.0},{"not_picked":["Power Through","Heavy Blade"],"picked":"True Grit","floor":7.0},{"not_picked":["Clash","Massacre"],"picked":"Limit Break","floor":10.0},{"not_picked":["ReplayTheSpireMod:LeadingStrike","Twin Strike"],"picked":"Spot Weakness","floor":11.0},{"not_picked":["Pommel Strike","Run Through"],"picked":"Seeing Red","floor":11.0},{"not_picked":["Twin Strike","Anger"],"picked":"Ghostly Armor","floor":11.0},{"not_picked":["Iron Wave","Berserk"],"picked":"Limit Break","floor":12.0},{"not_picked":["Headbutt","Perfected Strike","Thunderclap"],"picked":"SKIP","floor":14.0},{"not_picked":["Feed","Replay:Many Hands"],"picked":"Reaper","floor":16.0},{"not_picked":["Cleave","Shrug It Off"],"picked":"Flex","floor":18.0},{"not_picked":["Heavy Blade+1","Inflame+1"],"picked":"Sword Boomerang","floor":19.0},{"not_picked":["Battle Trance+1","Blood for Blood"],"picked":"Flex+1","floor":22.0},{"not_picked":["Anger","Replay:Undeath\u0027s Touch","Perfected Strike"],"picked":"SKIP","floor":23.0},{"not_picked":["ReplayTheSpireMod:Haul","infinitespire:SealOfDarkness+"],"picked":"infinitespire:Punishment","floor":24.0},{"not_picked":["Uppercut","Pommel Strike"],"picked":"True Grit+1","floor":24.0},{"not_picked":["Thunderclap","Headbutt","Life Link"],"picked":"SKIP","floor":28}],"player_experience":1644074,"relics_obtained":[{"floor":7.0,"key":"Grinning Jar"},{"floor":9.0,"key":"Bottled Tornado"},{"floor":12.0,"key":"infinitespire:Bottled Soul"},{"floor":24.0,"key":"ReplayFunnel"}],"event_choices":[{"damage_healed":0.0,"max_hp_gain":0.0,"max_hp_loss":0.0,"gold_gain":0.0,"event_name":"Match and Keep!","player_choice":"1 cards matched","floor":3.0,"gold_loss":0.0,"damage_taken":0.0,"cards_obtained":["Thunderclap"]},{"damage_healed":0.0,"max_hp_gain":0.0,"max_hp_loss":0.0,"gold_gain":0.0,"event_name":"WeMeetAgain","player_choice":"Paid Gold","floor":21.0,"gold_loss":80.0,"damage_taken":0.0,"relics_obtained":["Replay:Wax Seal"]},{"cards_removed":["Pot Of Greed"],"damage_healed":0,"gold_gain":0,"player_choice":"Elegance","damage_taken":0,"max_hp_gain":0,"max_hp_loss":0,"event_name":"Back to Basics","floor":30,"gold_loss":0}],"is_beta":false,"boss_relics":[{"not_picked":["SacredBark","Pandora\u0027s Box"],"picked":"Replay:Drink Me"}],"items_purged_floors":[8,20],"is_endless":true,"potions_floor_spawned":[7,12,14,18,24],"killed_by":"Slavers","ascension_level":10}}