{"host":"sdjng9zhqonqi3uc","time":1611101782,"event":{"mods":["2.2 Compatiblity","AchievementEnabler","BaseMod","Better Third Choice","BetterRewards","Colored Powertips","Downfall","Hero for Fun","Minty Spire (QoL Compilation)","Quick Restart","Shop Mod","Spicy Shops","StSLib","Td1madao Mod","The Animator","The Cursed","The Servant 0.9.4"],"gold_per_floor":[19,19,37,55,131,131,165,184,211,225,257,273,300,310,310,389,389,407,407,420,446,461,493,493,523,549,586,614,639,684,696,708,797,809,841,907,919,625,639,669,669,684,684,711,764,782,808,820,820,820],"floor_reached":51,"language":"ENG","playtime":458,"items_purged":["downfall:Malfunctioning"],"score":2932,"play_id":"43224ce7-23a6-4160-89a0-e49383930039","local_time":"20210120011622","is_ascension_mode":true,"campfire_choices":[{"floor":6,"key":"RECALL"},{"data":"Slap","floor":15,"key":"SMITH"},{"data":"Serious_Punch","floor":24,"key":"SMITH"},{"data":"Slap","floor":32,"key":"SMITH"},{"data":"Serious_Punch","floor":41,"key":"SMITH"},{"data":"Slap","floor":49,"key":"SMITH"}],"circlet_count":0,"master_deck":["AscendersBane","Strike_Y","Strike_Y","Strike_Y","Strike_Y","Strike_Y","Defend_Y+1","Defend_Y","Defend_Y","Defend_Y","Defend_Y+1","Slap+1","Slap","Slap+1","Slap","Serious_Punch+1","Slap+1","Serious_Punch+1","animator:Curse_GriefSeed","Normality","TheCursedMod:Dregs"],"relics":["Cape","Bottled Flame","Gremlin Horn","Lantern","Tiny Chest","Bag of Preparation","Runic Dome","Enchiridion","Red Mask","Toy Ornithopter","War Paint","MawBank","Eternal Feather","The Courier","Cursed Key","Dream Catcher","Sundial","Oddly Smooth Stone","Unceasing Top","MerchantsRug","Nunchaku","InkBottle","Du-Vu Doll","Juzu Bracelet","CaptainsWheel"],"acts_visited":["Exordium","TheCity","TheBeyond"],"potions_floor_usage":[],"damage_taken":[{"damage":0,"enemies":"Jaw Worm","floor":1,"turns":1},{"damage":0,"enemies":"Cultist","floor":3,"turns":1},{"damage":0,"enemies":"Small Slimes","floor":4,"turns":2},{"damage":0,"enemies":"3 Sentries","floor":7,"turns":2},{"damage":0,"enemies":"Blue Slaver","floor":8,"turns":1},{"damage":0,"enemies":"Looter","floor":10,"turns":1},{"damage":0,"enemies":"Gremlin Nob","floor":11,"turns":1},{"damage":0,"enemies":"Exordium Wildlife","floor":12,"turns":1},{"damage":0,"enemies":"3 Sentries","floor":13,"turns":1},{"damage":0,"enemies":"Exordium Thugs","floor":14,"turns":1},{"damage":0,"enemies":"The Guardian","floor":16,"turns":1},{"damage":0,"enemies":"Chosen","floor":18,"turns":1},{"damage":0,"enemies":"Shell Parasite","floor":20,"turns":1},{"damage":0,"enemies":"Masked Bandits","floor":21,"turns":1},{"damage":0,"enemies":"Cultist and Chosen","floor":22,"turns":1},{"damage":0,"enemies":"Slavers","floor":23,"turns":1},{"damage":0,"enemies":"Gremlin Leader","floor":25,"turns":1},{"damage":0,"enemies":"Slavers","floor":27,"turns":1},{"damage":0,"enemies":"Snake Plant","floor":28,"turns":1},{"damage":0,"enemies":"Shelled Parasite and Fungi","floor":29,"turns":1},{"damage":0,"enemies":"Book of Stabbing","floor":30,"turns":1},{"damage":0,"enemies":"Collector","floor":33,"turns":1},{"damage":0,"enemies":"3 Darklings","floor":35,"turns":1},{"damage":0,"enemies":"3 Shapes","floor":39,"turns":1},{"damage":0,"enemies":"Giant Head","floor":40,"turns":1},{"damage":0,"enemies":"3 Darklings","floor":42,"turns":1},{"damage":0,"enemies":"Nemesis","floor":44,"turns":1},{"damage":0,"enemies":"Transient","floor":46,"turns":1},{"damage":0,"enemies":"Reptomancer","floor":47,"turns":1},{"damage":0,"enemies":"Sphere and 2 Shapes","floor":48,"turns":1},{"damage":0,"enemies":"Time Eater","floor":50,"turns":1}],"seed_played":"7390266098225045891","potions_obtained":[{"floor":4,"key":"LiquidBronze"},{"floor":7,"key":"hexamod:SoulburnPotion"},{"floor":22,"key":"FairyPotion"}],"is_trial":false,"path_per_floor":["M","?","M","M","T","R","E","M","T","M","E","M","E","M","R","B",null,"M","?","M","?","M","E","R","E","T","E","M","M","E","?","R","B",null,"M","T","T","$","M","E","R","M","T","E","T","M","E","M","R","B",null],"character_chosen":"OPM","items_purchased":["Oddly Smooth Stone","Unceasing Top","MerchantsRug"],"campfire_rested":0,"item_purchase_floors":[38,38,38],"current_hp_per_floor":[896,896,896,896,896,896,896,896,896,896,896,896,896,896,896,896,970,970,970,970,970,970,970,970,970,970,970,970,970,970,970,979,979,991,991,991,991,991,991,991,995,995,995,995,995,995,995,995,995,995],"gold":820,"neow_bonus":"","is_daily":false,"chose_seed":false,"campfire_upgraded":5,"win_rate":0.0,"timestamp":1611101782,"path_taken":["M","?","?","M","?","R","E","M","T","M","E","M","E","M","R","BOSS","M","?","M","?","M","E","R","E","T","E","M","M","E","?","R","BOSS","M","?","?","$","?","E","R","M","T","E","?","M","E","M","R","BOSS"],"items_purchased_type":["Relic","Relic","Relic"],"build_version":"2020-12-22","purchased_purges":1,"victory":true,"max_hp_per_floor":[995,995,995,995,995,995,995,995,995,995,995,995,995,995,995,995,995,995,995,995,995,995,995,995,995,995,995,995,995,995,995,995,995,995,995,995,995,995,995,995,995,995,995,995,995,995,995,995,995,995],"card_choices":[{"not_picked":["Consecutive_Normal_Punch","Yawn","Toss_Stone"],"picked":"SKIP","floor":1},{"not_picked":["Wear_Disguise","Side_Hop"],"picked":"Slap","floor":3},{"not_picked":["Do_Nothing","Wear_Disguise","Consecutive_Normal_Punch"],"picked":"SKIP","floor":4},{"not_picked":["Ignore","Hop","Yawn"],"picked":"SKIP","floor":7},{"not_picked":["Hop","Yawn"],"picked":"Slap","floor":8},{"not_picked":["Do_Nothing","Consecutive_Normal_Punch"],"picked":"Slap","floor":10},{"not_picked":["Toss_Stone","Wear_Disguise","Do_Nothing"],"picked":"SKIP","floor":11},{"not_picked":["Yawn","Serious_Side_Hops","Side_Hop"],"picked":"SKIP","floor":12},{"not_picked":["Side_Hop","Hop"],"picked":"Slap","floor":13},{"not_picked":["Consecutive_Normal_Punch","Slap","Do_Nothing"],"picked":"SKIP","floor":14},{"not_picked":["Serious_Side_Hops","Terrifying_Presence"],"picked":"Serious_Punch","floor":16},{"not_picked":["Yawn","Ignore","Side_Hop"],"picked":"SKIP","floor":18},{"not_picked":["Normal_Punch","Slap","Hop"],"picked":"SKIP","floor":20},{"not_picked":["Wear_Disguise","Ignore"],"picked":"Slap","floor":21},{"not_picked":["Hop","Consecutive_Normal_Punch","Ignore"],"picked":"SKIP","floor":22},{"not_picked":["Normal_Punch","Do_Nothing","Wear_Disguise+1"],"picked":"SKIP","floor":23},{"not_picked":["Yawn+1","Slap","Normal_Punch"],"picked":"SKIP","floor":25},{"not_picked":["Consecutive_Normal_Punch","Yawn","Wear_Disguise"],"picked":"SKIP","floor":27},{"not_picked":["Hop","Wear_Disguise","Side_Hop"],"picked":"SKIP","floor":28},{"not_picked":["Consecutive_Normal_Punch+1","Normal_Punch","Do_Nothing"],"picked":"SKIP","floor":29},{"not_picked":["Slap","Consecutive_Normal_Punch","Hop"],"picked":"SKIP","floor":30},{"not_picked":["Oh","Serious_Side_Hops"],"picked":"Serious_Punch","floor":33},{"not_picked":["Consecutive_Normal_Punch","Slap","Yawn"],"picked":"SKIP","floor":35},{"not_picked":["Slap","Do_Nothing","Normal_Punch"],"picked":"SKIP","floor":39},{"not_picked":["Consecutive_Normal_Punch+1","Slap","Yawn"],"picked":"SKIP","floor":40},{"not_picked":["Consecutive_Normal_Punch","Ignore+1","Toss_Stone"],"picked":"SKIP","floor":42},{"not_picked":["Serious_Side_Hops","Terrifying_Presence","Slap"],"picked":"SKIP","floor":44},{"not_picked":["Hop","Slap","Normal_Punch"],"picked":"SKIP","floor":46},{"not_picked":["Do_Nothing","Wear_Disguise","Yawn"],"picked":"SKIP","floor":47},{"not_picked":["Normal_Punch","Wear_Disguise","Slap+1"],"picked":"SKIP","floor":48}],"player_experience":348927,"relics_obtained":[{"floor":5,"key":"Bottled Flame"},{"floor":7,"key":"Gremlin Horn"},{"floor":9,"key":"Lantern"},{"floor":11,"key":"Tiny Chest"},{"floor":13,"key":"Bag of Preparation"},{"floor":19,"key":"Enchiridion"},{"floor":21,"key":"Red Mask"},{"floor":23,"key":"Toy Ornithopter"},{"floor":25,"key":"War Paint"},{"floor":26,"key":"MawBank"},{"floor":27,"key":"Eternal Feather"},{"floor":30,"key":"The Courier"},{"floor":36,"key":"Dream Catcher"},{"floor":37,"key":"Sundial"},{"floor":40,"key":"Nunchaku"},{"floor":43,"key":"InkBottle"},{"floor":44,"key":"Du-Vu Doll"},{"floor":45,"key":"Juzu Bracelet"},{"floor":47,"key":"CaptainsWheel"}],"event_choices":[{"damage_healed":0,"gold_gain":0,"player_choice":"Leave","damage_taken":0,"max_hp_gain":0,"max_hp_loss":0,"event_name":"FaceTrader","floor":2,"gold_loss":0},{"damage_healed":0,"gold_gain":0,"player_choice":"Obtained Book","damage_taken":21,"max_hp_gain":0,"max_hp_loss":0,"event_name":"Cursed Tome","floor":19,"gold_loss":0},{"damage_healed":0,"gold_gain":0,"player_choice":"Fought Bandits","damage_taken":0,"max_hp_gain":0,"max_hp_loss":0,"event_name":"Masked Bandits","floor":21,"gold_loss":0}],"is_beta":false,"boss_relics":[{"not_picked":["Philosopher\u0027s Stone","Busted Crown"],"picked":"Runic Dome"},{"not_picked":["Pandora\u0027s Box","SacredBark"],"picked":"Cursed Key"}],"items_purged_floors":[38],"is_endless":false,"potions_floor_spawned":[1,4,7,12,13,22,23,25,30,33,39,42,46,48],"ascension_level":18}}