{"host":"brlhu57vzmgrzvkq","time":1611120891,"event":{"mods":["AchievementEnabler","BaseMod","Colored Map","Downfall","Hermit","Minty Spire (QoL Compilation)","StSLib","SuperFastMode","The Cursed","The Servant 0.9.4"],"gold_per_floor":[115,129,145,145,220,220,235,265,304,205,224,67,67,93,93,193,243,253,116,116,128,141,141,141],"floor_reached":23,"language":"ENG","playtime":622,"items_purged":["Strike_G","Defend_G"],"score":231,"play_id":"a1cbb4c1-f545-46cb-a3a4-221b6d37fd2d","local_time":"20210119223451","is_ascension_mode":true,"campfire_choices":[{"data":"Blade Dance","floor":6,"key":"SMITH"},{"floor":15,"key":"REST"}],"circlet_count":0,"master_deck":["Strike_G","Strike_G","Strike_G","Defend_G","Defend_G","Defend_G","Defend_G","Survivor","Neutralize+1","Sucker Punch","Blade Dance+1","Blade Dance+1","Night Terror","Noxious Fumes","Backflip","Blade Dance","Phantasmal Killer","Leg Sweep","Accuracy","Well Laid Plans"],"relics":["Ring of the Snake","MawBank","Bronze Scales","Ancient Tea Set","Juzu Bracelet","Centennial Puzzle","Tiny House"],"acts_visited":["Exordium","TheCity"],"potions_floor_usage":[8,8,14,16,18,22],"damage_taken":[{"damage":0,"enemies":"Small Slimes","floor":1,"turns":4},{"damage":0,"enemies":"Jaw Worm","floor":2,"turns":6},{"damage":0,"enemies":"2 Louse","floor":3,"turns":3},{"damage":4,"enemies":"Blue Slaver","floor":7,"turns":3},{"damage":17,"enemies":"Lagavulin","floor":8,"turns":5},{"damage":9,"enemies":"Exordium Thugs","floor":11,"turns":4},{"damage":10,"enemies":"3 Sentries","floor":14,"turns":8},{"damage":13,"enemies":"Hexaghost","floor":16,"turns":6},{"damage":13,"enemies":"Shell Parasite","floor":18,"turns":4},{"damage":6,"enemies":"3 Byrds","floor":21,"turns":2},{"damage":25,"enemies":"Snecko","floor":22,"turns":5},{"damage":32,"enemies":"Slavers","floor":23,"turns":2}],"seed_played":"-6840704411475531850","potions_obtained":[{"floor":2,"key":"Regen Potion"},{"floor":3,"key":"FearPotion"},{"floor":8,"key":"Strength Potion"},{"floor":11,"key":"SpeedPotion"},{"floor":16,"key":"Fire Potion"},{"floor":17,"key":"Guardian:BlockOnCardUsePotion"},{"floor":21,"key":"Block Potion"}],"is_trial":false,"path_per_floor":["M","M","M","?","?","R","M","E","T","$","M","$","?","E","R","B",null,"M","$","?","M","M","E"],"character_chosen":"THE_SILENT","items_purchased":["Noxious Fumes","Ancient Tea Set","Well Laid Plans"],"campfire_rested":1,"item_purchase_floors":[10,12,19],"current_hp_per_floor":[70,70,70,70,59,59,55,50,50,50,41,41,16,6,27,14,75,62,62,62,56,31,0,0],"gold":141,"neow_bonus":"REMOVE_CARD","is_daily":false,"chose_seed":false,"campfire_upgraded":1,"win_rate":0.0,"timestamp":1611120891,"path_taken":["M","M","M","?","?","R","M","E","T","$","M","$","?","E","R","BOSS","M","$","?","M","M","E"],"items_purchased_type":["Card","Relic","Card"],"build_version":"2020-12-22","purchased_purges":2,"victory":false,"max_hp_per_floor":[70,70,70,70,70,70,70,70,70,70,70,70,70,70,70,70,75,75,75,75,75,75,75,75],"card_choices":[{"not_picked":["Outmaneuver","Acrobatics"],"picked":"Sucker Punch","floor":1},{"not_picked":["Prepared","Deflect"],"picked":"Blade Dance","floor":2},{"not_picked":["Underhanded Strike","Outmaneuver"],"picked":"Blade Dance","floor":3},{"not_picked":["Poisoned Stab","Crippling Poison","Masterful Stab"],"picked":"SKIP","floor":7},{"not_picked":["Acrobatics","Dagger Throw"],"picked":"Night Terror","floor":8},{"not_picked":["Reflex","Deadly Poison"],"picked":"Backflip","floor":11},{"not_picked":["All Out Attack","Night Terror"],"picked":"Blade Dance","floor":14},{"not_picked":["Envenom","Unload"],"picked":"Phantasmal Killer","floor":16},{"not_picked":["Acrobatics","Backflip"],"picked":"Leg Sweep","floor":17},{"not_picked":["Distraction+1","PiercingWail"],"picked":"Accuracy","floor":18},{"not_picked":["Catalyst","Acrobatics","Sucker Punch"],"picked":"SKIP","floor":21},{"not_picked":["Sucker Punch","Outmaneuver","Tactician+1"],"picked":"SKIP","floor":22}],"player_experience":85007,"relics_obtained":[{"floor":8,"key":"MawBank"},{"floor":9,"key":"Bronze Scales"},{"floor":14,"key":"Centennial Puzzle"}],"event_choices":[{"damage_healed":0,"gold_gain":0,"player_choice":"Grow","damage_taken":0,"max_hp_gain":0,"max_hp_loss":0,"event_name":"Living Wall","floor":4,"gold_loss":0,"cards_upgraded":["Neutralize"]},{"damage_healed":0,"gold_gain":75,"player_choice":"Gather Gold","damage_taken":11,"max_hp_gain":0,"max_hp_loss":0,"event_name":"World of Goop","floor":5,"gold_loss":0},{"damage_healed":0,"gold_gain":0,"player_choice":"Success","damage_taken":25,"relics_obtained":["Juzu Bracelet"],"max_hp_gain":0,"max_hp_loss":0,"event_name":"Scrap Ooze","floor":13,"gold_loss":0},{"damage_healed":0,"gold_gain":0,"player_choice":"Ignored","damage_taken":0,"max_hp_gain":0,"max_hp_loss":0,"event_name":"Vampires","floor":20,"gold_loss":0}],"is_beta":false,"boss_relics":[{"not_picked":["Runic Pyramid","Pandora\u0027s Box"],"picked":"Tiny House"}],"items_purged_floors":[10,19],"is_endless":false,"potions_floor_spawned":[2,3,8,11,16,21],"killed_by":"Slavers","ascension_level":3}}