{"host":"0iuhrgzkozzv273x","time":1611104140,"event":{"mods":["2.2 Compatiblity","Astrologer","BaseMod","ChefMod","Colored Map","Curses Come First","Downfall","Hermit","Jorbs\u0027s Wanderer Trilogy","Key Reminder","Minty Spire (QoL Compilation)","Robot Space Explorer","Shade Mod","Spire Arcade","StSLib","The Construct","The Cursed","The Disciple","The Hayseed","The Runesmith","The Showman","TheFirefly","Unceasing Turn Reminder","Wandering Minibosses","thorton"],"gold_per_floor":[115,132,142,154,254,254,108,138,220,65,77,110,110,128,128,223,223,243,158,177,202,202,202,236,81,156,166,166,166,201,216,216,314,314,326,326,226,226,240,269,269,286,311,61,61,95,106,120,120,120,120,120,21,54,54,54],"floor_reached":55,"language":"ENG","playtime":5952,"items_purged":["chefmod:Strike","Writhe"],"score":1125,"play_id":"88451a86-0ffb-4041-ac67-8606a67a29a5","local_time":"20210119195540","is_ascension_mode":true,"campfire_choices":[{"data":"chefmod:TodaysSpecial","floor":6.0,"key":"SMITH"},{"data":"chefmod:QuickThaw","floor":13.0,"key":"SMITH"},{"floor":15.0,"key":"DIG"},{"floor":23.0,"key":"DIG"},{"data":"chefmod:GroceryDelivery","floor":28.0,"key":"SMITH"},{"floor":32.0,"key":"DIG"},{"floor":41.0,"key":"RECALL"},{"data":"chefmod:TwoForOne","floor":49.0,"key":"SMITH"},{"floor":52.0,"key":"DIG"}],"circlet_count":0,"master_deck":["chefmod:Strike","chefmod:Strike","chefmod:Strike+1","chefmod:QuickThaw+1","chefmod:Defend","chefmod:Defend","chefmod:Defend","chefmod:Defend","chefmod:TodaysSpecial+1","chefmod:FrozenTuna+1","chefmod:GroceryDelivery+1","chefmod:Gelato","chefmod:FreshProduce","chefmod:OldCookbook","chefmod:BleedOut","chefmod:Ratatouille","chefmod:TastyDistraction","chefmod:TwoForOne+1","chefmod:AlooGobi+1","chefmod:SaveForLater+1"],"relics":["chefmod:TrustyPot","Shovel","Matryoshka","Chemical X","Dream Catcher","Meat on the Bone","sneckomod:SneckoTalon","Pear","Orichalcum","Oddly Smooth Stone","Unceasing Top","Kunai","PreservedInsect","Potion Belt","Question Card","Anchor","Art of War","Tiny Chest","SacredBark","Whetstone","Ancient Tea Set","Shuriken","Turnip","Bottled Tornado","Gremlin Horn"],"acts_visited":["Exordium","TheCity","TheBeyond","TheEnding"],"potions_floor_usage":[55,55,55,55,55,55,55,55,55],"damage_taken":[{"damage":0.0,"enemies":"Cultist","floor":1.0,"turns":2.0},{"damage":0.0,"enemies":"Small Slimes","floor":2.0,"turns":2.0},{"damage":0.0,"enemies":"2 Louse","floor":3.0,"turns":3.0},{"damage":9.0,"enemies":"Exordium Thugs","floor":4.0,"turns":3.0},{"damage":8.0,"enemies":"Gremlin Nob","floor":8.0,"turns":3.0},{"damage":0.0,"enemies":"2 Fungi Beasts","floor":11.0,"turns":3.0},{"damage":11.0,"enemies":"3 Sentries","floor":12.0,"turns":4.0},{"damage":4.0,"enemies":"Large Slime","floor":14.0,"turns":4.0},{"damage":13.0,"enemies":"Slime Boss","floor":16.0,"turns":9.0},{"damage":0.0,"enemies":"Spheric Guardian","floor":18.0,"turns":3.0},{"damage":7.0,"enemies":"Shell Parasite","floor":20.0,"turns":9.0},{"damage":0.0,"enemies":"Book of Stabbing","floor":24.0,"turns":6.0},{"damage":0.0,"enemies":"Cultist and Chosen","floor":27.0,"turns":7.0},{"damage":19.0,"enemies":"Slavers","floor":30.0,"turns":5.0},{"damage":0.0,"enemies":"Centurion and Healer","floor":31.0,"turns":4.0},{"damage":0.0,"enemies":"Automaton","floor":33.0,"turns":12.0},{"damage":0.0,"enemies":"Orb Walker","floor":35.0,"turns":5.0},{"damage":0.0,"enemies":"3 Shapes","floor":39.0,"turns":7.0},{"damage":6.0,"enemies":"Giant Head","floor":40.0,"turns":13.0},{"damage":0.0,"enemies":"Writhing Mass","floor":42.0,"turns":11.0},{"damage":0.0,"enemies":"Reptomancer","floor":46.0,"turns":5.0},{"damage":12.0,"enemies":"3 Darklings","floor":47.0,"turns":10.0},{"damage":0.0,"enemies":"4 Shapes","floor":48.0,"turns":1.0},{"damage":69.0,"enemies":"Donu and Deca","floor":50.0,"turns":12.0},{"damage":33.0,"enemies":"Shield and Spear","floor":54.0,"turns":6.0},{"damage":70,"enemies":"The Heart","floor":55,"turns":9}],"seed_played":"8554840532603110489","potions_obtained":[{"floor":1.0,"key":"LiquidMemories"},{"floor":2.0,"key":"DistilledChaos"},{"floor":4.0,"key":"BlessingOfTheForge"},{"floor":12.0,"key":"Energy Potion"},{"floor":27.0,"key":"Regen Potion"},{"floor":30.0,"key":"SkillPotion"},{"floor":31.0,"key":"FearPotion"},{"floor":33.0,"key":"chefmod:PotionOfPlenty"},{"floor":35.0,"key":"FearPotion"},{"floor":39.0,"key":"AttackPotion"},{"floor":47.0,"key":"AttackPotion"},{"floor":54.0,"key":"Weak Potion"}],"is_trial":false,"path_per_floor":["M","M","M","M","?","R","$","E","T","$","M","E","R","M","R","B",null,"M","?","M","T","?","R","E","$","T","M","R","?","E","M","R","B",null,"M","?","$","?","M","E","R","M","T","$","T","E","M","M","R","B",null,"R","$","E","B"],"character_chosen":"THE_CHEF","items_purchased":["chefmod:FreshProduce","Chemical X","PreservedInsect","Fruit Juice","Ancient Tea Set","EntropicBrew"],"campfire_rested":0,"item_purchase_floors":[7,10,25,44,44,53],"current_hp_per_floor":[76,76,76,67,67,67,67,59,59,59,59,48,48,44,44,43,76,76,86,79,79,79,79,79,79,79,79,79,79,74,74,74,74,86,86,86,86,86,86,80,80,80,80,90,90,90,78,78,78,21,96,96,96,67,0,0],"gold":54,"neow_bonus":"ONE_RANDOM_RARE_CARD","is_daily":false,"chose_seed":false,"campfire_upgraded":4,"win_rate":0.0,"timestamp":1611104140,"path_taken":["M","?","M","M","?","R","?","E","T","$","M","E","R","M","R","BOSS","M","?","M","?","?","R","E","$","T","M","R","?","E","M","R","BOSS","M","?","$","?","M","E","R","M","T","?","?","E","?","M","R","BOSS","R","$","E","BOSS"],"items_purchased_type":["Card","Relic","Relic","Potion","Relic","Potion"],"build_version":"2020-12-22","purchased_purges":2,"victory":false,"max_hp_per_floor":[76,76,76,76,76,76,76,76,76,76,76,76,76,76,76,76,76,76,86,86,86,86,86,86,86,86,86,86,86,86,86,86,86,86,86,86,86,86,86,86,86,86,86,96,96,96,96,96,96,96,96,96,96,96,96,96],"card_choices":[{"not_picked":["chefmod:Fillet","chefmod:LiquidNitrogen"],"picked":"chefmod:HotSoup","floor":1.0},{"not_picked":["chefmod:Granita","chefmod:Fillet"],"picked":"chefmod:GroceryDelivery","floor":2.0},{"not_picked":["chefmod:CleanHouse","chefmod:ZaruSoba","chefmod:Fillet"],"picked":"SKIP","floor":3.0},{"not_picked":["chefmod:IcePick","chefmod:FryPan"],"picked":"chefmod:Gelato","floor":4.0},{"not_picked":["chefmod:Chop","chefmod:Leftovers"],"picked":"chefmod:OldCookbook","floor":8.0},{"not_picked":["chefmod:SaveForLater","chefmod:SliceAndDice"],"picked":"chefmod:BleedOut","floor":11.0},{"not_picked":["chefmod:ZaruSoba","chefmod:QuickChop"],"picked":"chefmod:Ratatouille","floor":12.0},{"not_picked":["chefmod:ColdSteel","chefmod:Granita","chefmod:FreezerBurn"],"picked":"SKIP","floor":14.0},{"not_picked":["chefmod:CapreseSalad","chefmod:RisingDough"],"picked":"chefmod:TastyDistraction","floor":16.0},{"not_picked":["chefmod:AllYouCanEat+1","chefmod:Granita","chefmod:FryPan"],"picked":"SKIP","floor":18.0},{"not_picked":["chefmod:FryPan","chefmod:Fillet+1","chefmod:Omelette"],"picked":"SKIP","floor":20.0},{"not_picked":["chefmod:Gelato","chefmod:Tenderizer","chefmod:Cleavers"],"picked":"SKIP","floor":24.0},{"not_picked":["chefmod:Granita","chefmod:IcePick+1","chefmod:BaoBuns","chefmod:FreshProduce"],"picked":"SKIP","floor":27.0},{"not_picked":["chefmod:FarmersMarket","chefmod:LocoMoco+1","chefmod:Ratatouille+1","chefmod:IceCreamCone"],"picked":"SKIP","floor":30.0},{"not_picked":["chefmod:Gelato+1","chefmod:HotSoup+1","chefmod:FryPan","chefmod:Granita"],"picked":"SKIP","floor":31.0},{"not_picked":["chefmod:CapreseSalad","chefmod:FullCourseMeal","chefmod:PrepCook"],"picked":"chefmod:TwoForOne","floor":33.0},{"not_picked":["chefmod:HotSoup+1","chefmod:TonkotsuRamen+1","chefmod:SearedScallops"],"picked":"chefmod:AlooGobi+1","floor":35.0},{"not_picked":["chefmod:ZaruSoba","chefmod:AlooGobi","chefmod:Julienne+1","chefmod:DinoKale"],"picked":"SKIP","floor":39.0},{"not_picked":["chefmod:Gelato+1","chefmod:ZaruSoba","chefmod:BaoBuns+1","chefmod:FireUp+1"],"picked":"SKIP","floor":40.0},{"not_picked":["chefmod:Gelato+1","chefmod:RaidPantry","chefmod:DinoKale","chefmod:MonsterBait+1"],"picked":"SKIP","floor":42.0},{"not_picked":["chefmod:FryPan","chefmod:Escargot","chefmod:PotatoGratin"],"picked":"chefmod:SaveForLater+1","floor":46.0},{"not_picked":["chefmod:ZaruSoba","chefmod:Chop+1","chefmod:PrepCook","chefmod:Ratatouille"],"picked":"SKIP","floor":47.0},{"not_picked":["chefmod:ColdSteel","chefmod:CayenneCloud","chefmod:DoubleChop","chefmod:Granita"],"picked":"SKIP","floor":48.0},{"not_picked":["chefmod:Flambe+1","chefmod:Sorbet+1","chefmod:AllYouCanEat+1","chefmod:FryPan+1"],"picked":"SKIP","floor":54.0}],"player_experience":1460638,"relics_obtained":[{"floor":8.0,"key":"Shovel"},{"floor":9.0,"key":"Matryoshka"},{"floor":12.0,"key":"Dream Catcher"},{"floor":15.0,"key":"Meat on the Bone"},{"floor":21.0,"key":"Orichalcum"},{"floor":21.0,"key":"Oddly Smooth Stone"},{"floor":23.0,"key":"Unceasing Top"},{"floor":24.0,"key":"Kunai"},{"floor":26.0,"key":"Potion Belt"},{"floor":26.0,"key":"Question Card"},{"floor":30.0,"key":"Art of War"},{"floor":32.0,"key":"Tiny Chest"},{"floor":40.0,"key":"Whetstone"},{"floor":45.0,"key":"Shuriken"},{"floor":46.0,"key":"Turnip"},{"floor":52.0,"key":"Bottled Tornado"},{"floor":54.0,"key":"Gremlin Horn"}],"event_choices":[{"damage_healed":0.0,"max_hp_gain":0.0,"max_hp_loss":0.0,"gold_gain":100.0,"event_name":"Golden Shrine","player_choice":"Pray","floor":5.0,"gold_loss":0.0,"damage_taken":0.0},{"damage_healed":0.0,"max_hp_gain":0.0,"max_hp_loss":0.0,"gold_gain":0.0,"event_name":"Addict","player_choice":"Obtained Relic","floor":19.0,"gold_loss":85.0,"damage_taken":0.0,"relics_obtained":["Pear"]},{"damage_healed":0.0,"max_hp_gain":0.0,"max_hp_loss":0.0,"gold_gain":0.0,"event_name":"Vampires","player_choice":"Ignored","floor":22.0,"gold_loss":0.0,"damage_taken":0.0},{"damage_healed":0.0,"max_hp_gain":0.0,"max_hp_loss":0.0,"gold_gain":0.0,"event_name":"The Mausoleum","player_choice":"Opened","floor":29.0,"gold_loss":0.0,"damage_taken":0.0,"relics_obtained":["Anchor"],"cards_obtained":["Writhe"]},{"cards_removed":["chefmod:HotSoup"],"damage_healed":0.0,"max_hp_gain":0.0,"max_hp_loss":0.0,"gold_gain":0.0,"event_name":"Falling","player_choice":"Removed Attack","floor":38.0,"gold_loss":0.0,"damage_taken":0.0}],"is_beta":false,"boss_relics":[{"not_picked":["Cursed Key","Runic Dome"],"picked":"sneckomod:SneckoTalon"},{"not_picked":["Fusion Hammer","Sozu"],"picked":"SacredBark"}],"items_purged_floors":[7,37],"is_endless":false,"potions_floor_spawned":[1,2,4,12,16,27,30,31,33,35,39,47,54],"killed_by":"The Heart","ascension_level":4}}