{"host":"746m694if73h3gai","time":1611141204,"event":{"mods":["2.2 Compatiblity","AchievementEnabler","Act Like it!","BaseMod","Colored Map","Colored Powertips","Minty Spire (QoL Compilation)","Quick Restart","Rare Cards Sparkle","Relic Stats","Replay The Spire","StSLib","Wandering Minibosses","everything is the same but u backflip on backflip","slay the spire mod where everything is the same but ironclad has a cowboy hat"],"gold_per_floor":[114,64,113,188,198,226,226,243,243,258,258,277,43,75,75,178,178,196,53,0,19,30,30,48,48,48,48,48,48,48,48,48],"floor_reached":31,"language":"ENG","playtime":1344,"items_purged":["Survivor"],"score":337,"play_id":"9cf532dd-6cfe-4f18-bbd5-81ec8f602c92","local_time":"20210120121324","is_ascension_mode":true,"campfire_choices":[{"data":"Noxious Fumes","floor":7,"key":"SMITH"},{"data":"ReplayTheSpireMod:Speed Training","floor":11,"key":"SMITH"},{"floor":15,"key":"DIG"},{"floor":23,"key":"REST"},{"data":"Cloak And Dagger","floor":25,"key":"SMITH"},{"floor":30,"key":"REST"}],"circlet_count":0,"master_deck":["Strike_G","Strike_G","Strike_G","Defend_G+1","Defend_G+1","Defend_G+1","Defend_G+1","Defend_G+1","Neutralize","Infinite Blades","ReplayTheSpireMod:Speed Training+1","Noxious Fumes+1","Cloak And Dagger+1","Well Laid Plans","Blade Dance","Blur","Blade Dance","Cloak And Dagger","Slice","Escape Plan","Deflect","Outmaneuver","Dodge and Roll","Necronomicurse"],"relics":["Ring of the Snake","NeowsBlessing","Replay:Rubber Ducky","Divine Protection","Replay:Bottled Eggs","White Beast Statue","Nunchaku","Replay:Drink Me","Mirror","Necronomicon"],"acts_visited":["Exordium","TheCity"],"potions_floor_usage":[14,16,22,31],"damage_taken":[{"damage":0,"enemies":"2 Louse","floor":1,"turns":1},{"damage":0,"enemies":"Jaw Worm","floor":5,"turns":1},{"damage":0,"enemies":"Replay:BlueRogue","floor":6,"turns":1},{"damage":0,"enemies":"Cultist","floor":8,"turns":4},{"damage":0,"enemies":"3 Louse","floor":10,"turns":3},{"damage":0,"enemies":"2 Fungi Beasts","floor":12,"turns":5},{"damage":0,"enemies":"Gremlin Nob","floor":14,"turns":4},{"damage":22,"enemies":"The Guardian","floor":16,"turns":9},{"damage":29,"enemies":"Chosen","floor":18,"turns":6},{"damage":0,"enemies":"2 Thieves","floor":21,"turns":4},{"damage":10,"enemies":"Cultist and Chosen","floor":22,"turns":7},{"damage":0,"enemies":"Snake Plant","floor":24,"turns":7},{"damage":29,"enemies":"Gremlin Leader","floor":31,"turns":4}],"seed_played":"-4706537390810986182","potions_obtained":[{"floor":3,"key":"PowerPotion"},{"floor":5,"key":"DuplicationPotion"},{"floor":8,"key":"Swift Potion"},{"floor":16,"key":"ColorlessPotion"},{"floor":18,"key":"Poison Potion"},{"floor":21,"key":"Languid Potion"},{"floor":22,"key":"Strength Potion"}],"is_trial":false,"path_per_floor":["M","?","?","?","M","E","R","M","T","M","R","M","$","E","R_BF","B",null,"M","$","$","M","M","R","M","R","T","?","?","?","R","E"],"character_chosen":"THE_SILENT","items_purchased":["Well Laid Plans","Blade Dance","Blur","Cloak And Dagger","Slice","Escape Plan","Deflect"],"campfire_rested":2,"item_purchase_floors":[13,13,13,19,19,19,20],"current_hp_per_floor":[70,70,53,42,42,42,42,42,42,42,42,42,42,42,42,20,53,24,24,24,24,14,29,29,29,29,13,13,13,28,0,0],"gold":48,"neow_bonus":"THREE_ENEMY_KILL","is_daily":false,"chose_seed":false,"campfire_upgraded":3,"win_rate":0.0,"timestamp":1611141204,"path_taken":["M","?","?","?","M","E","R","?","T","M","R","M","$","E","R_BF","BOSS","M","?","$","M","M","R","M","R","T","?","?","?","R","E"],"items_purchased_type":["Card","Card","Card","Card","Card","Card","Card"],"build_version":"2020-12-22","purchased_purges":1,"victory":false,"max_hp_per_floor":[70,70,70,70,70,70,70,70,70,70,70,70,70,70,70,70,53,53,53,53,53,53,53,53,53,53,53,53,53,53,53,53],"relic_stats":{"Nunchaku":[13],"counters":[13,56],"Necronomicon":[0],"obtain_stats":[{"Divine Protection":6,"Nunchaku":15,"NeowsBlessing":0,"Necronomicon":27,"Replay:Bottled Eggs":9,"Replay:Drink Me":17,"Mirror":26,"White Beast Statue":14,"Ring of the Snake":0,"Replay:Rubber Ducky":3},{"Divine Protection":3,"Nunchaku":7,"NeowsBlessing":0,"Necronomicon":12,"Replay:Bottled Eggs":4,"Replay:Drink Me":8,"Mirror":12,"White Beast Statue":7,"Ring of the Snake":0,"Replay:Rubber Ducky":1},{"Divine Protection":3,"Nunchaku":19,"NeowsBlessing":0,"Necronomicon":52,"Replay:Bottled Eggs":7,"Replay:Drink Me":28,"Mirror":52,"White Beast Statue":19,"Ring of the Snake":0,"Replay:Rubber Ducky":1}],"Ring of the Snake":[26]},"card_choices":[{"not_picked":["Dodge and Roll","Flying Knee","Quick Slash"],"picked":"SKIP","floor":1},{"not_picked":["Outmaneuver","Acrobatics"],"picked":"Infinite Blades","floor":3},{"not_picked":["Cloak And Dagger","Slice"],"picked":"Leg Sweep","floor":3},{"not_picked":["Bouncing Flask","All Out Attack"],"picked":"ReplayTheSpireMod:Speed Training","floor":5},{"not_picked":["Prepared","Dodge and Roll"],"picked":"Noxious Fumes","floor":6},{"not_picked":["ReplayTheSpireMod:Exploit Weakness","Concentrate","Calculated Gamble"],"picked":"SKIP","floor":8},{"not_picked":["Riddle With Holes","Calculated Gamble","Underhanded Strike"],"picked":"SKIP","floor":10},{"not_picked":["Outmaneuver","Underhanded Strike"],"picked":"Cloak And Dagger","floor":12},{"not_picked":["Bane","Distraction"],"picked":"Blade Dance","floor":14},{"not_picked":["Night Terror","Grand Finale"],"picked":"Wraith Form v2","floor":16},{"not_picked":["Predator","Blur+1","Toxin Wave+1"],"picked":"SKIP","floor":18},{"not_picked":["Prepared","Slice"],"picked":"Outmaneuver","floor":21},{"not_picked":["Sneak Up","Outmaneuver","Noxious Fumes"],"picked":"SKIP","floor":22},{"not_picked":["Toxin Wave","Backflip"],"picked":"Dodge and Roll","floor":24}],"player_experience":72587,"relics_obtained":[{"floor":3,"key":"Replay:Rubber Ducky"},{"floor":6,"key":"Divine Protection"},{"floor":9,"key":"Replay:Bottled Eggs"},{"floor":14,"key":"White Beast Statue"},{"floor":15,"key":"Nunchaku"},{"floor":26,"key":"Mirror"},{"floor":27,"key":"Necronomicon"}],"event_choices":[{"cards_removed":["Strike_G"],"damage_healed":0,"gold_gain":0,"player_choice":"Card Removal","damage_taken":0,"max_hp_gain":0,"max_hp_loss":0,"event_name":"The Cleric","floor":2,"gold_loss":50},{"damage_healed":0,"gold_gain":75,"player_choice":"Gather Gold","damage_taken":11,"max_hp_gain":0,"max_hp_loss":0,"event_name":"World of Goop","floor":4,"gold_loss":0},{"damage_healed":0,"gold_gain":0,"player_choice":"Obtained Book","damage_taken":16,"max_hp_gain":0,"max_hp_loss":0,"event_name":"Cursed Tome","floor":27,"gold_loss":0},{"damage_healed":0,"gold_gain":0,"player_choice":"Ignored","damage_taken":0,"max_hp_gain":0,"max_hp_loss":0,"event_name":"Vampires","floor":29,"gold_loss":0}],"is_beta":false,"boss_relics":[{"not_picked":["Painkiller Herb","Cursed Key"],"picked":"Replay:Drink Me"}],"items_purged_floors":[13],"is_endless":false,"potions_floor_spawned":[5,8,12,16,18,21,22,24],"killed_by":"Gremlin Leader","ascension_level":3}}