{"host":"qkbnayyek6fga752","time":1611118059,"event":{"mods":["2.2 Compatiblity","Aspiration","Astrologer","Bard","BaseMod","Beaked The Cultist","Better Altar","Better Match","Better Note","Better Sensory Stone","Better Skull","Better Third Choice","CCEM","CapriCore","ChefMod","Clockwork Mod","Conspire","Ekko","Energized Spire","Evolution","Glutton Mod","Hermit","HololiveMod","Hubris","Humility","Jedi Mod","Koishi","Mad Scientist","Marisa????????","Minty Spire (QoL Compilation)","Quarter Circle Forward PUNCH!","Random Character Mod","Replay The Spire","Robot Space Explorer","SIMod","Spicy Shops","Spire Arcade","StSLib","The Administrix","The Alterego","The Blackbeard","The Blue Laboratory","The Bug Knight","The Construct","The Cursed","The Death Knight","The Disciple","The Druid","The Edgeheg","The Exalted","The Forsaken","The Gatherer","The Hayseed","The Hierophant","The Immortal","The Marked","The Mystic","The Necromancer","The Problem Sleuth","The Runesmith","The Sage","The Senshi","The Vixen","TheBandit","TheFirefly","TheLocksmith","TheSwordswoman","TheVacant","Trackpad","Wandering Minibosses","Yuri Mod","thorton","vexMod","??????REMEMod"],"gold_per_floor":[113,125,165,185,59,93,105,149,185,197,241,239,268,313,325,440,452,493,505,547,601,645,657,723,735,747,821,378,445,445,513,513,647,647,694,359,383,343,387,446,446,491,491,491,543,599,669,737,737,759],"floor_reached":51,"language":"ENG","playtime":4857,"items_purged":[],"score":1298,"play_id":"db81e844-cb31-4aaa-ba8c-aae2a83b7c56","local_time":"20210119234739","daily_mods":["SealedDeck","Heirloom","DeadlyEvents","Elite Swarm","Uncertain Future"],"is_ascension_mode":false,"campfire_choices":[{"data":"thethorton:Fish","floor":10.0,"key":"SMITH"},{"data":"thethorton:DownPayment","floor":23.0,"key":"SMITH"},{"data":"thethorton:Fish","floor":30.0,"key":"SMITH"},{"floor":32.0,"key":"REST"},{"data":"wariomod:BoomBoom","floor":41,"key":"SMITH"},{"floor":44,"key":"REST"},{"data":"thethorton:FeelNoBrain","floor":49,"key":"SMITH"}],"circlet_count":1,"master_deck":["thethorton:FearfulRun","thethorton:CannonShot","thethorton:CannonShot","thethorton:Investment","thethorton:DownPayment+1","thethorton:DownPayment","thethorton:MomentaryBreak","thethorton:PocketChange","thethorton:LongTermPayoff","thethorton:BusinessCard","alterego_mod:Lift","thethorton:Rebalance","thethorton:PocketChange","thethorton:BusinessBoom","thethorton:BusinessCard","thethorton:OddChange","thethorton:CardboardBox","thethorton:Fish+1","Bromod:ConditionOverload","thethorton:DesperateRun","thethorton:PennyToss","Juggernaut","wariomod:BoomBoom+1","thethorton:CannonShot+1","thethorton:Investment+1","thethorton:Rebalance","thethorton:Fatigue","thethorton:Octopus","thethorton:CardboardBox","thethorton:BusinessCard","Vault+1","thethorton:Fish+1","Buffer","ReplayRNGCard","REME_ShadowForm","thethorton:ScalingIsWin","ReplayTheSpireMod:Scrap Shanks","thethorton:ScalingIsWin","thethorton:ToxicGreed","REME_Flogging","alterego_mod:Antipathy","thethorton:CowardiceForm","thethorton:TemporalBlast","thethorton:CardboardBox","thethorton:Portfolio","thethorton:LongTermPayoff","thethorton:OddChange","thethorton:BusinessCard+1","thethorton:CoffeeBlast","thethorton:Siphon","thethorton:FeelNoBrain+1","thethorton:CannonShot+1"],"relics":["thethorton:CouragePotion","EVO:Axolotl","REME_ComplimentaryCards","jedi:firstaidkit","aspiration:ArtOfWarUpgrade","StrikeDummy","trackpad:PetRock","MawBank","Potion Belt","Bag of Marbles","DeathKnight:PutricidesVial","CCEMRelics:WarHorn","HollowMod:LifeEnderRelic","CCEMRelics:OldTooth","qcfpunch:Wild_Herbs_Ointment","Runic Dome","qcfpunch:Broken_Tusk","Replay:Accelerometer","CeramicFish","Bromod:ArcanePistoleer","Pocketwatch","Bromod:ArcaneGuardian","vexMod:HeadHunter","Boot","jedi:cryingmask","Runesmith:Locket","qcfpunch:School_Backpack","conspire:DeflatedDodgeball","REME_HourglassOfDeath","jedi:windupbox","Kunai","hubris:FunFungus","qcfpunch:Red_Headband","REME_IWantAll","Circlet","HollowMod:PaleOreRelic","theSenshi:FeatherClipsRelic","Prayer Wheel","CCEMRelics:SpiritsEdge","Painkiller Herb","Pen Nib","TheSimpletonMod:WoodChipper","PreservedInsect","Pet Ghost","aspiration:VileToxins","Replay:PocketPolymizer","hubris:MedicalManual","Bromod:ArcaneConsequence","CCEMRelics:OrganicArmor","aspiration:EmptySkull","Kunai","conspire:DecoderRing","Eternal Feather","CCEMRelics:Barrel","Gremlin Food","hubris:PeanutButter","hubris:Potato","Gambling Chip","thethorton:StoneOfSprinting","Bag of Preparation","vexMod:InvisibilityCloak","InkBottle","conspire:Boomerang","vexMod:ConsolationPrize"],"acts_visited":["Exordium","TheCity","TheBeyond"],"potions_floor_usage":[50,50,50,50,50],"damage_taken":[{"damage":3.0,"enemies":"Cultist","floor":1.0,"turns":4.0},{"damage":9.0,"enemies":"Small Slimes","floor":2.0,"turns":6.0},{"damage":55.0,"enemies":"conspire:MimicChest","floor":3.0,"turns":10.0},{"damage":24.0,"enemies":"2 Louse","floor":4.0,"turns":8.0},{"damage":87.0,"enemies":"3 Sentries","floor":6.0,"turns":11.0},{"damage":13.0,"enemies":"HollowMod:MossKnight","floor":8.0,"turns":10.0},{"damage":74.0,"enemies":"3 Sentries","floor":11.0,"turns":12.0},{"damage":30.0,"enemies":"Exordium Thugs","floor":12.0,"turns":5.0},{"damage":32.0,"enemies":"Large Slime","floor":13.0,"turns":7.0},{"damage":10.0,"enemies":"Replay:BlueRogue","floor":14.0,"turns":7.0},{"damage":41.0,"enemies":"The Guardian","floor":16.0,"turns":5.0},{"damage":44.0,"enemies":"3 Byrds","floor":18.0,"turns":5.0},{"damage":26.0,"enemies":"conspire:HollyBat","floor":20.0,"turns":7.0},{"damage":68.0,"enemies":"Chosen and Byrds","floor":21.0,"turns":7.0},{"damage":56.0,"enemies":"Shelled Parasite and Fungi","floor":22.0,"turns":8.0},{"damage":36.0,"enemies":"HollowMod:Nosk","floor":24.0,"turns":11.0},{"damage":42.0,"enemies":"Book of Stabbing","floor":27.0,"turns":6.0},{"damage":32.0,"enemies":"Replay:Snechameleon","floor":29.0,"turns":6.0},{"damage":17.0,"enemies":"Book of Stabbing","floor":31.0,"turns":4.0},{"damage":33.0,"enemies":"Pondfish","floor":33.0,"turns":12.0},{"damage":9,"enemies":"3 Shapes","floor":35,"turns":6},{"damage":1,"enemies":"Orb Walker","floor":37,"turns":3},{"damage":0,"enemies":"Reptomancer","floor":39,"turns":5},{"damage":48,"enemies":"Nemesis","floor":40,"turns":5},{"damage":23,"enemies":"Reptomancer","floor":42,"turns":4},{"damage":16,"enemies":"Spire Growth","floor":45,"turns":3},{"damage":26,"enemies":"Writhing Mass","floor":46,"turns":6},{"damage":0,"enemies":"R_Hoarder","floor":47,"turns":4},{"damage":14,"enemies":"Maw","floor":48,"turns":7},{"damage":0,"enemies":"Awakened One","floor":50,"turns":9}],"seed_played":"-8952685694742169418","potions_obtained":[{"floor":3.0,"key":"DeathKnight:RimePotion"},{"floor":4.0,"key":"SteroidPotion"},{"floor":6.0,"key":"Weak Potion"},{"floor":11.0,"key":"blueLaboratory:SavagePotion"},{"floor":13.0,"key":"blueLaboratory:AbyssPotion"},{"floor":21.0,"key":"Weak Potion"},{"floor":27.0,"key":"construct:ShiftPotion"},{"floor":33.0,"key":"Explosive Potion"},{"floor":35,"key":"Adrenaline Potion"},{"floor":39,"key":"AttackPotion"}],"is_trial":true,"path_per_floor":["M","M","?","M","$","E","R","E","T","R","E","M","M","E","R","B",null,"M","?","M","M","M","R","E","?","T","E","$","E","R","E","R","B",null,"?","T","?","?","E","E","T","E","T","T","?","?","E","?","T","B",null],"character_chosen":"THE_THORT","items_purchased":["thethorton:BusinessCard","thethorton:OddChange","REME_HourglassOfDeath","jedi:windupbox","thethorton:BusinessCard","REME_Flogging","Pet Ghost"],"campfire_rested":2,"item_purchase_floors":[5,5,28,28,28,36,36],"current_hp_per_floor":[65,68,64,66,66,66,66,62,62,62,67,55,36,47,47,45,68,68,68,50,62,52,52,34,34,34,33,33,20,20,13,35,75,75,75,75,75,75,75,48,48,38,38,61,53,52,62,57,79,79],"gold":759,"neow_bonus":"","is_daily":false,"chose_seed":false,"campfire_upgraded":5,"win_rate":0.0,"timestamp":1611118059,"path_taken":["M","?","?","M","$","E","R","E","T","R","?","M","M","E","R","BOSS","M","?","M","M","M","R","E","?","T","E","$","E","R","?","R","BOSS","?","T","?","?","?","E","T","E","T","T","?","?","E","?","T","BOSS"],"items_purchased_type":["Card","Card","Relic","Relic","Card","Card","Relic"],"build_version":"2020-12-22","purchased_purges":0,"victory":true,"max_hp_per_floor":[68,68,68,68,68,68,68,68,68,68,68,68,68,68,68,68,68,68,68,68,68,68,68,72,72,72,72,72,72,72,75,75,75,75,75,75,75,75,75,79,79,79,79,79,79,79,79,79,79,79],"card_choices":[{"not_picked":["thethorton:DualBap","thethorton:Distance","thethorton:LongDaysWork"],"picked":"SKIP","floor":1.0},{"not_picked":["thethorton:TakeAccounts","thethorton:DownPayment"],"picked":"thethorton:Rebalance","floor":2.0},{"not_picked":["thethorton:ROI","thethorton:FocusStrength"],"picked":"thethorton:PocketChange","floor":3.0},{"not_picked":["thethorton:ROI","thethorton:ShoutAndRun"],"picked":"thethorton:BusinessBoom","floor":4.0},{"not_picked":["thethorton:YoureFired","thethorton:Jackpot"],"picked":"thethorton:CardboardBox","floor":6.0},{"not_picked":["thethorton:Jackpot","thethorton:TrueForm"],"picked":"thethorton:Fish","floor":8.0},{"not_picked":["thethorton:MidnightStrike","thethorton:TemporalBlast"],"picked":"thethorton:GoldenPetal","floor":11.0},{"not_picked":["SonicRainbow","blazmod:DawnflutterDance"],"picked":"Bromod:ConditionOverload","floor":12.0},{"not_picked":["thethorton:WhirlingBriefcase","thethorton:ShoutAndRun"],"picked":"thethorton:DesperateRun","floor":13.0},{"not_picked":["thethorton:CallShop","thethorton:EquivalentExchange"],"picked":"thethorton:GoldenPetal","floor":14.0},{"not_picked":["thethorton:Jackpot","thethorton:Fortune"],"picked":"thethorton:PennyToss","floor":16.0},{"not_picked":["Flay","HollowMod:VoidDash"],"picked":"Juggernaut","floor":18.0},{"not_picked":["thethorton:RunningFeint","thethorton:GoldBuffer"],"picked":"thethorton:CannonShot+1","floor":20.0},{"not_picked":["thethorton:Rebalance+1","thethorton:SheetShred+1"],"picked":"thethorton:Investment+1","floor":21.0},{"not_picked":["thethorton:PocketChange+1","thethorton:RichRun"],"picked":"thethorton:Rebalance","floor":22.0},{"not_picked":["thethorton:AdministrativeActions","thethorton:Demotion"],"picked":"thethorton:Fatigue","floor":24.0},{"not_picked":["thethorton:AdministrativeActions","thethorton:Fatigue"],"picked":"thethorton:Octopus","floor":27.0},{"not_picked":["thethorton:CompoundInterest","thethorton:YoureFired"],"picked":"thethorton:CardboardBox","floor":27.0},{"not_picked":["Blasphemy","SpiritShield"],"picked":"Vault","floor":29.0},{"not_picked":["thethorton:CallShop","thethorton:Fortune"],"picked":"thethorton:GoldenPetal","floor":29.0},{"not_picked":["thethorton:Fortune","thethorton:Fatigue"],"picked":"thethorton:Fish","floor":29.0},{"not_picked":["ReplayTheSpireMod:Fabricate Wheel","Buffer","ReplayRNGCard"],"picked":"Singing Bowl","floor":31.0},{"not_picked":["thethorton:CompoundInterest","thethorton:CrashingStocks","thethorton:Hexaghostify"],"picked":"SKIP","floor":31.0},{"not_picked":["Glutton:Fast","All For One","MadScienceMod:Liquify"],"picked":"SKIP","floor":31.0},{"not_picked":["jedi:brewingpoison","After Image"],"picked":"REME_ShadowForm","floor":33.0},{"not_picked":["thethorton:AdministrativeActions","thethorton:SellShort"],"picked":"thethorton:ScalingIsWin","floor":33.0},{"not_picked":["Catalyst","Flying Knee"],"picked":"ReplayTheSpireMod:Scrap Shanks","floor":35},{"not_picked":["thethorton:TakeAccounts+1","thethorton:StumblingSlap+1"],"picked":"thethorton:ScalingIsWin","floor":35},{"not_picked":["thethorton:GoldBuffer","thethorton:PocketChange"],"picked":"thethorton:ToxicGreed","floor":35},{"not_picked":["Reaper","theDruid:HailofThorns"],"picked":"alterego_mod:Antipathy","floor":37},{"not_picked":["FollowUp+1","FlyingSleeves","LikeWater+1"],"picked":"SKIP","floor":37},{"not_picked":["thethorton:YoureFired","thethorton:ElbowSmash","thethorton:DualBap"],"picked":"SKIP","floor":37},{"not_picked":["thethorton:CrashingStocks","thethorton:YoureFired"],"picked":"thethorton:CowardiceForm","floor":39},{"not_picked":["thethorton:Escape","thethorton:Octopus","thethorton:EquivalentExchange"],"picked":"SKIP","floor":39},{"not_picked":["thethorton:CallShop","thethorton:DodgeAndRollAndRun"],"picked":"thethorton:TemporalBlast","floor":40},{"not_picked":["thethorton:CrashingStocks","thethorton:TemporalBlast"],"picked":"thethorton:CardboardBox","floor":40},{"not_picked":["thethorton:SummonProfit","thethorton:Jackpot"],"picked":"thethorton:Portfolio","floor":42},{"not_picked":["thethorton:EquivalentExchange","thethorton:CompoundInterest","thethorton:Octopus"],"picked":"SKIP","floor":42},{"not_picked":["thethorton:Distance","thethorton:BookBash+1"],"picked":"thethorton:LongTermPayoff","floor":45},{"not_picked":["thethorton:TakeAccounts+1","thethorton:PocketChange"],"picked":"thethorton:OddChange","floor":45},{"not_picked":["thethorton:CallIn","thethorton:ToxicGreed"],"picked":"thethorton:BusinessCard+1","floor":46},{"not_picked":["thethorton:ShoutAndRun","thethorton:BookBash+1"],"picked":"thethorton:CoffeeBlast","floor":46},{"not_picked":["thethorton:GoldenPetal","thethorton:Fortune"],"picked":"thethorton:Siphon","floor":47},{"not_picked":["thethorton:Demotion","thethorton:YoureFired","thethorton:CallShop"],"picked":"SKIP","floor":47},{"not_picked":["thethorton:CoinClash","thethorton:WhirlingBriefcase+1"],"picked":"thethorton:FeelNoBrain","floor":48},{"not_picked":["thethorton:BoardroomBlast+1","thethorton:LastDitchEffort+1"],"picked":"thethorton:CannonShot+1","floor":48}],"player_experience":420829,"relics_obtained":[{"floor":3.0,"key":"Art of War"},{"floor":6.0,"key":"MawBank"},{"floor":8.0,"key":"Potion Belt"},{"floor":9.0,"key":"Bag of Marbles"},{"floor":11.0,"key":"CCEMRelics:WarHorn"},{"floor":14.0,"key":"qcfpunch:Wild_Herbs_Ointment"},{"floor":24.0,"key":"Boot"},{"floor":26.0,"key":"jedi:cryingmask"},{"floor":27.0,"key":"conspire:DeflatedDodgeball"},{"floor":29.0,"key":"hubris:FunFungus"},{"floor":31.0,"key":"REME_IWantAll"},{"floor":39,"key":"hubris:MedicalManual"},{"floor":40,"key":"Bromod:ArcaneConsequence"},{"floor":42,"key":"Kunai"},{"floor":43,"key":"conspire:DecoderRing"},{"floor":47,"key":"Gambling Chip"}],"event_choices":[{"cards_removed":["thethorton:Fish"],"damage_healed":0.0,"max_hp_gain":0.0,"max_hp_loss":0.0,"gold_gain":0.0,"event_name":"betterNote:BetterNote","player_choice":"Take \u0026 Give","floor":19.0,"gold_loss":0.0,"damage_taken":0.0,"cards_obtained":["wariomod:BoomBoom"]},{"damage_healed":0,"gold_gain":0,"player_choice":"Upgrade","damage_taken":0,"max_hp_gain":0,"max_hp_loss":0,"event_name":"Designer","floor":38,"gold_loss":40,"cards_upgraded":["Vault"]}],"is_beta":false,"boss_relics":[{"not_picked":["thethorton:GreedFountain","Calling Bell"],"picked":"Runic Dome"},{"not_picked":["Replay:Wanted Poster","hubris:Backtick"],"picked":"Painkiller Herb"}],"items_purged_floors":[],"is_endless":false,"potions_floor_spawned":[3,4,6,11,13,21,27,33,35,39,45],"ascension_level":0}}