{"host":"ledycoij8zqi3nor","time":1611165654,"event":{"mods":["Act Like it!","Aspiration","BaseMod","Bestiary","Better Altar","Better Match","Better Note","Better Skull","Better Third Choice","Better Vampires","BetterRewards","CapriCore","Conspire","Downfall","Gensokyo","Hallownest","Hubris","Infinite Spire","Koishi","Minty Spire (QoL Compilation)","Relic Stats","Remilia??????","Spicy Shops","Spikes Relics","StSLib","The Bug Knight","The Factory","The Immortal","The Jungle","The Servant 0.9.4","TheBandit","Trackpad","Waifu the Spire","vexMod"],"gold_per_floor":[99,114,114,128,147,57,136,169,184,198,298,311,211,50,66,168,168,168,184,194,194,207,221,221,221,232,45,114,176,190,627,646,646,646,646],"floor_reached":33,"language":"ENG","playtime":2050,"items_purged":["bronze:Strike","bronze:Strike","bronze:Strike"],"score":332,"play_id":"3e008315-eed0-4f62-a2c1-666aff15e662","local_time":"20210120180054","is_ascension_mode":false,"campfire_choices":[{"floor":1,"key":"RECALL"},{"floor":13,"key":"REST"},{"data":"bronze:Mutator","floor":18,"key":"SMITH"},{"floor":25,"key":"REST"}],"circlet_count":0,"master_deck":["bronze:Strike","bronze:Defend","bronze:Defend","bronze:Defend","bronze:Defend","bronze:Replicate","bronze:Goto","bronze:Flail","infinitespire:NeuralNetwork","bronze:ChosenStrike","bronze:BronzeArmor","bronze:FineTuning","bronze:Boost","bronze:ForceShield","bronze:Overload","bronze:ChosenStrike","bronze:Mutator+1","bronze:HyperBeam","bronze:FineTuning","bronze:FineTuning"],"relics":["bronze:BronzeCore","trackpad:BottledTsunami","hubris:Reverence","downfall:HeartBlessingRed","Lee\u0027s Waffle","infinitespire:BottledMercury","trackpad:HandOfMidas","Strange Spoon","Juzu Bracelet"],"acts_visited":["Exordium","TheCity"],"potions_floor_usage":[12,16,16,22,29,33,33],"damage_taken":[{"damage":0,"enemies":"conspire:RoseBush","floor":2,"turns":5},{"damage":1,"enemies":"2 Louse","floor":4,"turns":3},{"damage":8,"enemies":"infinitespire:Voidling","floor":5,"turns":2},{"damage":0,"enemies":"downfall:FleeingMerchant","floor":6,"turns":4},{"damage":9,"enemies":"3 Sentries","floor":8,"turns":2},{"damage":5,"enemies":"Large Slime","floor":9,"turns":7},{"damage":7,"enemies":"Exordium Thugs","floor":10,"turns":3},{"damage":3,"enemies":"Red Slaver","floor":12,"turns":2},{"damage":3,"enemies":"downfall:FleeingMerchant","floor":14,"turns":4},{"damage":4,"enemies":"3 Louse","floor":15,"turns":4},{"damage":0,"enemies":"WA_ARCHETYPE_RETAIN","floor":16,"turns":4},{"damage":0,"enemies":"Chosen","floor":19,"turns":3},{"damage":5,"enemies":"Snecko","floor":20,"turns":3},{"damage":9,"enemies":"Centurion and Healer","floor":22,"turns":6},{"damage":20,"enemies":"Sentry and Sphere","floor":23,"turns":4},{"damage":7,"enemies":"Snecko","floor":26,"turns":4},{"damage":15,"enemies":"downfall:FleeingMerchant","floor":27,"turns":4},{"damage":7,"enemies":"Chosen and Byrds","floor":28,"turns":4},{"damage":33,"enemies":"Shelled Parasite and Fungi","floor":29,"turns":4},{"damage":9,"enemies":"Centurion and Healer","floor":30,"turns":4},{"damage":10,"enemies":"downfall:FleeingMerchant","floor":31,"turns":3},{"damage":0,"enemies":"conspire:HollyBat","floor":32,"turns":5},{"damage":23,"enemies":"DF_ARCHETYPE_CLAW","floor":33,"turns":3}],"seed_played":"8749529301674491223","potions_obtained":[{"floor":4,"key":"Dexterity Potion"},{"floor":5,"key":"GamblersBrew"},{"floor":8,"key":"SkillPotion"},{"floor":9,"key":"Energy Potion"},{"floor":16,"key":"SteroidPotion"},{"floor":19,"key":"Block Potion"},{"floor":28,"key":"Regen Potion"},{"floor":30,"key":"SteroidPotion"},{"floor":32,"key":"Regen Potion"}],"is_trial":false,"path_per_floor":["R","M","?","M","M","$","T","E","M","M","?","M","R","$","M","B",null,"R","M","M","?","M","M","T","R","M","$","M","M","M","$","M","B"],"character_chosen":"THE_AUTOMATON","items_purchased":["Lee\u0027s Waffle","trackpad:HandOfMidas","Strange Spoon","Juzu Bracelet"],"campfire_rested":2,"item_purchase_floors":[14,27,31,31],"current_hp_per_floor":[77,77,57,56,48,48,48,39,34,27,27,24,47,84,80,80,84,84,84,79,79,70,50,50,75,68,53,46,25,16,6,6,0,0,0],"gold":646,"neow_bonus":"TEN_PERCENT_HP_BONUS","is_daily":false,"chose_seed":false,"campfire_upgraded":1,"win_rate":0.0,"timestamp":1611165654,"path_taken":["R","M","?","M","M","$","T","E","M","M","?","M","R","$","M","BOSS","R","M","?","?","M","M","T","R","M","$","M","M","M","$","M","BOSS"],"items_purchased_type":["Relic","Relic","Relic","Relic"],"build_version":"2020-12-22","purchased_purges":3,"victory":false,"max_hp_per_floor":[77,77,77,77,77,77,77,77,77,77,77,77,77,84,84,84,84,84,84,84,84,84,84,84,84,84,84,84,84,84,84,84,84,84,84],"relic_stats":{"Strange Spoon":[7],"Lee\u0027s Waffle":40,"counters":[23,87],"Juzu Bracelet":0,"obtain_stats":[{"infinitespire:BottledMercury":24,"Strange Spoon":31,"Lee\u0027s Waffle":14,"bronze:BronzeCore":0,"downfall:HeartBlessingRed":13,"trackpad:HandOfMidas":27,"Juzu Bracelet":31,"trackpad:BottledTsunami":7,"hubris:Reverence":8},{"infinitespire:BottledMercury":15,"Strange Spoon":21,"Lee\u0027s Waffle":9,"bronze:BronzeCore":0,"downfall:HeartBlessingRed":8,"trackpad:HandOfMidas":17,"Juzu Bracelet":21,"trackpad:BottledTsunami":4,"hubris:Reverence":5},{"infinitespire:BottledMercury":56,"Strange Spoon":79,"Lee\u0027s Waffle":32,"bronze:BronzeCore":0,"downfall:HeartBlessingRed":28,"trackpad:HandOfMidas":64,"Juzu Bracelet":79,"trackpad:BottledTsunami":14,"hubris:Reverence":16}]},"card_choices":[{"not_picked":["bronze:BuggyMess","bronze:WhirlingStrike"],"picked":"bronze:Flail","floor":2},{"not_picked":["infinitespire:Starlight","hubris:InfiniteBlow"],"picked":"infinitespire:NeuralNetwork","floor":3},{"not_picked":["bronze:Branch","bronze:Overheat"],"picked":"bronze:ChosenStrike","floor":4},{"not_picked":["bronze:CutThrough","bronze:Philosophize"],"picked":"bronze:BronzeArmor","floor":5},{"not_picked":["bronze:DelayedGuard","bronze:Overheat"],"picked":"bronze:FineTuning","floor":6},{"not_picked":["bronze:OilSpill","bronze:Turbo"],"picked":"bronze:Boost","floor":8},{"not_picked":["bronze:ForLoop","bronze:OilSpill"],"picked":"bronze:ForceShield","floor":9},{"not_picked":["bronze:DarkDash","bronze:BitShift"],"picked":"bronze:Overload","floor":10},{"not_picked":["bronze:OilSpill","bronze:Overheat","bronze:WhirlingStrike"],"picked":"SKIP","floor":12},{"not_picked":["bronze:Branch","bronze:Allocate"],"picked":"bronze:ChosenStrike","floor":14},{"not_picked":["bronze:Backtrace","bronze:OilSpill"],"picked":"bronze:Mutator","floor":15},{"not_picked":["bronze:Format","bronze:BurnOut"],"picked":"bronze:HyperBeam","floor":16},{"not_picked":["bronze:Allocate","bronze:Deprecate","bronze:BugBarrage"],"picked":"SKIP","floor":19},{"not_picked":["bronze:Frontload","bronze:Allocate"],"picked":"bronze:FineTuning","floor":20},{"not_picked":["bronze:ClassDefault","bronze:OilSpill"],"picked":"bronze:FineTuning","floor":22},{"not_picked":["bronze:BronzeOrb","bronze:Boost+1","bronze:BitShift+1"],"picked":"SKIP","floor":23},{"not_picked":["bronze:Invalidate+1","bronze:BitShift+1","bronze:DarkDash"],"picked":"SKIP","floor":26},{"not_picked":["bronze:FollowUp","bronze:Iterate","bronze:ThunderWave"],"picked":"SKIP","floor":27},{"not_picked":["bronze:DelayedSlice","bronze:WhirlingStrike","bronze:DarkDash"],"picked":"SKIP","floor":28},{"not_picked":["bronze:DelayedSlice","bronze:BronzeArmor","bronze:CutThrough"],"picked":"SKIP","floor":29},{"not_picked":["bronze:Optimize","bronze:Flail","bronze:BuggyMess"],"picked":"SKIP","floor":30},{"not_picked":["bronze:Invalidate","bronze:CloningBeam+1","bronze:Boost"],"picked":"SKIP","floor":31},{"not_picked":["bronze:Deprecate","bronze:Branch+1","bronze:GetLatest"],"picked":"SKIP","floor":32}],"player_experience":427501,"relics_obtained":[{"floor":7,"key":"trackpad:BottledTsunami"},{"floor":8,"key":"hubris:Reverence"},{"floor":24,"key":"infinitespire:BottledMercury"}],"event_choices":[{"damage_healed":0,"gold_gain":0,"player_choice":"Ignored","damage_taken":0,"max_hp_gain":0,"max_hp_loss":0,"event_name":"betterNote:BetterNote","floor":21,"gold_loss":0,"cards_obtained":["Guardian:Strike_Guardian"]}],"is_beta":false,"boss_relics":[{"not_picked":["hubris:CrackedHourglass","Snecko Eye","vexMod:FluxCapacitor"]}],"items_purged_floors":[6,27,31],"is_endless":false,"potions_floor_spawned":[4,5,8,9,16,19,28,30,32],"killed_by":"DF_ARCHETYPE_CLAW","ascension_level":0}}