{"host":"jmrzmw3s5sroiuhj","time":1611168774,"event":{"mods":["BaseMod","Downfall","Duelist Mod","GifTheSpireLib","Minty Spire (QoL Compilation)","StSLib"],"gold_per_floor":[142,142,142,155,167,201,219,236,283,283,34,34,34,48,48,147,147,162,162,87,107,0,32,32,32,32,32,0,33,59,79,79,184,184,194,194,194,249,149,179,54,54,54,0,0,49,61,74,74,74],"floor_reached":51,"language":"ENG","playtime":4376,"items_purged":["theDuelist:CastleWalls","theDuelist:Sparks","theDuelist:Sparks"],"score":852,"play_id":"c128c84c-afcb-4e36-8451-3649ff6cfda6","local_time":"20210120135254","is_ascension_mode":true,"campfire_choices":[{"data":"theDuelist:Mountain","floor":10.0,"key":"SMITH"},{"data":"theDuelist:TyrantWing","floor":15.0,"key":"SMITH"},{"floor":25.0,"key":"REST"},{"floor":32.0,"key":"REST"},{"floor":42,"key":"DIG"},{"floor":45,"key":"DIG"},{"floor":49,"key":"REST"}],"circlet_count":0,"master_deck":["theDuelist:BabyDragon+1","theDuelist:CastleWalls","theDuelist:CaveDragon+1","theDuelist:CaveDragon+1","theDuelist:LesserDragon+1","theDuelist:LesserDragon+1","theDuelist:YamataDragon+1","theDuelist:Earthquake","theDuelist:DefenseZone+2","theDuelist:RedMedicine+1","theDuelist:RedEyes+1","theDuelist:MirageDragon+1","theDuelist:Mountain+1","theDuelist:TyrantWing+1","Trip","theDuelist:SliferSky+1","theDuelist:GuardragonJusticia+1","theDuelist:AncientDragon+1","theDuelist:BerserkScales","theDuelist:SliferSky","Decay","theDuelist:StarlightRoad+1","theDuelist:GateGuardian","theDuelist:SafeZone","theDuelist:LordD+1","theDuelist:BoosterDragon"],"relics":["theDuelist:MillenniumPuzzle","theDuelist:CardPoolRelic","theDuelist:CardPoolBasicRelic","theDuelist:BoosterPackPoolRelic","theDuelist:CardPoolAddRelic","theDuelist:CardPoolMinusRelic","theDuelist:CardPoolSaveRelic","theDuelist:CardPoolOptionsRelic","NeowsBlessing","theDuelist:DuelistOrichalcum","theDuelist:DragonRelic","theDuelist:CursedHealer","Sozu","Matryoshka","Sundial","theDuelist:BoosterBetterBoostersRelic","theDuelist:DragonRelic","Bag of Preparation","theDuelist:MillenniumArmor","MealTicket","theDuelist:GamblerChip","theDuelist:MillenniumPeriapt","Du-Vu Doll","Gambling Chip","Shovel","Art of War","Oddly Smooth Stone","Singing Bowl","Red Mask","theDuelist:ArmorPlateB","Dream Catcher"],"acts_visited":["Exordium","TheCity","TheBeyond"],"potions_floor_usage":[50],"damage_taken":[{"damage":0.0,"enemies":"Cultist","floor":1.0,"turns":1.0},{"damage":0.0,"enemies":"Small Slimes","floor":4.0,"turns":1.0},{"damage":0.0,"enemies":"2 Louse","floor":5.0,"turns":1.0},{"damage":3.0,"enemies":"Gremlin Nob","floor":6.0,"turns":4.0},{"damage":6.0,"enemies":"Looter","floor":7.0,"turns":3.0},{"damage":6.0,"enemies":"Exordium Thugs","floor":8.0,"turns":4.0},{"damage":6.0,"enemies":"2 Fungi Beasts","floor":14.0,"turns":3.0},{"damage":25.0,"enemies":"Slime Boss","floor":16.0,"turns":9.0},{"damage":34.0,"enemies":"3 Byrds","floor":18.0,"turns":5.0},{"damage":10.0,"enemies":"Shell Parasite","floor":21.0,"turns":4.0},{"damage":11.0,"enemies":"theDuelist:KaibaA2","floor":23.0,"turns":4.0},{"damage":33.0,"enemies":"Book of Stabbing","floor":29.0,"turns":6.0},{"damage":0.0,"enemies":"Centurion and Healer","floor":31.0,"turns":6.0},{"damage":23.0,"enemies":"Collector","floor":33.0,"turns":9.0},{"damage":33,"enemies":"3 Shapes","floor":35,"turns":5},{"damage":5,"enemies":"3 Shapes","floor":38,"turns":8},{"damage":12,"enemies":"Nemesis","floor":40,"turns":9},{"damage":4,"enemies":"3 Darklings","floor":47,"turns":6},{"damage":10,"enemies":"Jaw Worm Horde","floor":48,"turns":7},{"damage":35,"enemies":"Donu and Deca","floor":50,"turns":9}],"seed_played":"-8999400525712783353","potions_obtained":[{"floor":1.0,"key":"theDuelist:LavaBottle"},{"floor":5.0,"key":"theDuelist:MegaupgradePotion"},{"floor":7.0,"key":"theDuelist:BabyPotion"},{"floor":16.0,"key":"Weak Potion"}],"is_trial":false,"path_per_floor":["M","?","?","M","M","E","M","M","T","R","$","?","?","M","R","B",null,"M","?","$","M","?","E","?","R","T","$","?","E","T","M","R","B",null,"M","?","?","?","$","E","$","R","T","?","R","T","M","M","R","B",null],"character_chosen":"THE_DUELIST","items_purchased":["theDuelist:DragonRelic"],"campfire_rested":3,"item_purchase_floors":[11],"current_hp_per_floor":[80,80,80,80,80,77,71,65,65,65,65,80,80,74,74,49,80,46,46,46,36,36,25,25,49,49,49,49,16,16,16,40,17,80,47,66,66,61,76,64,79,79,79,79,79,79,77,71,102,67],"gold":74,"neow_bonus":"THREE_ENEMY_KILL","is_daily":false,"chose_seed":false,"campfire_upgraded":2,"win_rate":0.0,"timestamp":1611168774,"path_taken":["M","?","?","?","M","E","M","M","T","R","?","?","?","?","R","BOSS","M","?","?","M","?","E","?","R","T","$","?","E","?","M","R","BOSS","M","?","?","?","$","E","$","R","T","?","R","?","M","M","R","BOSS"],"items_purchased_type":["Relic"],"build_version":"2020-12-22","purchased_purges":3,"victory":true,"max_hp_per_floor":[80,80,80,80,80,80,80,80,80,80,80,80,80,80,80,80,80,80,80,80,80,80,80,80,80,80,80,80,80,80,80,80,80,80,80,99,99,99,99,99,99,99,99,99,99,99,101,105,105,105],"card_choices":[{"not_picked":["theDuelist:MadSwordBeast","theDuelist:CyberValley","theDuelist:CyberDinosaur","theDuelist:RedEyesToon"],"picked":"theDuelist:Earthquake","floor":1.0},{"not_picked":["theDuelist:CyberneticOverflow","theDuelist:BabyDragon"],"picked":"theDuelist:DefenseZone","floor":1.0},{"not_picked":["theDuelist:LightningDarts","theDuelist:BigKoala","theDuelist:DarkCreator","theDuelist:GoldenApples"],"picked":"theDuelist:RedMedicine","floor":4.0},{"not_picked":["theDuelist:JurassicImpact","theDuelist:BlacklandFireDragon"],"picked":"theDuelist:RedEyes","floor":4.0},{"not_picked":["theDuelist:BlueEyesToon","theDuelist:StarlightRoad"],"picked":"theDuelist:MirageDragon","floor":5.0},{"not_picked":["theDuelist:MangaRyuRan","theDuelist:RedEyesToon","theDuelist:InfernityDoomDragon","theDuelist:BlacklandFireDragon","theDuelist:BackgroundDragon"],"picked":"SKIP","floor":5.0},{"not_picked":["theDuelist:CyberLaserDragon","theDuelist:BoosterDragon","theDuelist:ArtifactSanctum"],"picked":"theDuelist:Mountain","floor":6.0},{"not_picked":["theDuelist:LostWorld","theDuelist:BarrelDragon","theDuelist:Anthrosaurus"],"picked":"SKIP","floor":6.0},{"not_picked":["theDuelist:FireDarts","theDuelist:CyberneticRevolution","theDuelist:SurvivalFittest","theDuelist:DefensiveTactics"],"picked":"theDuelist:TyrantWing","floor":7.0},{"not_picked":["theDuelist:BlueEyesToon","theDuelist:Anthrosaurus","theDuelist:JurassicImpact"],"picked":"SKIP","floor":7.0},{"not_picked":["Apotheosis","Purity","Thinking Ahead"],"picked":"Trip","floor":8.0},{"not_picked":["theDuelist:Beatraptor","theDuelist:BlueEyesToon","theDuelist:Freezadon"],"picked":"SKIP","floor":8.0},{"not_picked":["theDuelist:RedEyesToon","theDuelist:Earthquake","theDuelist:ExodiaRA","theDuelist:DarkHorus","theDuelist:Beatraptor"],"picked":"SKIP","floor":14.0},{"not_picked":["theDuelist:FrostflameDragon","theDuelist:OceanDragonLord","theDuelist:SuperStridentBlaze"],"picked":"SKIP","floor":14.0},{"not_picked":["theDuelist:RareDragonMetronome","theDuelist:TailSwipe","theDuelist:BlasterDragonInfernos","theDuelist:BerserkScales"],"picked":"theDuelist:SliferSky","floor":16.0},{"not_picked":["theDuelist:SliferSky","theDuelist:QueenDragunDjinn","theDuelist:BlasterDragonInfernos"],"picked":"SKIP","floor":18.0},{"not_picked":["theDuelist:Kabazauls","theDuelist:CyberDragonNachster+1","theDuelist:ThreateningRoar"],"picked":"SKIP","floor":18.0},{"not_picked":["theDuelist:BlackBrutdrago+1","theDuelist:FrostflameDragon","theDuelist:DarkHorus","theDuelist:BlackPtera","theDuelist:DragonZombie"],"picked":"SKIP","floor":21.0},{"not_picked":["theDuelist:FrostflameDragon","theDuelist:DarkDriceratops","theDuelist:CyberDragonDrei"],"picked":"SKIP","floor":21.0},{"not_picked":["theDuelist:Sabersaurus+1","theDuelist:MegafleetDragon+1"],"picked":"theDuelist:GuardragonJusticia+1","floor":23.0},{"not_picked":["theDuelist:Earthquake","theDuelist:SphereChaos+1","theDuelist:MangaRyuRan","theDuelist:MoltenDestruction","theDuelist:ThreateningRoar+1"],"picked":"SKIP","floor":23.0},{"not_picked":["theDuelist:GaiaDragonChamp+1","theDuelist:Scapegoat","theDuelist:ExodiaLA+1","theDuelist:StardustDragon"],"picked":"theDuelist:UltraEvolutionPill","floor":29.0},{"not_picked":["theDuelist:BlueEyesToon","theDuelist:ExodiaRA"],"picked":"theDuelist:AncientDragon","floor":29.0},{"not_picked":["theDuelist:GateGuardian","theDuelist:StardustDragon","theDuelist:GaiaDragonChamp","theDuelist:CyberDragonInfinity"],"picked":"theDuelist:BerserkScales","floor":31.0},{"not_picked":["theDuelist:ClawHermos","theDuelist:ToonWorld","theDuelist:Anthrosaurus"],"picked":"SKIP","floor":31.0},{"not_picked":["theDuelist:WingedDragonRa","theDuelist:RareDragonMetronome"],"picked":"theDuelist:SliferSky","floor":33.0},{"not_picked":["theDuelist:WhiteNightDragon","theDuelist:BabyDragon+1","theDuelist:Vandalgyon+1","theDuelist:SauropodBrachion+1"],"picked":"theDuelist:BackgroundDragon+1","floor":35},{"not_picked":["theDuelist:Anthrosaurus","theDuelist:ExodiaRL+1"],"picked":"theDuelist:SnowDragon","floor":35},{"not_picked":["theDuelist:OneDayPeace+1","theDuelist:CyberDragonVier"],"picked":"theDuelist:StarlightRoad+1","floor":38},{"not_picked":["theDuelist:DefensiveTactics+1","theDuelist:Lancephorhynchus+1","theDuelist:QueenDragunDjinn+1","theDuelist:WingedDragonRa+1"],"picked":"theDuelist:GateGuardian","floor":40},{"not_picked":["theDuelist:Carboneddon","theDuelist:TwinHeadedFire"],"picked":"theDuelist:SafeZone","floor":40},{"not_picked":["theDuelist:ExodiaLL+1","theDuelist:ExodiaLA","theDuelist:ExodiaRA","theDuelist:ExodiaRL"],"picked":"theDuelist:LordD+1","floor":47},{"not_picked":["theDuelist:LeviaDragon+1","theDuelist:DefenseZone","theDuelist:SpiralSpearStrike+1"],"picked":"Singing Bowl","floor":47},{"not_picked":["theDuelist:TyrantWing","theDuelist:RedMedicine","theDuelist:TyrantWing","theDuelist:CastleWalls","theDuelist:StarlightRoad+1"],"picked":"Singing Bowl","floor":48},{"not_picked":["theDuelist:CyberDragonDrei+1","theDuelist:CyberDragonInfinity","theDuelist:MaskedDragon+1"],"picked":"Singing Bowl","floor":48},{"not_picked":["theDuelist:CyberValley","theDuelist:TwinHeadedFire+1"],"picked":"theDuelist:BoosterDragon","floor":49}],"player_experience":225001,"relics_obtained":[{"floor":6.0,"key":"theDuelist:DuelistOrichalcum"},{"floor":23.0,"key":"Matryoshka"},{"floor":26.0,"key":"Sundial"},{"floor":26.0,"key":"theDuelist:BoosterBetterBoostersRelic"},{"floor":29.0,"key":"Bag of Preparation"},{"floor":30.0,"key":"theDuelist:MillenniumArmor"},{"floor":30.0,"key":"MealTicket"},{"floor":38,"key":"Du-Vu Doll"},{"floor":38,"key":"Gambling Chip"},{"floor":38,"key":"Shovel"},{"floor":40,"key":"Art of War"},{"floor":42,"key":"Oddly Smooth Stone"},{"floor":43,"key":"Singing Bowl"},{"floor":45,"key":"theDuelist:ArmorPlateB"},{"floor":46,"key":"Dream Catcher"}],"event_choices":[{"damage_healed":0.0,"max_hp_gain":0.0,"max_hp_loss":0.0,"gold_gain":0.0,"event_name":"Living Wall","player_choice":"Grow","floor":2.0,"gold_loss":0.0,"damage_taken":0.0,"cards_upgraded":["theDuelist:DefenseZone"]},{"damage_healed":0.0,"max_hp_gain":0.0,"max_hp_loss":0.0,"gold_gain":0.0,"event_name":"Accursed Blacksmith","player_choice":"Forge","floor":3.0,"gold_loss":0.0,"damage_taken":0.0,"cards_upgraded":["theDuelist:DefenseZone"]},{"damage_healed":0.0,"max_hp_gain":0.0,"max_hp_loss":0.0,"gold_gain":0.0,"event_name":"Tomb of the Nameless","player_choice":"Succumb - +25HP/Cursed Relic","duelist":true,"floor":12.0,"gold_loss":0.0,"damage_taken":0.0},{"damage_healed":0.0,"max_hp_gain":0.0,"max_hp_loss":0.0,"gold_gain":0.0,"event_name":"Upgrade Shrine","player_choice":"Upgraded","floor":19.0,"gold_loss":0.0,"damage_taken":0.0,"cards_upgraded":["theDuelist:RedMedicine"]},{"damage_healed":0.0,"max_hp_gain":0.0,"max_hp_loss":0.0,"gold_gain":0.0,"event_name":"Masked Bandits","player_choice":"Paid Fearfully","floor":22.0,"gold_loss":107.0,"damage_taken":0.0},{"damage_healed":0.0,"max_hp_gain":0.0,"max_hp_loss":0.0,"gold_gain":0.0,"event_name":"Relic Duplicator","player_choice":"Duplicated Relic - Dragon Statue","duelist":true,"floor":28.0,"gold_loss":0.0,"damage_taken":0.0},{"total_magic_score":83,"gold_gain":0,"duelist":true,"damage_taken":0,"relics_obtained":[],"points":15,"max_hp_gain":19,"max_hp_loss":0,"spent_points":{"magic":4,"greed":0,"war":0,"power":4,"hunger":4},"event_name":"Nameless Tomb","hunger_reward":4,"floor":36,"gold_loss":0,"magic_reward":4,"cards_obtained":["theDuelist:Nameless:Magic:SpiralSpearStrike"]},{"damage_healed":0,"gold_gain":0,"player_choice":"Took item - Received: Millennium Periapt","duelist":true,"damage_taken":0,"max_hp_gain":0,"max_hp_loss":0,"event_name":"Millennium Items","floor":37,"gold_loss":0},{"damage_healed":0,"gold_gain":0,"player_choice":"Fight","duelist":true,"damage_taken":0,"max_hp_gain":0,"max_hp_loss":0,"event_name":"Battle City","floor":38,"gold_loss":0},{"damage_healed":0,"gold_gain":0,"player_choice":"Paid","damage_taken":0,"relics_obtained":["Red Mask"],"max_hp_gain":0,"max_hp_loss":0,"event_name":"Tomb of Lord Red Mask","floor":44,"gold_loss":54}],"is_beta":false,"boss_relics":[{"not_picked":["Black Star","bronze:MakeshiftBattery"],"picked":"Sozu"},{"not_picked":["Snecko Eye","Velvet Choker"],"picked":"theDuelist:GamblerChip"}],"items_purged_floors":[20,39,41],"is_endless":false,"potions_floor_spawned":[1,5,7,8,16,21,29,35,40],"ascension_level":2}}