{"host":"xc18ixkpjvqrt8st","time":1611160300,"event":{"mods":["Act Like it!","BaseMod","Better Match","Better Third Choice","Conspire","Hallownest","Hermit","Hubris","Infinite Spire","Minty Spire (QoL Compilation)","Replay The Spire","Robot Space Explorer","Shop Mod","Spicy Shops","StSLib","The Animator","The Jungle","The Marked"],"gold_per_floor":[121,136,136,163,185,212,212,224,247,276,276,16,16,31,31,31,31],"floor_reached":16,"language":"ENG","playtime":807,"items_purged":[],"score":109,"play_id":"e498422f-b66f-4d03-a3d1-ffb11e3720bf","local_time":"20210120103140","is_ascension_mode":true,"campfire_choices":[{"floor":7,"key":"REST"},{"floor":13,"key":"REST"},{"floor":15,"key":"REST"}],"circlet_count":0,"master_deck":["animator:Strike_FullmetalAlchemist","animator:Defend_FullmetalAlchemist","animator:Strike","animator:Strike","animator:Strike","animator:Defend","animator:Defend","animator:Defend","animator:ElricEdward","animator:ElricAlphonse","animator:Wiz","animator:SakuraMatou","animator:NagisaMomoe","animator:NarberalGamma","animator:Pride","animator:Entoma","animator:Sebas","animator:ElricAlphonse"],"relics":["animator:LivingPicture","animator:TheMissingPiece","ReplayTheSpireMod:Lightbulb","Singing Bowl","Toy Ornithopter","Gremlin Horn"],"acts_visited":["Exordium"],"potions_floor_usage":[6,16],"damage_taken":[{"damage":0,"enemies":"Cultist","floor":1,"turns":5},{"damage":1,"enemies":"conspire:RoseBush","floor":2,"turns":3},{"damage":9,"enemies":"Small Slimes","floor":4,"turns":5},{"damage":17,"enemies":"2 Fungi Beasts","floor":5,"turns":4},{"damage":28,"enemies":"Lagavulin","floor":6,"turns":7},{"damage":17,"enemies":"3 Louse","floor":8,"turns":4},{"damage":14,"enemies":"Exordium Thugs","floor":10,"turns":5},{"damage":11,"enemies":"2 Fungi Beasts","floor":14,"turns":4},{"damage":62,"enemies":"Fading Forest","floor":16,"turns":9}],"seed_played":"7138574548675773178","potions_obtained":[{"floor":1,"key":"animator:FalseLifePotion"},{"floor":5,"key":"Strength Potion"},{"floor":10,"key":"Swift Potion"},{"floor":14,"key":"LifebloodPotion"}],"is_trial":false,"path_per_floor":["M","M","?","M","M","E","R","M","T","M","?","$","R","M","R","B"],"character_chosen":"THE_ANIMATOR","items_purchased":["Gremlin Horn"],"campfire_rested":3,"item_purchase_floors":[12],"current_hp_per_floor":[66,65,65,56,39,12,32,17,17,3,3,3,23,12,32,0,0],"gold":31,"neow_bonus":"ONE_RANDOM_RARE_CARD","is_daily":false,"chose_seed":false,"campfire_upgraded":0,"win_rate":0.0,"timestamp":1611160300,"path_taken":["M","?","?","M","M","E","R","?","T","M","?","$","R","M","R","BOSS"],"items_purchased_type":["Relic"],"build_version":"2020-12-22","purchased_purges":0,"victory":false,"max_hp_per_floor":[66,66,66,66,66,67,67,69,69,69,69,69,69,69,69,69,69],"card_choices":[{"not_picked":["animator:KyokoSakura","animator:Genos"],"picked":"animator:SakuraMatou","floor":1},{"not_picked":["animator:Azekura","animator:ElricEdward"],"picked":"animator:NagisaMomoe","floor":2},{"not_picked":["animator:Gluttony","animator:Rider"],"picked":"animator:NarberalGamma","floor":4},{"not_picked":["animator:MaesHughes","animator:Scar"],"picked":"animator:Pride","floor":5},{"not_picked":["animator:Nanami","animator:Caster"],"picked":"animator:Entoma","floor":6},{"not_picked":["animator:PandorasActor","animator:Entoma","animator:Cocytus"],"picked":"Singing Bowl","floor":8},{"not_picked":["animator:PandorasActor","animator:OrikoMikuni"],"picked":"animator:Sebas","floor":10},{"not_picked":["animator:Scar","animator:MaesHughes"],"picked":"animator:ElricAlphonse","floor":14}],"player_experience":566656,"relics_obtained":[{"floor":6,"key":"Singing Bowl"},{"floor":9,"key":"Toy Ornithopter"}],"event_choices":[{"damage_healed":0,"gold_gain":0,"player_choice":"Gave Potion","damage_taken":0,"relics_obtained":["ReplayTheSpireMod:Lightbulb"],"max_hp_gain":0,"max_hp_loss":0,"event_name":"WeMeetAgain","floor":3,"gold_loss":0},{"damage_healed":0,"gold_gain":0,"player_choice":"Ignored","damage_taken":0,"max_hp_gain":0,"max_hp_loss":0,"event_name":"Purifier","floor":11,"gold_loss":0}],"is_beta":false,"boss_relics":[],"items_purged_floors":[],"is_endless":false,"potions_floor_spawned":[1,5,10,14],"killed_by":"Fading Forest","ascension_level":1}}