{"host":"t7mx8yfj1no5p62f","time":1611111086,"event":{"mods":["BaseMod","Bestiary","Colored Map","Colored Powertips","Minty Spire (QoL Compilation)","Relic Stats","StSLib","ojb\u0027s Info Mod"],"gold_per_floor":[109,120,1,1,1,34,34,59,59,69,86,86,118,118,118,118,118],"floor_reached":16,"language":"ENG","playtime":446,"items_purged":["Strike_R"],"score":286,"play_id":"60c17b2c-8b73-433d-b3cf-5f267facbd13","local_time":"20210119215126","is_ascension_mode":true,"campfire_choices":[{"data":"Shockwave","floor":7,"key":"SMITH"},{"data":"Anger","floor":12,"key":"SMITH"},{"data":"Armaments","floor":15,"key":"SMITH"}],"circlet_count":0,"master_deck":["AscendersBane","Strike_R","Strike_R","Strike_R","Strike_R","Defend_R","Defend_R","Defend_R","Bash","Cleave","Shockwave+1","Ghostly Armor","Brutality+1","Anger+1","Power Through","Twin Strike","Armaments+1"],"relics":["Burning Blood","NeowsBlessing","Frozen Egg 2","Meat on the Bone","Regal Pillow","Art of War","Nunchaku"],"acts_visited":["Exordium"],"potions_floor_usage":[16,16],"damage_taken":[{"damage":0,"enemies":"Jaw Worm","floor":1,"turns":1},{"damage":0,"enemies":"Small Slimes","floor":2,"turns":2},{"damage":0,"enemies":"Gremlin Nob","floor":6,"turns":1},{"damage":43,"enemies":"3 Sentries","floor":8,"turns":9},{"damage":4,"enemies":"Cultist","floor":10,"turns":4},{"damage":3,"enemies":"Red Slaver","floor":11,"turns":3},{"damage":35,"enemies":"Lagavulin","floor":13,"turns":9},{"damage":46,"enemies":"Hexaghost","floor":16,"turns":10}],"seed_played":"-1343424599616888644","potions_obtained":[{"floor":6,"key":"SmokeBomb"},{"floor":8,"key":"SkillPotion"},{"floor":10,"key":"ElixirPotion"}],"is_trial":false,"path_per_floor":["M","M","$","?","?","E","R","E","T","M","M","R","E","?","R","B"],"character_chosen":"IRONCLAD","items_purchased":["Ghostly Armor"],"campfire_rested":0,"item_purchase_floors":[3],"current_hp_per_floor":[74,75,75,80,75,80,80,55,55,57,60,60,43,43,43,0,0],"gold":118,"neow_bonus":"THREE_ENEMY_KILL","is_daily":false,"chose_seed":false,"campfire_upgraded":3,"win_rate":0.0,"timestamp":1611111086,"path_taken":["M","M","$","?","?","E","R","E","T","M","M","R","E","?","R","BOSS"],"items_purchased_type":["Card"],"build_version":"2020-12-22","purchased_purges":1,"victory":false,"max_hp_per_floor":[75,75,75,80,80,80,80,80,80,80,80,80,80,80,80,80,80],"relic_stats":{"Regal Pillow":0,"Nunchaku":[2],"counters":[8,39],"Art of War":[3],"obtain_stats":[{"Regal Pillow":8,"Nunchaku":13,"NeowsBlessing":0,"Art of War":9,"Frozen Egg 2":5,"Burning Blood":0,"Meat on the Bone":6},{"Regal Pillow":4,"Nunchaku":7,"NeowsBlessing":0,"Art of War":4,"Frozen Egg 2":2,"Burning Blood":0,"Meat on the Bone":3},{"Regal Pillow":13,"Nunchaku":29,"NeowsBlessing":0,"Art of War":13,"Frozen Egg 2":3,"Burning Blood":0,"Meat on the Bone":4}],"Burning Blood":36,"Meat on the Bone":24},"card_choices":[{"not_picked":["Shrug It Off","Feel No Pain"],"picked":"Cleave","floor":1},{"not_picked":["Sword Boomerang","Seeing Red"],"picked":"Shockwave","floor":2},{"not_picked":["Second Wind","Searing Blow"],"picked":"Brutality+1","floor":6},{"not_picked":["Pummel","Wild Strike"],"picked":"Anger","floor":8},{"not_picked":["Searing Blow","Havoc"],"picked":"Power Through","floor":10},{"not_picked":["Feel No Pain+1","Perfected Strike"],"picked":"Twin Strike","floor":11},{"not_picked":["Bloodletting","Cleave"],"picked":"Armaments","floor":13}],"player_experience":1794524,"relics_obtained":[{"floor":6,"key":"Meat on the Bone"},{"floor":8,"key":"Regal Pillow"},{"floor":9,"key":"Art of War"},{"floor":13,"key":"Nunchaku"}],"event_choices":[{"damage_healed":0,"gold_gain":0,"player_choice":"Donut","damage_taken":0,"max_hp_gain":5,"max_hp_loss":0,"event_name":"Big Fish","floor":4,"gold_loss":0},{"damage_healed":0,"gold_gain":0,"player_choice":"Success","damage_taken":5,"relics_obtained":["Frozen Egg 2"],"max_hp_gain":0,"max_hp_loss":0,"event_name":"Scrap Ooze","floor":5,"gold_loss":0},{"cards_removed":["Defend_R"],"damage_healed":0,"gold_gain":0,"player_choice":"Card Removal","damage_taken":0,"max_hp_gain":0,"max_hp_loss":0,"event_name":"Wheel of Change","floor":14,"gold_loss":0}],"is_beta":false,"boss_relics":[],"items_purged_floors":[3],"is_endless":false,"potions_floor_spawned":[6,8,10],"killed_by":"Hexaghost","ascension_level":20}}