{"host":"0fm1w3v00gid44jl","time":1611127120,"event":{"mods":["AchievementEnabler","BaseMod","Colored Map","Colored Powertips","Displayed Cursed Tome","Downfall","Googly Eyes","Highlight Path","Minty Spire (QoL Compilation)","Permanent Neow","Relic Stats","StSLib","SuperFastMode","slay the spire mod where everything is the same but ironclad has a cowboy hat"],"gold_per_floor":[99,549,649,667,679,709,735,73,91,107,38,38,56,66,83,83,83,83],"floor_reached":16,"language":"ENG","playtime":1019,"items_purged":["downfall:Bewildered"],"score":204,"play_id":"6786f68e-b9ed-4e9b-ae8f-aa98962da6f3","local_time":"20210120011840","is_ascension_mode":false,"campfire_choices":[{"data":"bronze:Goto","floor":1,"key":"SMITH"},{"floor":12,"key":"REST"}],"circlet_count":0,"master_deck":["bronze:Strike","bronze:Strike","bronze:Strike","bronze:Strike","bronze:Defend","bronze:Defend","bronze:Defend","bronze:Defend","bronze:Replicate+1","bronze:Goto+1","downfall:Icky","downfall:Icky","downfall:Icky","Writhe","Injury","bronze:Shield","bronze:WhirlingStrike","bronze:OilSpill","bronze:Assembly","bronze:WhirlingStrike","bronze:CloningBeam","bronze:Optimize","bronze:OilSpill","bronze:Overload","bronze:Flail","bronze:ForLoop"],"relics":["bronze:BronzeCore","Du-Vu Doll","hexamod:BolsterEngine","bronze:ProtectiveGoggles","Blue Candle","Tiny Chest"],"acts_visited":["Exordium"],"potions_floor_usage":[],"damage_taken":[{"damage":8,"enemies":"Jaw Worm","floor":4,"turns":3},{"damage":5,"enemies":"Small Slimes","floor":5,"turns":4},{"damage":13,"enemies":"3 Sentries","floor":6,"turns":6},{"damage":0,"enemies":"downfall:FleeingMerchant","floor":8,"turns":4},{"damage":1,"enemies":"Cultist","floor":9,"turns":3},{"damage":17,"enemies":"Exordium Thugs","floor":10,"turns":2},{"damage":7,"enemies":"downfall:FleeingMerchant","floor":11,"turns":4},{"damage":10,"enemies":"Large Slime","floor":13,"turns":3},{"damage":11,"enemies":"Exordium Wildlife","floor":14,"turns":2},{"damage":0,"enemies":"3 Louse","floor":15,"turns":2},{"damage":27,"enemies":"WA_ARCHETYPE_RETAIN","floor":16,"turns":4}],"seed_played":"8505649992092514509","potions_obtained":[{"floor":5,"key":"champ:CounterPotion"},{"floor":6,"key":"BlessingOfTheForge"},{"floor":10,"key":"hexamod:SoulburnPotion"}],"is_trial":false,"path_per_floor":["R","?","?","M","M","E","T","$","M","M","$","R","M","M","M","B"],"character_chosen":"THE_AUTOMATON","items_purchased":["Blue Candle","bronze:Assembly","Tiny Chest","bronze:OilSpill"],"campfire_rested":1,"item_purchase_floors":[8,8,8,11],"current_hp_per_floor":[70,70,70,62,57,44,44,44,43,26,19,40,30,19,19,0,0,0],"gold":83,"neow_bonus":"UPGRADE_CARD","is_daily":false,"chose_seed":false,"campfire_upgraded":1,"win_rate":0.0,"timestamp":1611127120,"path_taken":["R","?","?","M","M","E","T","$","M","M","$","R","M","M","M","BOSS"],"items_purchased_type":["Relic","Card","Relic","Card"],"build_version":"2020-12-22","purchased_purges":1,"victory":false,"max_hp_per_floor":[70,70,70,70,70,70,70,70,70,70,70,70,70,70,70,70,70,70],"relic_stats":{"counters":[11,37],"Blue Candle":[3],"Tiny Chest":0,"obtain_stats":[{"Du-Vu Doll":3,"bronze:BronzeCore":0,"bronze:ProtectiveGoggles":7,"Blue Candle":8,"Tiny Chest":8,"hexamod:BolsterEngine":6},{"Du-Vu Doll":0,"bronze:BronzeCore":0,"bronze:ProtectiveGoggles":3,"Blue Candle":4,"Tiny Chest":4,"hexamod:BolsterEngine":3},{"Du-Vu Doll":0,"bronze:BronzeCore":0,"bronze:ProtectiveGoggles":13,"Blue Candle":17,"Tiny Chest":17,"hexamod:BolsterEngine":13}]},"card_choices":[{"not_picked":["bronze:WildBeam","bronze:CloningBeam"],"picked":"bronze:Shield","floor":4},{"not_picked":["bronze:CutThrough","bronze:Overheat"],"picked":"bronze:WhirlingStrike","floor":5},{"not_picked":["bronze:BitShift","bronze:Safeguard","bronze:ChosenStrike"],"picked":"SKIP","floor":6},{"not_picked":["bronze:BronzeArmor","bronze:DarkDash"],"picked":"bronze:OilSpill","floor":8},{"not_picked":["bronze:Turbo","bronze:BronzeOrb"],"picked":"bronze:WhirlingStrike","floor":9},{"not_picked":["bronze:Return","bronze:Separator"],"picked":"bronze:CloningBeam","floor":10},{"not_picked":["bronze:Constructor","bronze:Fortify"],"picked":"bronze:Optimize","floor":11},{"not_picked":["bronze:Deprecate","bronze:Fortify"],"picked":"bronze:Overload","floor":13},{"not_picked":["bronze:Overheat","bronze:Deprecate"],"picked":"bronze:Flail","floor":14},{"not_picked":["bronze:BronzeOrb","bronze:Overload"],"picked":"bronze:ForLoop","floor":15}],"player_experience":1466913,"relics_obtained":[{"floor":6,"key":"hexamod:BolsterEngine"},{"floor":7,"key":"bronze:ProtectiveGoggles"}],"event_choices":[],"is_beta":false,"boss_relics":[],"items_purged_floors":[8],"is_endless":false,"potions_floor_spawned":[5,6,10,13],"killed_by":"WA_ARCHETYPE_RETAIN","ascension_level":0}}