{"host":"acoec5ay1lgwne5g","time":1611131689,"event":{"mods":["Act Like it!","Arknights The Spire","BaseMod","Colored Map","Colored Powertips","Googly Eyes","Hallownest","Minty Spire (QoL Compilation)","Replay The Spire","Shop Mod","Spire Birthday Party","StSLib","[IsaacMod]ÒÔÈö¼âËþ","óô»ðÖ¸ÄÏ"],"gold_per_floor":[117,137,150,124,124,124,154,4,74,74,87,106,106,137,137,239,339,312,329,428,439,450,477,477,99,99,99,128,144,160,18,18,116,116,154,205,90,105,105,136,12,12,86,124,154,166,218,236,236,236],"floor_reached":51,"language":"ZHS","playtime":5119,"items_purged":["ats:Strike C","ats:Strike V","ats:Strike G"],"score":839,"play_id":"da733e47-3894-4a11-b750-d534d302a768","local_time":"20210120163449","is_ascension_mode":false,"campfire_choices":[{"data":"ats:Emotion Absorption","floor":6,"key":"SMITH"},{"data":"ats:Armor Crushing Shot","floor":10,"key":"SMITH"},{"data":"ats:Neurotoxin","floor":15,"key":"SMITH"},{"data":"ats:Ambush","floor":24,"key":"SMITH"},{"data":"ats:Poison Spread","floor":27,"key":"SMITH"},{"data":"HandOfGreed","floor":32,"key":"SMITH"},{"data":"Enlightenment","floor":42,"key":"SMITH"},{"data":"Master of Strategy","floor":49,"key":"SMITH"}],"circlet_count":0,"master_deck":["ats:Strike S","ats:Armor Crushing Shot+1","ats:Defend","ats:Defend","ats:Defend","ats:Defend","ats:Emotion Absorption+1","ats:Apocalypse","ats:Calcification+1","ats:Neurotoxin+1","ats:Ambush+1","ats:Poison Spread+1","ats:Neurotoxin","ats:Poison Spread+1","Master of Strategy+1","HandOfGreed+1","ats:Wolf Pack","ats:Overload","ats:Poison Spread+1","Enlightenment+1"],"relics":["ats:Sanity","HushsDoor","NeowsBlessing","BookofShadows","ats:Originium","ats:Lavender","MerchantsRug","TheBible","Gremlin Horn","Divine Protection","Pen Nib","ReplayTheSpireMod:Shallot","Coffee Dripper","Onion Ring","Meat on the Bone","Ornamental Fan","Bottled Lightning"],"acts_visited":["Exordium","TheCity","TheBeyond"],"potions_floor_usage":[],"damage_taken":[{"damage":0,"enemies":"Cultist","floor":1,"turns":1},{"damage":0,"enemies":"Jaw Worm","floor":2,"turns":1},{"damage":0,"enemies":"2 Louse","floor":3,"turns":1},{"damage":7,"enemies":"Exordium Thugs","floor":4,"turns":5},{"damage":64,"enemies":"Lagavulin","floor":7,"turns":10},{"damage":5,"enemies":"Looter","floor":11,"turns":5},{"damage":1,"enemies":"2 Fungi Beasts","floor":12,"turns":4},{"damage":35,"enemies":"3 Sentries","floor":14,"turns":12},{"damage":28,"enemies":"The Guardian","floor":16,"turns":15},{"damage":22,"enemies":"2 Thieves","floor":18,"turns":5},{"damage":19,"enemies":"3 Byrds","floor":19,"turns":4},{"damage":5,"enemies":"Cultist and Chosen","floor":21,"turns":7},{"damage":18,"enemies":"Snake Plant","floor":22,"turns":4},{"damage":22,"enemies":"Replay:Snechameleon","floor":23,"turns":6},{"damage":13,"enemies":"Gremlin Leader","floor":28,"turns":5},{"damage":0,"enemies":"3 Cultists","floor":29,"turns":4},{"damage":16,"enemies":"Centurion and Healer","floor":30,"turns":4},{"damage":15,"enemies":"Collector","floor":33,"turns":7},{"damage":1,"enemies":"3 Shapes","floor":35,"turns":6},{"damage":0,"enemies":"Orb Walker","floor":38,"turns":4},{"damage":0,"enemies":"Nemesis","floor":40,"turns":5},{"damage":41,"enemies":"4 Shapes","floor":44,"turns":5},{"damage":0,"enemies":"R_Hoarder","floor":45,"turns":7},{"damage":0,"enemies":"3 Darklings","floor":46,"turns":3},{"damage":0,"enemies":"Reptomancer","floor":47,"turns":4},{"damage":0,"enemies":"Writhing Mass","floor":48,"turns":5},{"damage":12,"enemies":"Time Eater","floor":50,"turns":8}],"seed_played":"1017070806530307009","potions_obtained":[{"floor":3,"key":"Regen Potion"},{"floor":7,"key":"Ancient Potion"},{"floor":14,"key":"Adrenaline Potion"},{"floor":16,"key":"PowerPotion"},{"floor":18,"key":"AttackPotion"},{"floor":33,"key":"SteroidPotion"},{"floor":35,"key":"LifebloodPotion"},{"floor":40,"key":"ats:Top Emergency Sanity Potion"},{"floor":46,"key":"CultistPotion"},{"floor":47,"key":"Energy Potion"}],"is_trial":false,"path_per_floor":["M","M","M","M","T","R","E","R","T","R","M","M","?","E","R","B",null,"M","M","?","M","M","E","R","$","T","R","E","M","M","$","R","B",null,"M","?","$","M","T","E","$","R","T","M","E","M","E","M","R","B",null],"character_chosen":"DOCTOR_CLASS","items_purchased":["MerchantsRug","ats:Calcification+1","Divine Protection","Master of Strategy","HandOfGreed","Enlightenment","Onion Ring"],"campfire_rested":0,"item_purchase_floors":[8,8,25,25,31,37,41],"current_hp_per_floor":[72,72,72,65,65,65,1,1,1,1,14,25,25,13,13,30,72,56,42,42,49,40,34,34,34,34,34,36,46,43,43,43,49,72,72,54,54,58,58,72,72,72,72,39,61,67,72,72,72,66],"gold":236,"neow_bonus":"THREE_ENEMY_KILL","is_daily":false,"chose_seed":false,"campfire_upgraded":8,"win_rate":0.0,"timestamp":1611131689,"path_taken":["M","M","M","M","?","R","E","R","T","R","M","M","?","E","R","BOSS","M","M","?","M","M","E","R","?","T","R","E","M","?","$","R","BOSS","M","?","?","M","?","E","$","R","T","?","E","M","E","M","R","BOSS"],"items_purchased_type":["Relic","Card","Relic","Card","Card","Card","Relic"],"build_version":"2020-12-22","purchased_purges":3,"victory":true,"max_hp_per_floor":[72,72,72,72,72,72,72,72,72,72,72,72,72,72,72,72,72,72,72,72,72,72,72,72,72,72,72,72,72,72,72,72,72,72,72,72,72,72,72,72,72,72,72,72,72,72,72,72,72,72],"card_choices":[{"not_picked":["ats:Closed Bolt Burst Fire","ats:Powerful Strike","ats:Leaping Hammer"],"picked":"SKIP","floor":1},{"not_picked":["ats:Closed Bolt Burst Fire","ats:Powerful Strike","ats:Leaping Hammer"],"picked":"SKIP","floor":1},{"not_picked":["ats:Counter Healing Mode","ats:Shadow Raid","ats:Revitalization"],"picked":"SKIP","floor":2},{"not_picked":["ats:Sword Rain","ats:Powerful Strike","ats:Cat Scratch"],"picked":"SKIP","floor":3},{"not_picked":["ats:Soul Absorption","ats:Encircling Forest","ats:Ignite"],"picked":"SKIP","floor":4},{"not_picked":["ats:Automatic Cover","ats:Beaten Up"],"picked":"ats:Apocalypse","floor":7},{"not_picked":["ats:Explosion Area Strengthen","ats:Sunburst"],"picked":"ats:Neurotoxin","floor":11},{"not_picked":["ats:Shadow Assault","ats:Flame Of Heaven"],"picked":"ats:Part Time Job","floor":12},{"not_picked":["ats:Revitalization","ats:Demon Strength","ats:Flame Of Heaven"],"picked":"SKIP","floor":14},{"not_picked":["ats:Dogmatic Field","ats:True Silver Slash"],"picked":"ats:Ambush","floor":16},{"not_picked":["ats:Sword Rain","ats:Powerful Strike+1"],"picked":"ats:Poison Spread+1","floor":18},{"not_picked":["ats:Shell Defense","ats:Apocalypse","ats:Powerful Strike"],"picked":"SKIP","floor":19},{"not_picked":["ats:Childhood Dance+1","ats:Chain Hook"],"picked":"ats:Neurotoxin","floor":21},{"not_picked":["ats:True Silver Slash","ats:Curse Doll+1"],"picked":"ats:Poison Spread","floor":22},{"not_picked":["ats:Powerful Strike","ats:Hook Shot","ats:Childhood Dance"],"picked":"SKIP","floor":23},{"not_picked":["ats:Thermite Blade","ats:Powerful Strike","ats:Rat Pack"],"picked":"SKIP","floor":28},{"not_picked":["ats:Soul Absorption+1","ats:Beaten Up","ats:Apocalypse"],"picked":"SKIP","floor":29},{"not_picked":["ats:Shell Defense","ats:Curse Doll","ats:Counter Healing Mode"],"picked":"SKIP","floor":30},{"not_picked":["ats:Soul Rend","ats:Disruption Kick"],"picked":"ats:Wolf Pack","floor":33},{"not_picked":["ats:Explosion Area Strengthen+1","ats:Charging Defense"],"picked":"ats:Overload","floor":35},{"not_picked":["ats:Burning Ground","ats:Curse Doll"],"picked":"ats:Poison Spread+1","floor":36},{"not_picked":["ats:Powerful Strike","ats:Childhood Dance+1","ats:Shell Defense+1"],"picked":"SKIP","floor":38},{"not_picked":["ats:Cat Scratch","ats:Childhood Dance","ats:Echo Reverb"],"picked":"SKIP","floor":40},{"not_picked":["ats:Automatic Cover+1","ats:Song Of Battle+1","ats:Part Time Job"],"picked":"SKIP","floor":44},{"not_picked":["ats:Revitalization+1","ats:Assault Order","ats:Ignite"],"picked":"SKIP","floor":45},{"not_picked":["ats:Assault Order+1","ats:LN2 Cannon","ats:Explosion Area Strengthen+1"],"picked":"SKIP","floor":46},{"not_picked":["ats:Flexible Camouflage","ats:Magnetic Hammer","ats:Chain Hook+1"],"picked":"SKIP","floor":47},{"not_picked":["ats:Spore Proliferation","ats:Sword Rain","ats:Automatic Cover+1"],"picked":"SKIP","floor":48}],"player_experience":1129232,"relics_obtained":[{"floor":5,"key":"InkBottle"},{"floor":7,"key":"ats:Originium"},{"floor":7,"key":"ats:Lavender"},{"floor":9,"key":"TheBible"},{"floor":14,"key":"ats:Originium"},{"floor":14,"key":"Replay:Wax Seal"},{"floor":23,"key":"ats:Originium"},{"floor":23,"key":"DeathBook"},{"floor":26,"key":"Pen Nib"},{"floor":28,"key":"ReplayTheSpireMod:Shallot"},{"floor":36,"key":"White Beast Statue"},{"floor":39,"key":"Mercury Hourglass"},{"floor":40,"key":"Replay:Baseball"},{"floor":43,"key":"Meat on the Bone"},{"floor":45,"key":"Ornamental Fan"},{"floor":47,"key":"Bottled Lightning"}],"event_choices":[{"cards_removed":["ats:Part Time Job"],"damage_healed":0,"gold_gain":0,"player_choice":"Gave Card","damage_taken":0,"relics_obtained":["Gremlin Horn"],"max_hp_gain":0,"max_hp_loss":0,"event_name":"WeMeetAgain","floor":13,"gold_loss":0},{"damage_healed":0,"gold_gain":99,"player_choice":"Stole From Cult","damage_taken":0,"max_hp_gain":0,"max_hp_loss":0,"event_name":"Nest","floor":20,"gold_loss":0}],"is_beta":false,"boss_relics":[{"not_picked":["ChewingGum","ats:Omniscience"],"picked":"Replay:Wanted Poster"},{"not_picked":[]},{"not_picked":["ats:Sanity Plus","Abe\u0027s Treasure"],"picked":"Coffee Dripper"},{"not_picked":[]}],"items_purged_floors":[25,31,37],"is_endless":false,"potions_floor_spawned":[3,7,14,16,18,21,23,33,35,40,46,47],"ascension_level":0}}