{"host":"6wux4armhsntp4yb","time":1611107443,"event":{"mods":["BaseMod","Colored Map","DeckTracker","Minty Spire (QoL Compilation)","Relic Stats"],"gold_per_floor":[114,39,39,58,58,58,93,11,11,61,87,87,106,118,118,195,195,212,137,147,160,75,75,75,75],"floor_reached":24,"language":"JPN","playtime":1025,"items_purged":["Strike_G"],"score":508,"play_id":"77ec94bb-b1d2-4aad-9745-449ae1428ebd","local_time":"20210120105043","is_ascension_mode":true,"campfire_choices":[{"floor":6.0,"key":"REST"},{"data":"Noxious Fumes","floor":12.0,"key":"SMITH"},{"data":"Doppelganger","floor":15.0,"key":"SMITH"},{"data":"Wraith Form v2","floor":23.0,"key":"SMITH"}],"circlet_count":0,"master_deck":["AscendersBane","Defend_G","Defend_G","Defend_G","Defend_G","Defend_G","Survivor","Neutralize","Crippling Poison","Finisher","Doppelganger+1","Dagger Throw","Noxious Fumes+1","Slice","Dagger Spray","Wraith Form v2+1","Bane","Prepared","Adrenaline"],"relics":["Ring of the Snake","NeowsBlessing","Juzu Bracelet","Tingsha","Du-Vu Doll","Anchor","Empty Cage","Happy Flower"],"acts_visited":["Exordium","TheCity"],"potions_floor_usage":[],"damage_taken":[{"damage":0.0,"enemies":"Small Slimes","floor":1.0,"turns":1.0},{"damage":0.0,"enemies":"2 Louse","floor":4.0,"turns":1.0},{"damage":0.0,"enemies":"Gremlin Nob","floor":7.0,"turns":1.0},{"damage":0.0,"enemies":"Lagavulin","floor":11.0,"turns":4.0},{"damage":0.0,"enemies":"Jaw Worm","floor":13.0,"turns":4.0},{"damage":0.0,"enemies":"Lots of Slimes","floor":14.0,"turns":4.0},{"damage":31.0,"enemies":"Slime Boss","floor":16.0,"turns":7.0},{"damage":20.0,"enemies":"Spheric Guardian","floor":18.0,"turns":6.0},{"damage":18.0,"enemies":"Shell Parasite","floor":20.0,"turns":5.0},{"damage":21.0,"enemies":"Shelled Parasite and Fungi","floor":21.0,"turns":6.0},{"damage":9,"enemies":"Sentry and Sphere","floor":24,"turns":5}],"seed_played":"1986027376235178905","potions_obtained":[{"floor":1.0,"key":"Weak Potion"},{"floor":13.0,"key":"Fire Potion"},{"floor":20.0,"key":"FairyPotion"}],"is_trial":false,"path_per_floor":["M","?","?","M","?","R","E","$","T","?","E","R","M","M","R","B",null,"M","$","M","M","?","R","M"],"character_chosen":"THE_SILENT","items_purchased":["BlessingOfTheForge","Dagger Throw"],"campfire_rested":1,"item_purchase_floors":[8,8],"current_hp_per_floor":[59,59,33,33,26,45,45,45,45,45,45,45,45,45,45,14,53,33,33,15,14,14,14,5,5],"gold":75,"neow_bonus":"THREE_ENEMY_KILL","is_daily":false,"chose_seed":false,"campfire_upgraded":3,"win_rate":0.0,"timestamp":1611107443,"path_taken":["M","?","?","M","?","R","E","$","T","?","E","R","M","M","R","BOSS","M","?","M","M","?","R","M"],"items_purchased_type":["Potion","Card"],"build_version":"2020-12-22","purchased_purges":1,"victory":false,"max_hp_per_floor":[66,66,66,66,66,66,66,66,66,66,66,66,66,66,66,66,66,66,66,66,66,66,66,66,66],"relic_stats":{"Happy Flower":[1],"counters":[11,44],"Tingsha":[48],"Juzu Bracelet":1,"obtain_stats":[{"Du-Vu Doll":9,"Anchor":11,"NeowsBlessing":0,"Happy Flower":22,"Tingsha":7,"Juzu Bracelet":3,"Empty Cage":17,"Ring of the Snake":0},{"Du-Vu Doll":3,"Anchor":4,"NeowsBlessing":0,"Happy Flower":10,"Tingsha":3,"Juzu Bracelet":1,"Empty Cage":7,"Ring of the Snake":0},{"Du-Vu Doll":3,"Anchor":7,"NeowsBlessing":0,"Happy Flower":39,"Tingsha":3,"Juzu Bracelet":1,"Empty Cage":22,"Ring of the Snake":0}],"Ring of the Snake":[22]},"card_choices":[{"not_picked":["All Out Attack","Flying Knee"],"picked":"Crippling Poison","floor":1.0},{"not_picked":["Underhanded Strike","Quick Slash"],"picked":"Finisher","floor":4.0},{"not_picked":["Blur","Dodge and Roll"],"picked":"Doppelganger","floor":7.0},{"not_picked":["Dagger Spray","Poisoned Stab"],"picked":"Noxious Fumes","floor":11.0},{"not_picked":["Choke","Cloak And Dagger"],"picked":"Slice","floor":13.0},{"not_picked":["Cloak And Dagger","Quick Slash"],"picked":"Dagger Spray","floor":14.0},{"not_picked":["Glass Knife","Die Die Die"],"picked":"Wraith Form v2","floor":16.0},{"not_picked":["Poisoned Stab","Deadly Poison"],"picked":"Bane","floor":18.0},{"not_picked":["Backstab","Acrobatics"],"picked":"Prepared","floor":20.0},{"not_picked":["Underhanded Strike","Predator"],"picked":"Adrenaline","floor":21.0}],"player_experience":5815189,"relics_obtained":[{"floor":7.0,"key":"Tingsha"},{"floor":9.0,"key":"Du-Vu Doll"},{"floor":11.0,"key":"Anchor"}],"event_choices":[{"cards_removed":["Strike_G"],"damage_healed":0.0,"max_hp_gain":0.0,"max_hp_loss":0.0,"gold_gain":0.0,"event_name":"The Cleric","player_choice":"Card Removal","floor":2.0,"gold_loss":75.0,"damage_taken":0.0},{"damage_healed":0.0,"max_hp_gain":0.0,"max_hp_loss":0.0,"gold_gain":0.0,"event_name":"Scrap Ooze","player_choice":"Success","floor":3.0,"gold_loss":0.0,"damage_taken":26.0,"relics_obtained":["Juzu Bracelet"]},{"cards_removed":["Strike_G"],"damage_healed":0.0,"max_hp_gain":0.0,"max_hp_loss":0.0,"gold_gain":0.0,"event_name":"Golden Wing","player_choice":"Card Removal","floor":5.0,"gold_loss":0.0,"damage_taken":7.0},{"damage_healed":0.0,"max_hp_gain":0.0,"max_hp_loss":0.0,"gold_gain":50.0,"event_name":"Golden Shrine","player_choice":"Pray","floor":10.0,"gold_loss":0.0,"damage_taken":0.0},{"damage_healed":0.0,"max_hp_gain":0.0,"max_hp_loss":0.0,"gold_gain":0.0,"event_name":"Addict","player_choice":"Obtained Relic","floor":22.0,"gold_loss":85.0,"damage_taken":0.0,"relics_obtained":["Happy Flower"]}],"is_beta":false,"boss_relics":[{"not_picked":["Sozu","Tiny House"],"picked":"Empty Cage"}],"items_purged_floors":[19],"is_endless":false,"potions_floor_spawned":[1,13,14,20],"killed_by":"Sentry and Sphere","ascension_level":20}}