{"host":"0fm1w3v00gid44jl","time":1611126083,"event":{"mods":["AchievementEnabler","BaseMod","Colored Map","Colored Powertips","Displayed Cursed Tome","Downfall","Googly Eyes","Highlight Path","Minty Spire (QoL Compilation)","Permanent Neow","Relic Stats","StSLib","SuperFastMode","slay the spire mod where everything is the same but ironclad has a cowboy hat"],"gold_per_floor":[99,116,116,30,42,492,519,519,23,43,43,43,56,75,92,92,92,92],"floor_reached":16,"language":"ENG","playtime":535,"items_purged":[],"score":92,"play_id":"0c724639-690f-46df-9062-898c95c6e8f0","local_time":"20210120010123","is_ascension_mode":false,"campfire_choices":[{"data":"bronze:Replicate","floor":1,"key":"SMITH"},{"data":"bronze:Flail","floor":8,"key":"SMITH"},{"data":"bronze:Boost","floor":12,"key":"SMITH"}],"circlet_count":0,"master_deck":["bronze:Strike","bronze:Strike","bronze:Strike","bronze:Strike","bronze:Defend","bronze:Defend","bronze:Defend","bronze:Defend","bronze:Replicate+1","bronze:Goto","bronze:BronzeOrb","bronze:ClassDefault","bronze:Repulsor","bronze:Flail+1","bronze:Assembly","downfall:Icky","downfall:Icky","downfall:Icky","bronze:Boost+1","bronze:ShipIt","bronze:Repulsor","bronze:Iterate","bronze:OilSpill","bronze:Philosophize","bronze:Shield"],"relics":["bronze:BronzeCore","bronze:BottledCode","Smiling Mask","hexamod:CandleOfCauterizing"],"acts_visited":["Exordium"],"potions_floor_usage":[15],"damage_taken":[{"damage":12,"enemies":"Jaw Worm","floor":2,"turns":7},{"damage":0,"enemies":"downfall:FleeingMerchant","floor":4,"turns":4},{"damage":8,"enemies":"2 Louse","floor":5,"turns":3},{"damage":10,"enemies":"downfall:FleeingMerchant","floor":9,"turns":4},{"damage":0,"enemies":"Small Slimes","floor":10,"turns":1},{"damage":7,"enemies":"3 Louse","floor":13,"turns":2},{"damage":2,"enemies":"Red Slaver","floor":14,"turns":3},{"damage":0,"enemies":"Gremlin Gang","floor":15,"turns":3},{"damage":31,"enemies":"IC_STATUS_ARCHETYPE","floor":16,"turns":6}],"seed_played":"-3582402856924863983","potions_obtained":[{"floor":2,"key":"Dexterity Potion"},{"floor":10,"key":"Block Potion"},{"floor":13,"key":"sneckomod:MuddlingPotion"},{"floor":15,"key":"Explosive Potion"}],"is_trial":false,"path_per_floor":["R","M","?","$","M","?","T","R","$","M","?","R","M","M","M","B"],"character_chosen":"THE_AUTOMATON","items_purchased":["bronze:Flail","hexamod:CandleOfCauterizing","bronze:ShipIt","bronze:Repulsor"],"campfire_rested":0,"item_purchase_floors":[4,9,9,9],"current_hp_per_floor":[70,58,58,58,50,50,50,50,40,40,40,40,33,31,31,0,0,0],"gold":92,"neow_bonus":"THREE_CARDS","is_daily":false,"chose_seed":false,"campfire_upgraded":3,"win_rate":0.0,"timestamp":1611126083,"path_taken":["R","M","?","$","M","?","T","R","?","M","?","R","M","M","M","BOSS"],"items_purchased_type":["Card","Relic","Card","Card"],"build_version":"2020-12-22","purchased_purges":0,"victory":false,"max_hp_per_floor":[70,70,60,60,60,60,60,60,60,60,60,60,60,60,60,60,60,60],"relic_stats":{"counters":[9,33],"Smiling Mask":0,"obtain_stats":[{"bronze:BottledCode":3,"hexamod:CandleOfCauterizing":9,"bronze:BronzeCore":0,"Smiling Mask":7},{"bronze:BottledCode":1,"hexamod:CandleOfCauterizing":4,"bronze:BronzeCore":0,"Smiling Mask":3},{"bronze:BottledCode":7,"hexamod:CandleOfCauterizing":18,"bronze:BronzeCore":0,"Smiling Mask":14}]},"card_choices":[{"not_picked":["bronze:ChildClass","bronze:Frontload"],"picked":"bronze:BronzeOrb","floor":0},{"not_picked":["bronze:NullPointer","bronze:Branch"],"picked":"bronze:ClassDefault","floor":2},{"not_picked":["bronze:BitShift","bronze:DigitalCarnage"],"picked":"bronze:Repulsor","floor":4},{"not_picked":["bronze:BronzeOrb","bronze:OilSpill"],"picked":"bronze:Assembly","floor":5},{"not_picked":["bronze:Turbo","bronze:Constructor"],"picked":"bronze:Boost","floor":9},{"not_picked":["bronze:Repair","bronze:Invalidate"],"picked":"bronze:Iterate","floor":10},{"not_picked":["bronze:WildBeam","bronze:DelayedGuard"],"picked":"bronze:OilSpill","floor":13},{"not_picked":["bronze:CutThrough","bronze:FineTuning"],"picked":"bronze:Philosophize","floor":14},{"not_picked":["bronze:Overheat","bronze:CutThrough"],"picked":"bronze:Shield","floor":15}],"player_experience":1466378,"relics_obtained":[{"floor":7,"key":"Smiling Mask"}],"event_choices":[],"is_beta":false,"boss_relics":[],"items_purged_floors":[],"is_endless":false,"potions_floor_spawned":[2,10,13,15],"killed_by":"IC_STATUS_ARCHETYPE","ascension_level":0}}