{"host":"xetj7e4h1njmphhb","time":1611121264,"event":{"mods":["BaseMod","Minty Spire (QoL Compilation)","SuperFastMode"],"gold_per_floor":[112,112,122,122,136,171,171,171,171,171,185,26,26,26,26,26,26],"floor_reached":16,"language":"ENG","playtime":394,"items_purged":["Strike_B"],"score":98,"play_id":"b7056a75-e4ff-4f3d-88bb-ab326f838d75","local_time":"20210120004104","is_ascension_mode":false,"campfire_choices":[{"floor":8,"key":"REST"},{"floor":15,"key":"REST"}],"circlet_count":0,"master_deck":["Strike_B","Strike_B","Defend_B","Defend_B","Defend_B","Defend_B","Zap+1","Dualcast","Beam Cell","Defragment","Go for the Eyes","Rebound","Redo","Capacitor","Streamline"],"relics":["Cracked Core","NeowsBlessing","Unceasing Top","Golden Idol","Bird Faced Urn"],"acts_visited":["Exordium"],"potions_floor_usage":[16,16,16],"damage_taken":[{"damage":0,"enemies":"Jaw Worm","floor":1,"turns":1},{"damage":0,"enemies":"2 Louse","floor":3,"turns":1},{"damage":0,"enemies":"Cultist","floor":5,"turns":1},{"damage":31,"enemies":"Gremlin Nob","floor":6,"turns":5},{"damage":13,"enemies":"Red Slaver","floor":11,"turns":2},{"damage":66,"enemies":"Slime Boss","floor":16,"turns":10}],"seed_played":"-1768659954890731621","potions_obtained":[{"floor":3,"key":"PotionOfCapacity"},{"floor":5,"key":"Regen Potion"},{"floor":6,"key":"SkillPotion"}],"is_trial":false,"path_per_floor":["M","?","M","?","M","E","?","R","T","?","M","$","$","?","R","B"],"character_chosen":"DEFECT","items_purchased":["Capacitor","Streamline"],"campfire_rested":2,"item_purchase_floors":[12,12],"current_hp_per_floor":[75,75,75,80,80,49,29,53,53,53,40,40,40,33,57,0,0],"gold":26,"neow_bonus":"THREE_ENEMY_KILL","is_daily":false,"chose_seed":false,"campfire_upgraded":0,"win_rate":0.0,"timestamp":1611121264,"path_taken":["M","?","M","?","M","E","?","R","T","?","?","?","$","?","R","BOSS"],"items_purchased_type":["Card","Card"],"build_version":"2020-12-22","purchased_purges":1,"victory":false,"max_hp_per_floor":[75,75,75,80,80,80,80,80,80,80,80,80,80,80,80,80,80],"card_choices":[{"not_picked":["Stack","Turbo"],"picked":"Beam Cell","floor":1},{"not_picked":["Coolheaded","Reprogram"],"picked":"Defragment","floor":3},{"not_picked":["Steam","Steam Power"],"picked":"Go for the Eyes","floor":5},{"not_picked":["Seek","Beam Cell"],"picked":"Rebound","floor":6},{"not_picked":["Stack","Darkness"],"picked":"Redo","floor":11}],"player_experience":14352,"relics_obtained":[{"floor":6,"key":"Unceasing Top"},{"floor":9,"key":"Bird Faced Urn"}],"event_choices":[{"damage_healed":0,"gold_gain":0,"player_choice":"Fled","damage_taken":0,"max_hp_gain":0,"max_hp_loss":0,"event_name":"Scrap Ooze","floor":2,"gold_loss":0},{"damage_healed":0,"gold_gain":0,"player_choice":"Donut","damage_taken":0,"max_hp_gain":5,"max_hp_loss":0,"event_name":"Big Fish","floor":4,"gold_loss":0},{"damage_healed":0,"gold_gain":0,"player_choice":"Take Damage","damage_taken":20,"relics_obtained":["Golden Idol"],"max_hp_gain":0,"max_hp_loss":0,"event_name":"Golden Idol","floor":7,"gold_loss":0},{"damage_healed":0,"gold_gain":0,"player_choice":"Forge","damage_taken":0,"max_hp_gain":0,"max_hp_loss":0,"event_name":"Accursed Blacksmith","floor":10,"gold_loss":0,"cards_upgraded":["Zap"]},{"cards_removed":["Strike_B"],"damage_healed":0,"gold_gain":0,"player_choice":"Card Removal","damage_taken":7,"max_hp_gain":0,"max_hp_loss":0,"event_name":"Golden Wing","floor":14,"gold_loss":0}],"is_beta":false,"boss_relics":[],"items_purged_floors":[12],"is_endless":false,"potions_floor_spawned":[3,5,6],"killed_by":"Slime Boss","ascension_level":0}}