{"host":"c97twqu0op5dg8i4","time":1611125839,"event":{"mods":["AchievementEnabler","BaseMod","Colored Map","Minty Spire (QoL Compilation)","Permanent Neow"],"gold_per_floor":[116,135,85,160,160,160,170,170,170,203,214,231,35,60,60,160,160,174,194,119,130,130,156,156,183,209,222,68,79,4,0,0,102,102,120,170,190,190,205,205,233,6,32,52,80,94,94,109,109,109],"floor_reached":51,"language":"ENG","playtime":2895,"items_purged":[],"score":959,"play_id":"617324c1-c809-4fa7-9adf-5ca241301e4a","local_time":"20210120015719","is_ascension_mode":true,"campfire_choices":[{"data":"Echo Form","floor":6,"key":"SMITH"},{"data":"Defragment","floor":8,"key":"SMITH"},{"floor":15,"key":"REST"},{"floor":24,"key":"REST"},{"floor":32,"key":"REST"},{"floor":40,"key":"REST"},{"data":"Rainbow","floor":49,"key":"SMITH"}],"circlet_count":0,"master_deck":["Strike_B+1","Defend_B+1","Defend_B+1","Zap","Dualcast","Echo Form+1","Cold Snap","Cold Snap","Defragment+1","Melter","Cold Snap","Defragment+1","Amplify","Capacitor","Leap","Rip and Tear","Rainbow+1","Doom and Gloom+1","Static Discharge+1","BootSequence+1","Ball Lightning+1","Thinking Ahead","Storm+1","Melter+1"],"relics":["Cracked Core","HornCleat","Whetstone","DollysMirror","Toy Ornithopter","Philosopher\u0027s Stone","Vajra","Bottled Tornado","Centennial Puzzle","War Paint","MealTicket","Astrolabe","Bird Faced Urn","Oddly Smooth Stone","DataDisk","Lantern","Art of War"],"acts_visited":["Exordium","TheCity","TheBeyond"],"potions_floor_usage":[12,16,23,25,25,33,39,50,50],"damage_taken":[{"damage":9,"enemies":"Small Slimes","floor":1,"turns":3},{"damage":2,"enemies":"Jaw Worm","floor":2,"turns":3},{"damage":0,"enemies":"Cultist","floor":7,"turns":3},{"damage":5,"enemies":"Gremlin Nob","floor":10,"turns":5},{"damage":6,"enemies":"Exordium Wildlife","floor":11,"turns":3},{"damage":8,"enemies":"Exordium Thugs","floor":12,"turns":5},{"damage":0,"enemies":"Slime Boss","floor":16,"turns":8},{"damage":0,"enemies":"Spheric Guardian","floor":18,"turns":3},{"damage":13,"enemies":"Shell Parasite","floor":19,"turns":4},{"damage":3,"enemies":"3 Cultists","floor":21,"turns":6},{"damage":59,"enemies":"Slavers","floor":23,"turns":7},{"damage":9,"enemies":"Book of Stabbing","floor":25,"turns":6},{"damage":1,"enemies":"Snake Plant","floor":27,"turns":5},{"damage":6,"enemies":"Cultist and Chosen","floor":29,"turns":6},{"damage":7,"enemies":"Automaton","floor":33,"turns":10},{"damage":21,"enemies":"3 Shapes","floor":35,"turns":3},{"damage":3,"enemies":"Mind Bloom Boss Battle","floor":36,"turns":8},{"damage":22,"enemies":"3 Darklings","floor":37,"turns":5},{"damage":22,"enemies":"Jaw Worm Horde","floor":39,"turns":4},{"damage":2,"enemies":"Nemesis","floor":41,"turns":7},{"damage":26,"enemies":"4 Shapes","floor":44,"turns":3},{"damage":5,"enemies":"Giant Head","floor":45,"turns":6},{"damage":5,"enemies":"Spire Growth","floor":46,"turns":4},{"damage":0,"enemies":"Sphere and 2 Shapes","floor":48,"turns":3},{"damage":73,"enemies":"Awakened One","floor":50,"turns":12}],"seed_played":"6578694247180574284","potions_obtained":[{"floor":10,"key":"Fire Potion"},{"floor":12,"key":"AttackPotion"},{"floor":16,"key":"Dexterity Potion"},{"floor":23,"key":"FearPotion"},{"floor":25,"key":"ColorlessPotion"},{"floor":37,"key":"DistilledChaos"},{"floor":39,"key":"GamblersBrew"},{"floor":45,"key":"BlessingOfTheForge"}],"is_trial":false,"path_per_floor":["M","M","?","?","?","R","M","R","T","E","M","M","$","T","R","B",null,"M","M","?","M","T","E","R","E","T","M","$","M","$","?","R","B",null,"M","?","M","?","M","R","E","$","T","M","E","M","?","M","R","B",null],"character_chosen":"DEFECT","items_purchased":["DollysMirror","Fire Potion","MealTicket","Rip and Tear","DataDisk","Regen Potion"],"campfire_rested":4,"item_purchase_floors":[13,13,28,30,42,42],"current_hp_per_floor":[66,64,64,53,53,53,53,53,53,48,42,34,34,34,56,61,72,72,59,59,56,56,2,24,25,25,24,24,18,33,33,55,53,70,49,46,36,36,29,51,61,75,75,53,64,71,71,71,71,31],"gold":109,"neow_bonus":"ONE_RANDOM_RARE_CARD","is_daily":false,"chose_seed":false,"campfire_upgraded":3,"win_rate":0.0,"timestamp":1611125839,"path_taken":["M","M","?","?","?","R","?","R","T","E","M","M","$","?","R","BOSS","M","M","?","M","?","E","R","E","T","M","?","?","$","?","R","BOSS","M","?","M","?","M","R","E","$","T","?","E","M","?","M","R","BOSS"],"items_purchased_type":["Relic","Potion","Relic","Card","Relic","Potion"],"build_version":"2020-12-22","purchased_purges":0,"victory":true,"max_hp_per_floor":[75,75,75,75,75,75,75,75,75,75,75,75,75,75,75,75,75,75,75,75,75,75,75,75,75,75,75,75,75,75,75,75,75,75,75,75,75,75,75,75,75,75,75,75,75,75,71,71,71,71],"card_choices":[{"not_picked":["Coolheaded","Hologram"],"picked":"Cold Snap","floor":1},{"not_picked":["Reinforced Body","Streamline"],"picked":"Cold Snap","floor":2},{"not_picked":["Sweeping Beam","Turbo"],"picked":"Defragment","floor":7},{"not_picked":["Barrage","Stack"],"picked":"Melter","floor":10},{"not_picked":["Amplify","Redo","Compile Driver"],"picked":"SKIP","floor":11},{"not_picked":["Barrage","Compile Driver"],"picked":"Cold Snap","floor":12},{"not_picked":["Multi-Cast","Creative AI"],"picked":"Amplify","floor":16},{"not_picked":["Stack","Go for the Eyes+1","Rebound"],"picked":"SKIP","floor":18},{"not_picked":["Coolheaded","Sweeping Beam","Steam"],"picked":"SKIP","floor":19},{"not_picked":["Rebound+1","Beam Cell","Steam Power+1"],"picked":"SKIP","floor":21},{"not_picked":["Compile Driver","Rebound","Fusion+1"],"picked":"SKIP","floor":23},{"not_picked":["Rebound","Storm"],"picked":"Capacitor","floor":25},{"not_picked":["Go for the Eyes","Redo","Consume"],"picked":"SKIP","floor":27},{"not_picked":["Compile Driver","Steam Power"],"picked":"Leap","floor":29},{"not_picked":["Thunder Strike","Echo Form"],"picked":"Rainbow","floor":33},{"not_picked":["Gash+1","Rebound+1","Go for the Eyes"],"picked":"SKIP","floor":35},{"not_picked":["Conserve Battery+1","Reboot"],"picked":"Ball Lightning+1","floor":37},{"not_picked":["Swift Strike","Mind Blast"],"picked":"Thinking Ahead","floor":38},{"not_picked":["Auto Shields+1","Melter","Hello World+1"],"picked":"SKIP","floor":39},{"not_picked":["Doom and Gloom","Rebound"],"picked":"Storm+1","floor":41},{"not_picked":["Steam","Redo","Conserve Battery+1"],"picked":"SKIP","floor":44},{"not_picked":["Coolheaded","Leap"],"picked":"Melter+1","floor":45},{"not_picked":["Undo+1","Darkness+1","Steam"],"picked":"SKIP","floor":46},{"not_picked":["Leap+1","Gash+1","Melter+1"],"picked":"SKIP","floor":48}],"player_experience":270918,"relics_obtained":[{"floor":9,"key":"HornCleat"},{"floor":10,"key":"Whetstone"},{"floor":14,"key":"Toy Ornithopter"},{"floor":22,"key":"Vajra"},{"floor":23,"key":"Bottled Tornado"},{"floor":25,"key":"Centennial Puzzle"},{"floor":26,"key":"War Paint"},{"floor":36,"key":"Bird Faced Urn"},{"floor":41,"key":"Oddly Smooth Stone"},{"floor":43,"key":"Lantern"},{"floor":45,"key":"Art of War"}],"event_choices":[{"cards_removed":["Strike_B"],"damage_healed":0,"gold_gain":0,"player_choice":"Card Removal","damage_taken":0,"max_hp_gain":0,"max_hp_loss":0,"event_name":"The Cleric","floor":3,"gold_loss":50},{"damage_healed":0,"gold_gain":75,"player_choice":"Gather Gold","damage_taken":11,"max_hp_gain":0,"max_hp_loss":0,"event_name":"World of Goop","floor":4,"gold_loss":0},{"damage_healed":0,"gold_gain":0,"player_choice":"Ignored","damage_taken":0,"max_hp_gain":0,"max_hp_loss":0,"event_name":"Liars Game","floor":5,"gold_loss":0},{"cards_removed":["Strike_B"],"damage_healed":0,"gold_gain":0,"player_choice":"Gave Gold","damage_taken":0,"max_hp_gain":0,"max_hp_loss":0,"event_name":"Beggar","floor":20,"gold_loss":75},{"damage_healed":0,"gold_gain":0,"player_choice":"Paid Fearfully","damage_taken":0,"max_hp_gain":0,"max_hp_loss":0,"event_name":"Masked Bandits","floor":31,"gold_loss":4},{"damage_healed":0,"gold_gain":0,"player_choice":"Fight","damage_taken":0,"max_hp_gain":0,"max_hp_loss":0,"event_name":"MindBloom","floor":36,"gold_loss":0},{"damage_healed":0,"gold_gain":0,"player_choice":"Memory 1","damage_taken":0,"max_hp_gain":0,"max_hp_loss":0,"event_name":"SensoryStone","floor":38,"gold_loss":0},{"damage_healed":0,"gold_gain":0,"player_choice":"Max HP","damage_taken":0,"max_hp_gain":0,"max_hp_loss":4,"event_name":"Winding Halls","floor":47,"gold_loss":0}],"is_beta":false,"boss_relics":[{"not_picked":["Velvet Choker","SlaversCollar"],"picked":"Philosopher\u0027s Stone"},{"not_picked":["Coffee Dripper","Fusion Hammer"],"picked":"Astrolabe"}],"items_purged_floors":[],"is_endless":false,"potions_floor_spawned":[10,12,16,23,25,37,39,45,48],"ascension_level":5}}