{"host":"sygfylmorsvdndbx","time":1611120572,"event":{"mods":["AchievementEnabler","BaseMod","Highlight Path","Minty Spire (QoL Compilation)","Permanent Neow","Quick Restart","Relic Stats"],"gold_per_floor":[112,126,33,45,45,45,60,60,60,94,94,122,141,169,169,268,268,286,304,323,336,346,356,386,386,437,352,352,380,380,414,414,414,414],"floor_reached":33,"language":"ENG","playtime":4896,"items_purged":[],"score":491,"play_id":"f99958cd-c756-49e4-9819-d88914bc8a01","local_time":"20210120002932","is_ascension_mode":true,"campfire_choices":[{"data":"Eruption","floor":6,"key":"SMITH"},{"data":"ReachHeaven","floor":8,"key":"SMITH"},{"data":"LikeWater","floor":11,"key":"SMITH"},{"floor":15,"key":"REST"},{"floor":25,"key":"REST"},{"data":"BowlingBash","floor":28,"key":"SMITH"},{"floor":32,"key":"REST"}],"circlet_count":0,"master_deck":["Strike_P","Strike_P","Strike_P+1","Strike_P+1","Defend_P+1","Defend_P+1","Defend_P+1","Eruption+1","Vigilance+1","ThirdEye","LikeWater+1","BowlingBash+1","TalkToTheHand+1","ClearTheMind","ReachHeaven+1","SashWhip","InnerPeace","ThirdEye","LessonLearned","Indignation","EmptyFist","JustLucky+1","SashWhip+1","FlurryOfBlows","CutThroughFate+1","Crescendo","Writhe","BattleHymn"],"relics":["PureWater","Torii","Bottled Tornado","Bottled Lightning","Bronze Scales","Juzu Bracelet","Black Star","Bag of Preparation","Happy Flower","Damaru","Art of War","Pen Nib","Gambling Chip","Potion Belt","Pear"],"acts_visited":["Exordium","TheCity"],"potions_floor_usage":[12,14,21,23],"damage_taken":[{"damage":0,"enemies":"Jaw Worm","floor":1,"turns":3},{"damage":0,"enemies":"Cultist","floor":2,"turns":3},{"damage":0,"enemies":"2 Louse","floor":4,"turns":1},{"damage":1,"enemies":"Gremlin Gang","floor":7,"turns":4},{"damage":0,"enemies":"Lagavulin","floor":10,"turns":4},{"damage":6,"enemies":"Gremlin Nob","floor":12,"turns":3},{"damage":15,"enemies":"3 Louse","floor":13,"turns":3},{"damage":11,"enemies":"3 Sentries","floor":14,"turns":6},{"damage":0,"enemies":"Slime Boss","floor":16,"turns":6},{"damage":0,"enemies":"3 Byrds","floor":18,"turns":4},{"damage":1,"enemies":"Shell Parasite","floor":19,"turns":6},{"damage":2,"enemies":"Centurion and Healer","floor":20,"turns":6},{"damage":3,"enemies":"Snake Plant","floor":21,"turns":5},{"damage":12,"enemies":"Sentry and Sphere","floor":22,"turns":4},{"damage":12,"enemies":"Snecko","floor":23,"turns":7},{"damage":21,"enemies":"Gremlin Leader","floor":24,"turns":6},{"damage":39,"enemies":"Slavers","floor":29,"turns":5},{"damage":0,"enemies":"Gremlin Leader","floor":31,"turns":3},{"damage":42,"enemies":"Collector","floor":33,"turns":3}],"seed_played":"-5034738085293276873","potions_obtained":[{"floor":2,"key":"DistilledChaos"},{"floor":10,"key":"Ancient Potion"},{"floor":13,"key":"SteroidPotion"},{"floor":18,"key":"Block Potion"},{"floor":21,"key":"BottledMiracle"},{"floor":22,"key":"Dexterity Potion"},{"floor":29,"key":"SpeedPotion"}],"is_trial":false,"path_per_floor":["M","M","$","M","?","R","M","R","T","E","R","E","M","E","R","B",null,"M","M","M","M","M","M","E","R","T","?","R","E","?","E","R","B"],"character_chosen":"WATCHER","items_purchased":["BowlingBash","TalkToTheHand"],"campfire_rested":3,"item_purchase_floors":[3,3],"current_hp_per_floor":[51,51,51,51,51,51,50,50,50,50,50,44,29,18,39,39,72,72,71,69,66,54,42,21,42,42,42,42,3,3,13,37,0,0],"gold":414,"neow_bonus":"ONE_RARE_RELIC","is_daily":false,"chose_seed":false,"campfire_upgraded":4,"win_rate":0.0,"timestamp":1611120572,"path_taken":["M","M","$","M","?","R","M","R","T","E","R","E","M","E","R","BOSS","M","M","M","M","M","M","E","R","T","?","R","E","?","E","R","BOSS"],"items_purchased_type":["Card","Card"],"build_version":"2020-12-22","purchased_purges":0,"victory":false,"max_hp_per_floor":[72,72,72,72,72,72,72,72,72,72,72,72,72,72,72,72,72,72,72,72,72,72,72,72,72,72,72,72,72,72,82,82,82,82],"relic_stats":{"Torii":26,"Happy Flower":[3],"counters":[19,82],"Bronze Scales":[187],"Gambling Chip":[7],"Pen Nib":[2],"Juzu Bracelet":0,"Black Star":3,"Bag of Preparation":[6],"Art of War":[0],"obtain_stats":[{"Potion Belt":31,"Pear":31,"Torii":0,"Happy Flower":24,"Damaru":27,"Pen Nib":29,"Juzu Bracelet":14,"Bag of Preparation":24,"Bottled Tornado":9,"Bronze Scales":12,"Gambling Chip":30,"Black Star":17,"Art of War":29,"Bottled Lightning":10,"PureWater":0},{"Potion Belt":18,"Pear":18,"Torii":0,"Happy Flower":16,"Damaru":16,"Pen Nib":17,"Juzu Bracelet":8,"Bag of Preparation":16,"Bottled Tornado":4,"Bronze Scales":6,"Gambling Chip":17,"Black Star":9,"Art of War":17,"Bottled Lightning":5,"PureWater":0},{"Potion Belt":79,"Pear":79,"Torii":0,"Happy Flower":71,"Damaru":71,"Pen Nib":76,"Juzu Bracelet":27,"Bag of Preparation":71,"Bottled Tornado":11,"Bronze Scales":18,"Gambling Chip":76,"Black Star":33,"Art of War":76,"Bottled Lightning":15,"PureWater":0}]},"card_choices":[{"not_picked":["Protect","CrushJoints"],"picked":"ThirdEye","floor":1},{"not_picked":["ReachHeaven","Indignation"],"picked":"LikeWater","floor":2},{"not_picked":["DeceiveReality","Consecrate"],"picked":"ClearTheMind","floor":4},{"not_picked":["Halt","Pray"],"picked":"SashWhip","floor":7},{"not_picked":["WreathOfFlame","Pray"],"picked":"InnerPeace","floor":10},{"not_picked":["Collect","SandsOfTime","Halt"],"picked":"SKIP","floor":12},{"not_picked":["Protect","Fasting2"],"picked":"ThirdEye","floor":13},{"not_picked":["Worship","Nirvana","EmptyBody"],"picked":"SKIP","floor":14},{"not_picked":["Ragnarok","ConjureBlade"],"picked":"LessonLearned","floor":16},{"not_picked":["ClearTheMind","Prostrate"],"picked":"Indignation","floor":18},{"not_picked":["FlyingSleeves","ForeignInfluence"],"picked":"EmptyFist","floor":19},{"not_picked":["Consecrate","Fasting2"],"picked":"JustLucky+1","floor":20},{"not_picked":["SpiritShield","Worship"],"picked":"SashWhip+1","floor":21},{"not_picked":["Prostrate","CrushJoints"],"picked":"FlurryOfBlows","floor":22},{"not_picked":["Perseverance+1","ClearTheMind","Vengeance"],"picked":"SKIP","floor":23},{"not_picked":["FlurryOfBlows","WheelKick"],"picked":"CutThroughFate+1","floor":24},{"not_picked":["EmptyBody","Consecrate"],"picked":"Crescendo","floor":29},{"not_picked":["Consecrate","FlyingSleeves"],"picked":"BattleHymn","floor":31}],"player_experience":277624,"relics_obtained":[{"floor":9,"key":"Bottled Tornado"},{"floor":10,"key":"Bottled Lightning"},{"floor":12,"key":"Bronze Scales"},{"floor":14,"key":"Juzu Bracelet"},{"floor":24,"key":"Bag of Preparation"},{"floor":24,"key":"Happy Flower"},{"floor":29,"key":"Art of War"},{"floor":29,"key":"Pen Nib"},{"floor":31,"key":"Potion Belt"},{"floor":31,"key":"Pear"}],"event_choices":[{"damage_healed":0,"gold_gain":0,"cards_transformed":["Defend_P"],"player_choice":"Transformed","damage_taken":0,"max_hp_gain":0,"max_hp_loss":0,"event_name":"Transmorgrifier","floor":5,"gold_loss":0,"cards_obtained":["ReachHeaven"]},{"damage_healed":0,"gold_gain":0,"player_choice":"Obtained Relic","damage_taken":0,"relics_obtained":["Damaru"],"max_hp_gain":0,"max_hp_loss":0,"event_name":"Addict","floor":27,"gold_loss":85},{"damage_healed":0,"gold_gain":0,"player_choice":"Opened","damage_taken":0,"relics_obtained":["Gambling Chip"],"max_hp_gain":0,"max_hp_loss":0,"event_name":"The Mausoleum","floor":30,"gold_loss":0,"cards_obtained":["Writhe"]}],"is_beta":false,"boss_relics":[{"not_picked":["Astrolabe","Fusion Hammer"],"picked":"Black Star"}],"items_purged_floors":[],"is_endless":false,"potions_floor_spawned":[2,10,13,18,21,22,29],"killed_by":"Collector","ascension_level":3}}