{"host":"7fyy23rucerupe6i","time":1611116592,"event":{"mods":["AchievementEnabler","Act Like it!","BaseMod","BetterRewards","Colored Map","Colored Powertips","Conspire","Custom Start","Downfall","Mad Scientist","Marisa£®ÏF”Í°°ƒß¿Ì…≥£©","Minty Spire (QoL Compilation)","Pale of the Ancients","Quick Restart","Shop Mod","ShortenTheSpire","Spicy Shops","StSLib","SuperFastMode","The Bug Knight","The Construct","The Cursed","The Factory","The Jungle","The Servant 0.9.4","UnlockEverythingMod"],"gold_per_floor":[127,127,52,127,137,137,161,195,244,244,286,312,21,41,41,128,128,140,157,181,200,217,252,252,294,294,294,306,324,4,38,38,121,121,144,36,36,36,52,52],"floor_reached":39,"language":"ZHS","playtime":2590,"items_purged":["Defend_G"],"score":906,"play_id":"128e735d-7f77-43da-8757-8813ad68ea94","local_time":"20210120122312","is_ascension_mode":true,"campfire_choices":[{"data":"Mayhem","floor":6,"key":"SMITH"},{"data":"Neutralize","floor":10,"key":"SMITH"},{"data":"Noxious Fumes","floor":15,"key":"SMITH"},{"data":"A Thousand Cuts","floor":24,"key":"SMITH"},{"data":"Leg Sweep","floor":32,"key":"SMITH"}],"circlet_count":0,"master_deck":["AscendersBane","Strike_G","Strike_G","Strike_G","Defend_G","Defend_G","Defend_G","Defend_G","Survivor","Neutralize+1","Noxious Fumes","Mayhem+1","Noxious Fumes+1","Leg Sweep","Bane","Backflip","Backstab","Crippling Poison","A Thousand Cuts+1","Cloak And Dagger","Leg Sweep+1","Footwork","Die Die Die","Bouncing Flask"],"relics":["Ring of the Snake","Bronze Scales","ClockworkSouvenir","CeramicFish","hexamod:BolsterEngine","MerchantsRug","Lee\u0027s Waffle","expansioncontent:StudyCardRelic","sneckomod:BlankCard","conspire:Boomerang","champ:DuelingGlove","CultistMask","Anchor","Sling","Happy Flower","conspire:SlowCooker","bronze:DonusWashers"],"acts_visited":["Exordium","TheCity","TheBeyond"],"potions_floor_usage":[8,16,23,25,33,35],"damage_taken":[{"damage":1,"enemies":"Small Slimes","floor":1,"turns":4},{"damage":0,"enemies":"Jaw Worm","floor":5,"turns":5},{"damage":2,"enemies":"2 Louse","floor":7,"turns":3},{"damage":5,"enemies":"Lagavulin","floor":8,"turns":6},{"damage":12,"enemies":"3 Sentries","floor":11,"turns":6},{"damage":0,"enemies":"Blue Slaver","floor":12,"turns":5},{"damage":3,"enemies":"2 Fungi Beasts","floor":14,"turns":4},{"damage":24,"enemies":"The Guardian","floor":16,"turns":8},{"damage":0,"enemies":"3 Byrds","floor":18,"turns":3},{"damage":7,"enemies":"Spheric Guardian","floor":19,"turns":4},{"damage":13,"enemies":"Centurion and Healer","floor":20,"turns":4},{"damage":1,"enemies":"Cultist and Chosen","floor":21,"turns":5},{"damage":7,"enemies":"Shelled Parasite and Fungi","floor":22,"turns":5},{"damage":16,"enemies":"conspire:SneckoGhost","floor":23,"turns":7},{"damage":19,"enemies":"Slavers","floor":25,"turns":4},{"damage":0,"enemies":"conspire:HollyBat","floor":28,"turns":6},{"damage":22,"enemies":"Snecko","floor":29,"turns":5},{"damage":24,"enemies":"Gremlin Leader","floor":31,"turns":4},{"damage":1,"enemies":"Automaton","floor":33,"turns":7},{"damage":21,"enemies":"3 Darklings","floor":35,"turns":5},{"damage":23,"enemies":"3 Shapes","floor":39,"turns":4}],"seed_played":"-6566677680296445475","potions_obtained":[{"floor":7,"key":"LiquidBronze"},{"floor":8,"key":"Explosive Potion"},{"floor":20,"key":"FairyPotion"},{"floor":21,"key":"CultistPotion"},{"floor":22,"key":"LiquidMemories"},{"floor":23,"key":"PowerPotion"},{"floor":29,"key":"Poison Potion"},{"floor":31,"key":"Block Potion"}],"is_trial":false,"path_per_floor":["M","?","?","?","M","R","M","E","T","R","E","M","$","M","R","B",null,"M","M","M","M","M","E","R","E","T","?","M","M","$","E","R","B",null,"M","$","?","$","M"],"character_chosen":"THE_SILENT","items_purchased":["Noxious Fumes","Bronze Scales","ClockworkSouvenir","CeramicFish","Mayhem","MerchantsRug","Lee\u0027s Waffle","Anchor","Sling","bronze:DonusWashers"],"campfire_rested":0,"item_purchase_floors":[0,0,0,0,0,13,13,30,30,36],"current_hp_per_floor":[27,32,32,21,21,21,19,14,14,14,2,2,78,75,75,54,72,72,65,52,51,44,28,28,9,9,9,9,11,11,40,40,64,75,54,54,54,54,31,31],"gold":52,"neow_bonus":"","is_daily":false,"chose_seed":false,"campfire_upgraded":5,"win_rate":0.0,"timestamp":1611116592,"path_taken":["M","?","?","?","M","R","?","E","T","R","E","M","$","M","R","BOSS","M","M","M","M","M","E","R","E","T","?","?","M","$","E","R","BOSS","M","$","?","?","M"],"items_purchased_type":["Card","Relic","Relic","Relic","Card","Relic","Relic","Relic","Relic","Relic"],"build_version":"2020-12-22","purchased_purges":1,"victory":false,"max_hp_per_floor":[66,71,71,71,71,71,71,71,71,71,71,71,78,78,78,78,78,78,78,78,78,78,78,78,78,78,78,78,78,78,78,78,78,78,78,78,78,78,78,78],"card_choices":[{"not_picked":["Acrobatics","Riddle With Holes"],"picked":"Noxious Fumes","floor":1},{"not_picked":["Concentrate","Calculated Gamble","Sucker Punch"],"picked":"SKIP","floor":5},{"not_picked":["Dagger Spray","Underhanded Strike"],"picked":"Leg Sweep","floor":7},{"not_picked":["Acrobatics","Concentrate"],"picked":"Bane","floor":8},{"not_picked":["Reflex","Dodge and Roll"],"picked":"Backflip","floor":11},{"not_picked":["Flying Knee","Deadly Poison"],"picked":"Backstab","floor":12},{"not_picked":["Cloak And Dagger","Underhanded Strike"],"picked":"Crippling Poison","floor":14},{"not_picked":["Doppelganger","Adrenaline"],"picked":"A Thousand Cuts","floor":16},{"not_picked":["Accuracy","Tactician","Blade Dance"],"picked":"SKIP","floor":18},{"not_picked":["Quick Slash","Flying Knee+1","Bane+1"],"picked":"SKIP","floor":19},{"not_picked":["Deadly Poison","Slice"],"picked":"Cloak And Dagger","floor":20},{"not_picked":["Slice","Underhanded Strike"],"picked":"Leg Sweep","floor":21},{"not_picked":["Sucker Punch","PiercingWail","Outmaneuver"],"picked":"SKIP","floor":22},{"not_picked":["Dodge and Roll","Calculated Gamble","Concentrate"],"picked":"SKIP","floor":23},{"not_picked":["Dagger Throw","Crippling Poison"],"picked":"Footwork","floor":25},{"not_picked":["Grand Finale","PiercingWail","Bane"],"picked":"SKIP","floor":28},{"not_picked":["Outmaneuver","Malaise","Poisoned Stab"],"picked":"SKIP","floor":29},{"not_picked":["Flechettes","Poisoned Stab","Backstab"],"picked":"SKIP","floor":31},{"not_picked":["Tools of the Trade","Venomology"],"picked":"Die Die Die","floor":33},{"not_picked":["Quick Slash","Flying Knee+1"],"picked":"Bouncing Flask","floor":35}],"player_experience":486977,"relics_obtained":[{"floor":8,"key":"hexamod:BolsterEngine"},{"floor":9,"key":"Dream Catcher"},{"floor":11,"key":"Pantograph"},{"floor":23,"key":"sneckomod:BlankCard"},{"floor":25,"key":"conspire:Boomerang"},{"floor":26,"key":"champ:DuelingGlove"},{"floor":31,"key":"Happy Flower"}],"event_choices":[{"damage_healed":0,"gold_gain":0,"player_choice":"Donut","damage_taken":0,"max_hp_gain":5,"max_hp_loss":0,"event_name":"Big Fish","floor":2,"gold_loss":0},{"cards_removed":["Strike_G"],"damage_healed":0,"gold_gain":0,"player_choice":"Card Removal","damage_taken":0,"max_hp_gain":0,"max_hp_loss":0,"event_name":"The Cleric","floor":3,"gold_loss":75},{"damage_healed":0,"gold_gain":75,"player_choice":"Gather Gold","damage_taken":11,"max_hp_gain":0,"max_hp_loss":0,"event_name":"World of Goop","floor":4,"gold_loss":0},{"damage_healed":0,"gold_gain":0,"player_choice":"Trade","damage_taken":0,"relics_obtained":["CultistMask"],"max_hp_gain":0,"max_hp_loss":0,"event_name":"FaceTrader","floor":27,"gold_loss":0},{"cards_removed":["Strike_G"],"damage_healed":0,"gold_gain":0,"player_choice":"Purged","damage_taken":0,"max_hp_gain":0,"max_hp_loss":0,"event_name":"Purifier","floor":37,"gold_loss":0}],"is_beta":false,"boss_relics":[{"not_picked":["Coffee Dripper","sneckomod:SneckoTalon"],"picked":"expansioncontent:StudyCardRelic"},{"not_picked":["Sozu","Tiny House"],"picked":"conspire:SlowCooker"}],"items_purged_floors":[0],"is_endless":false,"potions_floor_spawned":[7,8,20,21,22,23,29,31],"killed_by":"3 Shapes","ascension_level":20}}