{"host":"4iaefauevz142189","time":1611174050,"event":{"mods":["BaseMod","BetterRewards","Minty Spire (QoL Compilation)","Replay The Spire","StSLib"],"gold_per_floor":[111,130,130,150,150,150,115,115,115,33,53,65,65,82,82,186,186,202,202,0,0,0,0,0,0,0,26,26,44,44,60,60,60,60],"floor_reached":33,"language":"ENG","playtime":3095,"items_purged":[],"score":258,"play_id":"bbfbec1e-e9fa-4bbf-b8b5-c87d2d6575a0","local_time":"20210120152050","is_ascension_mode":false,"campfire_choices":[{"data":"Catalyst","floor":6,"key":"SMITH"},{"data":"Catalyst","floor":13,"key":"SMITH"},{"floor":15,"key":"REST"},{"data":"Burst","floor":23,"key":"SMITH"},{"data":"Catalyst","floor":25,"key":"SMITH"},{"floor":30,"key":"REST"},{"floor":32,"key":"REST"}],"circlet_count":0,"master_deck":["Strike_G+1","Strike_G+1","Strike_G+1","Strike_G+1","Strike_G+1","Defend_G","Defend_G","Defend_G","Defend_G","Defend_G","Survivor","Neutralize","Flying Knee","Catalyst+1","Catalyst+1","Catalyst+1","Deadly Poison","Deadly Poison","Terror","Burst+1","Cloak And Dagger","Poisoned Stab","RitualDagger","Poisoned Stab+1"],"relics":["Ring of the Serpent","Potion Belt","Replay:WaspNest","Oddly Smooth Stone","Replay:Bottled Eggs","Bag of Preparation"],"acts_visited":["Exordium","TheCity"],"potions_floor_usage":[11,16,31],"damage_taken":[{"damage":0,"enemies":"Cultist","floor":1,"turns":4},{"damage":0,"enemies":"2 Louse","floor":2,"turns":3},{"damage":0,"enemies":"Small Slimes","floor":4,"turns":3},{"damage":7,"enemies":"Blue Slaver","floor":11,"turns":4},{"damage":8,"enemies":"2 Fungi Beasts","floor":12,"turns":4},{"damage":15,"enemies":"Red Slaver","floor":14,"turns":4},{"damage":6,"enemies":"Slime Boss","floor":16,"turns":7},{"damage":9,"enemies":"3 Byrds","floor":18,"turns":2},{"damage":9,"enemies":"2 Thieves","floor":22,"turns":4},{"damage":20,"enemies":"Centurion and Healer","floor":29,"turns":5},{"damage":12,"enemies":"Snake Plant","floor":31,"turns":4},{"damage":68,"enemies":"Pondfish","floor":33,"turns":10}],"seed_played":"-3066195086078694996","potions_obtained":[{"floor":2,"key":"ColorlessPotion"},{"floor":4,"key":"Venom Potion"},{"floor":12,"key":"LifebloodPotion"},{"floor":18,"key":"Doom Potion"}],"is_trial":false,"path_per_floor":["M","M","?","M","?","R","?","$","T","$","M","M","R","M","R","B",null,"M","?","?","T","M","R","?","R","T","T","?","M","R","M","R","B"],"character_chosen":"THE_SILENT","items_purchased":["Catalyst"],"campfire_rested":3,"item_purchase_floors":[10],"current_hp_per_floor":[77,77,59,59,59,59,77,77,77,77,70,62,62,47,70,64,77,68,68,68,68,59,59,59,59,59,59,53,33,56,44,67,0,0],"gold":60,"neow_bonus":"TEN_PERCENT_HP_BONUS","is_daily":false,"chose_seed":false,"campfire_upgraded":4,"win_rate":0.0,"timestamp":1611174050,"path_taken":["M","M","?","M","?","R","?","$","T","$","M","?","R","M","R","BOSS","M","?","?","?","?","R","?","R","T","?","?","M","R","M","R","BOSS"],"items_purchased_type":["Card"],"build_version":"2020-12-22","purchased_purges":0,"victory":false,"max_hp_per_floor":[77,77,77,77,77,77,77,77,77,77,77,77,77,77,77,77,77,77,77,77,77,77,77,77,77,77,77,77,77,77,77,77,77,77],"card_choices":[{"not_picked":["Flechettes","Acrobatics"],"picked":"Flying Knee","floor":1},{"not_picked":["ReplayTheSpireMod:Speed Training","Masterful Stab"],"picked":"Catalyst","floor":2},{"not_picked":["ReplayTheSpireMod:The Works","Sucker Punch"],"picked":"Catalyst","floor":4},{"not_picked":["Cloak And Dagger","Bane"],"picked":"Deadly Poison","floor":11},{"not_picked":["Predator","Blade Dance"],"picked":"Deadly Poison","floor":12},{"not_picked":["Acrobatics","Eviscerate"],"picked":"Terror","floor":14},{"not_picked":["Glass Knife","Night Terror"],"picked":"Burst","floor":16},{"not_picked":["Dodge and Roll","All Out Attack"],"picked":"Cloak And Dagger","floor":18},{"not_picked":["Tactician","Reflex"],"picked":"Poisoned Stab","floor":22},{"not_picked":["Prepared","ReplayTheSpireMod:Speed Training"],"picked":"Poisoned Stab+1","floor":29},{"not_picked":["Concentrate","Setup","Dagger Spray"],"picked":"SKIP","floor":31}],"player_experience":147806,"relics_obtained":[{"floor":9,"key":"Replay:WaspNest"},{"floor":21,"key":"Oddly Smooth Stone"},{"floor":26,"key":"Replay:Bottled Eggs"},{"floor":27,"key":"Bag of Preparation"}],"event_choices":[{"damage_healed":0,"gold_gain":0,"player_choice":"Success","damage_taken":18,"relics_obtained":["Potion Belt"],"max_hp_gain":0,"max_hp_loss":0,"event_name":"Scrap Ooze","floor":3,"gold_loss":0},{"damage_healed":0,"gold_gain":0,"player_choice":"Ignored","damage_taken":0,"max_hp_gain":0,"max_hp_loss":0,"event_name":"Liars Game","floor":5,"gold_loss":0},{"damage_healed":19,"gold_gain":0,"player_choice":"Healed","damage_taken":0,"max_hp_gain":0,"max_hp_loss":0,"event_name":"The Cleric","floor":7,"gold_loss":35},{"damage_healed":0,"gold_gain":0,"player_choice":"Ignored","damage_taken":0,"max_hp_gain":0,"max_hp_loss":0,"event_name":"Beggar","floor":19,"gold_loss":0},{"damage_healed":0,"gold_gain":0,"player_choice":"Paid Fearfully","damage_taken":0,"max_hp_gain":0,"max_hp_loss":0,"event_name":"Masked Bandits","floor":20,"gold_loss":202},{"damage_healed":0,"gold_gain":0,"player_choice":"Ignored","damage_taken":0,"max_hp_gain":0,"max_hp_loss":0,"event_name":"Cursed Tome","floor":24,"gold_loss":0},{"damage_healed":0,"gold_gain":0,"player_choice":"Joined the Cult","damage_taken":6,"max_hp_gain":0,"max_hp_loss":0,"event_name":"Nest","floor":28,"gold_loss":0,"cards_obtained":["RitualDagger"]}],"is_beta":false,"boss_relics":[{"not_picked":["Ring of Chaos","Black Star"],"picked":"Ring of the Serpent"}],"items_purged_floors":[],"is_endless":false,"potions_floor_spawned":[2,4,12,18],"killed_by":"Pondfish","ascension_level":0}}