{"host":"szp1d6dso4pv7ddl","time":1611159267,"event":{"mods":["AchievementEnabler","Alarm Clock","BaseMod","Bestiary","Block Reminder","Colored Map","Colored Powertips","Curses Come First","Dark Map","Displayed Cursed Tome","Highlight Path","Minty Spire (QoL Compilation)","Permanent Neow","Quick Restart","Relic Sorter","Relic Stats","StSLib","Synergy Search"],"gold_per_floor":[119,119,133,133,133,167,167,183,207,207,207,60,60,84,84,84,84],"floor_reached":16,"language":"ENG","playtime":1256,"items_purged":[],"score":215,"play_id":"6ea83d2d-7bbc-4aab-90f4-6cadb3390462","local_time":"20210120081427","is_ascension_mode":true,"campfire_choices":[{"data":"Armaments","floor":7,"key":"SMITH"},{"data":"True Grit","floor":10,"key":"SMITH"},{"data":"Iron Wave","floor":15,"key":"SMITH"}],"circlet_count":0,"master_deck":["AscendersBane","Strike_R","Strike_R","Strike_R","Strike_R","Strike_R","Defend_R+1","Defend_R+1","Defend_R","Defend_R+1","Bash+1","Metallicize","Armaments+1","Iron Wave+1","True Grit+1","Injury"],"relics":["Burning Blood","NeowsBlessing","Bag of Preparation","Mummified Hand","War Paint","Golden Idol","Blood Vial"],"acts_visited":["Exordium"],"potions_floor_usage":[16,16],"damage_taken":[{"damage":0,"enemies":"Jaw Worm","floor":1,"turns":1},{"damage":0,"enemies":"Small Slimes","floor":3,"turns":1},{"damage":0,"enemies":"Gremlin Nob","floor":6,"turns":1},{"damage":0,"enemies":"2 Louse","floor":8,"turns":3},{"damage":5,"enemies":"Looter","floor":14,"turns":4},{"damage":70,"enemies":"Slime Boss","floor":16,"turns":10}],"seed_played":"1201410618242687619","potions_obtained":[{"floor":6,"key":"SpeedPotion"},{"floor":14,"key":"DistilledChaos"}],"is_trial":false,"path_per_floor":["M","$","M","?","?","E","R","M","T","R","?","$","?","M","R","B"],"character_chosen":"IRONCLAD","items_purchased":["Blood Vial"],"campfire_rested":0,"item_purchase_floors":[12],"current_hp_per_floor":[74,74,75,70,47,53,53,59,59,59,59,59,64,67,67,0,0],"gold":84,"neow_bonus":"THREE_ENEMY_KILL","is_daily":false,"chose_seed":false,"campfire_upgraded":3,"win_rate":0.0,"timestamp":1611159267,"path_taken":["M","$","M","?","?","E","R","M","T","R","?","$","?","M","R","BOSS"],"items_purchased_type":["Relic"],"build_version":"2020-12-22","purchased_purges":0,"victory":false,"max_hp_per_floor":[75,75,75,75,75,75,75,75,75,75,75,75,80,80,80,80,80],"relic_stats":{"Blood Vial":4,"counters":[6,20],"Mummified Hand":[3],"Golden Idol":5,"Bag of Preparation":[8],"War Paint":["Defend_R","Defend_R"],"obtain_stats":[{"Blood Vial":12,"NeowsBlessing":0,"Mummified Hand":6,"Golden Idol":11,"Bag of Preparation":4,"War Paint":9,"Burning Blood":0},{"Blood Vial":4,"NeowsBlessing":0,"Mummified Hand":3,"Golden Idol":4,"Bag of Preparation":2,"War Paint":4,"Burning Blood":0},{"Blood Vial":6,"NeowsBlessing":0,"Mummified Hand":3,"Golden Idol":6,"Bag of Preparation":2,"War Paint":6,"Burning Blood":0}],"Burning Blood":25},"card_choices":[{"not_picked":["Perfected Strike","Sword Boomerang"],"picked":"Metallicize","floor":1},{"not_picked":["Power Through","Twin Strike"],"picked":"Armaments","floor":3},{"not_picked":["Clash","Wild Strike"],"picked":"Iron Wave","floor":6},{"not_picked":["Spot Weakness","Havoc"],"picked":"True Grit","floor":8},{"not_picked":["Sever Soul","Searing Blow","Flex"],"picked":"SKIP","floor":14}],"player_experience":1239030,"relics_obtained":[{"floor":6,"key":"Mummified Hand"},{"floor":9,"key":"War Paint"}],"event_choices":[{"damage_healed":0,"gold_gain":0,"player_choice":"Success","damage_taken":5,"relics_obtained":["Bag of Preparation"],"max_hp_gain":0,"max_hp_loss":0,"event_name":"Scrap Ooze","floor":4,"gold_loss":0},{"damage_healed":0,"gold_gain":0,"player_choice":"Entered Light","damage_taken":23,"max_hp_gain":0,"max_hp_loss":0,"event_name":"Shining Light","floor":5,"gold_loss":0,"cards_upgraded":["Defend_R","Bash"]},{"damage_healed":0,"gold_gain":0,"player_choice":"Take Wound","damage_taken":0,"relics_obtained":["Golden Idol"],"max_hp_gain":0,"max_hp_loss":0,"event_name":"Golden Idol","floor":11,"gold_loss":0,"cards_obtained":["Injury"]},{"damage_healed":0,"gold_gain":0,"player_choice":"Donut","damage_taken":0,"max_hp_gain":5,"max_hp_loss":0,"event_name":"Big Fish","floor":13,"gold_loss":0}],"is_beta":false,"boss_relics":[],"items_purged_floors":[],"is_endless":false,"potions_floor_spawned":[6,14],"killed_by":"Slime Boss","ascension_level":15}}