{"host":"bos5votkudm6su2k","time":1611143796,"event":{"mods":["100% Spire Juice","Act Like it!","AlwaysNeverKeys","Arknights The Spire","BaseMod","Chinese 32Bit Patch","Colored Map","Colored Powertips","DeckTracker","Good Game Mod","Marked Mod","Minty Spire (QoL Compilation)","Quick Restart","StSLib","SuperFastMode","The Invoker Mod","Waifu the Spire"],"gold_per_floor":[112,125,90,365,119,119,135,135,188,219,231,249,249,263,263,263,263],"floor_reached":16,"language":"ZHS","playtime":483,"items_purged":[],"score":102,"play_id":"6e08064a-d523-4a9a-a99e-4d90d4970d51","local_time":"20210120195636","is_ascension_mode":false,"campfire_choices":[{"data":"Regret","floor":6,"key":"PURGE"},{"data":"Doubt","floor":8,"key":"PURGE"},{"floor":13,"key":"REST"},{"data":"ats:Neurotoxin","floor":15,"key":"SMITH"}],"circlet_count":0,"master_deck":["ats:Strike C","ats:Strike G","ats:Strike S","ats:Strike V","ats:Armor Crushing Shot","ats:Defend","ats:Defend","ats:Defend","ats:Defend","ats:Emotion Absorption","ats:Rapid Magazine","ats:Poison Spread","ats:Curse Doll","ats:Part Time Job","ats:Leaping Hammer","ats:Thorns","ats:Explosion Area Strengthen","ats:Poison Spread","ats:Neurotoxin+1"],"relics":["ats:Sanity","REME:ComplimentaryCards","Peace Pipe","Omamori","ats:Berate","ats:Originium","Pen Nib"],"acts_visited":["Exordium"],"potions_floor_usage":[14,16],"damage_taken":[{"damage":12.0,"enemies":"Small Slimes","floor":1.0,"turns":7.0},{"damage":6.0,"enemies":"2 Louse","floor":2.0,"turns":4.0},{"damage":8,"enemies":"Cultist","floor":7,"turns":4},{"damage":53,"enemies":"Lagavulin","floor":10,"turns":9},{"damage":7,"enemies":"Looter","floor":11,"turns":3},{"damage":12,"enemies":"Large Slime","floor":12,"turns":5},{"damage":11,"enemies":"3 Louse","floor":14,"turns":4},{"damage":20,"enemies":"Slime Boss","floor":16,"turns":3}],"seed_played":"1336934515274798596","potions_obtained":[{"floor":10,"key":"Weak Potion"},{"floor":11,"key":"EssenceOfSteel"},{"floor":12,"key":"LiquidBronze"},{"floor":14,"key":"SpeedPotion"}],"is_trial":false,"path_per_floor":["M","M","?","?","$","R","M","R","T","E","M","M","R","M","R","B"],"character_chosen":"DOCTOR_CLASS","items_purchased":["Omamori","ats:Curse Doll","ats:Part Time Job"],"campfire_rested":1,"item_purchase_floors":[5,5,5],"current_hp_per_floor":[60,54,72,72,72,72,67,67,67,20,13,6,27,19,19,0,0],"gold":263,"neow_bonus":"ONE_RARE_RELIC","is_daily":false,"chose_seed":false,"campfire_upgraded":1,"win_rate":0.0,"timestamp":1611143796,"path_taken":["M","M","?","?","$","R","M","R","T","E","M","M","R","M","R","BOSS"],"items_purchased_type":["Relic","Card","Card"],"build_version":"2020-12-22","purchased_purges":0,"victory":false,"max_hp_per_floor":[72,72,72,72,72,72,72,72,72,72,72,72,72,72,72,72,72],"card_choices":[{"not_picked":["ats:Childhood Dance","ats:Cat Scratch"],"picked":"ats:Rapid Magazine","floor":1.0},{"not_picked":["ats:Encircling Forest","ats:Red Shift"],"picked":"ats:Poison Spread","floor":2.0},{"not_picked":["ats:Ignite","ats:Childhood Dance"],"picked":"ats:Leaping Hammer","floor":7},{"not_picked":["ats:Curse Doll","ats:Leaping Hammer"],"picked":"ats:Thorns","floor":10},{"not_picked":["ats:Revitalization","ats:Collapsing Strike"],"picked":"ats:Explosion Area Strengthen","floor":11},{"not_picked":["ats:Childhood Dance","ats:Apocalypse"],"picked":"ats:Poison Spread","floor":12},{"not_picked":["ats:Assault Order","ats:Burning Ground"],"picked":"ats:Neurotoxin","floor":14}],"player_experience":448392,"relics_obtained":[{"floor":9,"key":"ats:Berate"},{"floor":10,"key":"ats:Originium"},{"floor":10,"key":"Pen Nib"}],"event_choices":[{"damage_healed":18.0,"max_hp_gain":0.0,"max_hp_loss":0.0,"gold_gain":0.0,"event_name":"The Cleric","player_choice":"Healed","floor":3.0,"gold_loss":35.0,"damage_taken":0.0},{"damage_healed":0.0,"max_hp_gain":0.0,"max_hp_loss":0.0,"gold_gain":275.0,"event_name":"Golden Shrine","player_choice":"Desecrate","floor":4.0,"gold_loss":0.0,"damage_taken":0.0,"cards_obtained":["Regret"]}],"is_beta":false,"boss_relics":[],"items_purged_floors":[],"is_endless":false,"potions_floor_spawned":[10,11,12,14],"killed_by":"Slime Boss","ascension_level":0}}