{"host":"wonp23fsqqcu31ie","time":1611148803,"event":{"mods":["2.2 Compatiblity","AchievementEnabler","Aspiration","BaseMod","Bestiary","Better Altar","Better Match","Better Sensory Stone","Better Skull","Better Third Choice","BetterRewards","Block Reminder","Colored Map","Colored Powertips","Conspire","Curses Come First","DeckTracker","Displayed Cursed Tome","Downfall","Energized Spire","Evolution","Hermit","Highlight Path","Hubris","Infinite Spire","Marisa????????","Minty Spire (QoL Compilation)","Permanent Neow","Prisma Mod","Quick Restart","Rare Cards Sparkle","Relic Stats","Robot Space Explorer","Shade Mod","Shop Mod","StSLib","SuperFastMode","The Animator","The Bug Knight","The Construct","The Cursed","The Disciple","The Dragon Tamer","The Gatherer","The Hierophant","The Marked","The Necromancer","The Poker Player","The Runesmith","The Saiyan","The Servant 0.9.4","TheBandit"],"gold_per_floor":[121,121,130,414,434,434,477,496,566,581,607,607,607,618,618,724,724,751,751,774,807,816,845,845,845,899,899,928,962,978,1012,1012,1123,1123,1140,1140,1169,1169,731,731,747,747,747,747,761,761,761,209,209,209],"floor_reached":51,"language":"ENG","playtime":1431,"items_purged":["animator:Hans+1"],"score":1389,"play_id":"c0a68e98-a22e-4503-9c57-7a2e3b10325a","local_time":"20210121002003","is_ascension_mode":true,"metric_token":3346,"campfire_choices":[{"floor":6,"key":"RECALL"},{"data":"PokerPlayerMod:Club1","floor":12,"key":"SMITH"},{"data":"PokerPlayerMod:Spade1","floor":15,"key":"SMITH"},{"data":"PokerPlayerMod:ChangeRules","floor":25,"key":"SMITH"},{"data":"PokerPlayerMod:DiamondStrike","floor":27,"key":"SMITH"},{"floor":32,"key":"REST"},{"data":"PokerPlayerMod:DiamondStrike","floor":40,"key":"SMITH"},{"data":"PokerPlayerMod:Heart7","floor":42,"key":"SMITH"},{"data":"PokerPlayerMod:Heart7","floor":44,"key":"SMITH"},{"data":"PokerPlayerMod:VarietyAttack","floor":46,"key":"SMITH"},{"data":"PokerPlayerMod:RoyalStrike","floor":49,"key":"SMITH"}],"circlet_count":0,"master_deck":["animator:Hans+1","PokerPlayerMod:Diamond2","PokerPlayerMod:Diamond2","PokerPlayerMod:Diamond3","PokerPlayerMod:Diamond4","PokerPlayerMod:Diamond5","PokerPlayerMod:Spade2","PokerPlayerMod:Spade2","PokerPlayerMod:Spade3","PokerPlayerMod:Spade4","PokerPlayerMod:Club2","PokerPlayerMod:Club2","PokerPlayerMod:Heart2","PokerPlayerMod:TrumpStrike+1","PokerPlayerMod:BadJoker+1","PokerPlayerMod:Mulligan+1","PokerPlayerMod:Heart8","PokerPlayerMod:Heart8","PokerPlayerMod:DiamondStrike","PokerPlayerMod:MagicTrick","conspire:Banana+1","PokerPlayerMod:FlyingCard","PokerPlayerMod:DiamondStrike+1","Finesse","PokerPlayerMod:Diamond4","PokerPlayerMod:Spade4","PokerPlayerMod:DiamondStrike+1","PokerPlayerMod:VarietyAttack+1","PokerPlayerMod:FlyingCard+1","PokerPlayerMod:Trickery+1","PokerPlayerMod:ChangeRules+1","PokerPlayerMod:RoyalStrike+1","PokerPlayerMod:FakeSymbols","PokerPlayerMod:Heart8","PokerPlayerMod:Club5","PokerPlayerMod:Heart8"],"relics":["PokerPlayerMod:DeckCase","EVO:Axolotl","hubris:Potato","Medical Kit","CeramicFish","MerchantsRug","hubris:CuriousFeather","bronze:BronzeCore","Toy Ornithopter","hubris:BottledRain","hubris:GlazedTorus","aspiration:FetidBarrel","White Beast Statue","Runesmith:Locket","Question Card","conspire:TreasureMap","StoneCalendar","aspiration:VileToxins","Thread and Needle","infinitespire:ShieldingShard","construct:WeddingRing","hubris:Zylophone","Ice Cream","Pantograph","Bottled Tornado","Nloth\u0027s Gift","Singing Bowl","Vajra","aspiration:SecretTechniqueScroll","infinitespire:EmpoweringShard","Lantern","Tiny Chest","PokerPlayerMod:PendantOfEscape","Whetstone","hubris:Spice"],"acts_visited":["Exordium","TheCity","TheBeyond"],"potions_floor_usage":[7,7,11,14,31,31,50,50],"damage_taken":[{"damage":0,"enemies":"conspire:RoseBush","floor":1,"turns":2},{"damage":0,"enemies":"Jaw Worm","floor":5,"turns":1},{"damage":14,"enemies":"HollowMod:MossKnight","floor":7,"turns":6},{"damage":0,"enemies":"2 Louse","floor":8,"turns":1},{"damage":0,"enemies":"Large Slime","floor":10,"turns":4},{"damage":9,"enemies":"Gremlin Nob","floor":11,"turns":3},{"damage":13,"enemies":"Exordium Thugs","floor":14,"turns":3},{"damage":14,"enemies":"Hexaghost","floor":16,"turns":5},{"damage":0,"enemies":"conspire:FuzzyDice","floor":18,"turns":3},{"damage":0,"enemies":"Spheric Guardian","floor":20,"turns":3},{"damage":0,"enemies":"conspire:MimicChest","floor":21,"turns":4},{"damage":30,"enemies":"Gremlin Leader","floor":23,"turns":5},{"damage":0,"enemies":"Centurion and Healer","floor":28,"turns":4},{"damage":0,"enemies":"conspire:SneckoGhost","floor":29,"turns":4},{"damage":12,"enemies":"Snecko","floor":30,"turns":4},{"damage":24,"enemies":"conspire:Head Lice","floor":31,"turns":3},{"damage":9,"enemies":"Collector","floor":33,"turns":6},{"damage":0,"enemies":"3 Shapes","floor":35,"turns":2},{"damage":0,"enemies":"3 Darklings","floor":37,"turns":2},{"damage":0,"enemies":"Jaw Worm Horde","floor":41,"turns":2},{"damage":0,"enemies":"4 Shapes","floor":45,"turns":3},{"damage":4,"enemies":"infinitespire:MassOfShapes","floor":50,"turns":6}],"seed_played":"48834142855496003","potions_obtained":[{"floor":7,"key":"SkillPotion"},{"floor":8,"key":"Regen Potion"},{"floor":10,"key":"PowerPotion"},{"floor":11,"key":"LiquidBronze"},{"floor":14,"key":"LiquidBronze"},{"floor":16,"key":"Dexterity Potion"},{"floor":21,"key":"ColorlessPotion"},{"floor":33,"key":"SpeedPotion"},{"floor":35,"key":"PowerPotion"},{"floor":37,"key":"Regen Potion"}],"is_trial":false,"path_per_floor":["M","?","?","?","M","R","E","M","T","M","E","R","?","M","R","B",null,"M","AVR","M","?","?","E","?","R","T","R","M","E","M","E","R","B",null,"M","?","M","?","$","R","M","R","T","R","M","R","?","$","R","B",null],"character_chosen":"THE_POKER_PLAYER","items_purchased":["hubris:Potato","Medical Kit","CeramicFish","PokerPlayerMod:Heart7","PokerPlayerMod:Heart8","MerchantsRug","FairyPotion","aspiration:Nostalgia","Toy Ornithopter","hubris:BottledRain","Regen Potion","EssenceOfSteel","PokerPlayerMod:DiamondStrike","PokerPlayerMod:MagicTrick","aspiration:FetidBarrel","White Beast Statue","conspire:Banana","PokerPlayerMod:FlyingCard","Question Card","conspire:TreasureMap","infinitespire:EmpoweringShard","Lantern","PokerPlayerMod:Club5","PokerPlayerMod:PendantOfEscape","Whetstone","hubris:Spice","PokerPlayerMod:Heart8"],"campfire_rested":1,"item_purchase_floors":[0,0,0,0,0,0,0,0,0,0,0,0,0,0,0,0,0,0,0,0,39,39,39,48,48,48,48],"current_hp_per_floor":[23,23,23,23,23,23,48,57,57,59,52,52,52,61,61,58,62,63,63,63,65,65,61,61,61,61,61,71,75,76,64,79,83,83,93,93,93,93,93,93,95,95,95,95,97,97,97,105,105,109],"gold":209,"neow_bonus":"","is_daily":false,"chose_seed":false,"campfire_upgraded":9,"win_rate":0.0,"timestamp":1611148803,"path_taken":["M","?","?","?","M","R","E","M","T","?","E","R","?","M","R","BOSS","M","AVR","M","?","?","E","?","R","T","R","M","E","?","E","R","BOSS","M","?","?","?","$","R","M","R","T","R","?","R","?","?","R","BOSS"],"items_purchased_type":["Relic","Relic","Relic","Card","Card","Relic","Potion","Relic","Relic","Relic","Potion","Potion","Card","Card","Relic","Relic","Card","Card","Relic","Relic","Relic","Relic","Card","Relic","Relic","Relic","Card"],"build_version":"2020-12-22","purchased_purges":1,"victory":true,"max_hp_per_floor":[53,53,53,53,53,53,55,57,57,59,61,61,61,61,61,63,63,63,63,63,65,65,71,71,71,71,71,71,75,77,79,79,83,83,93,93,93,93,93,93,95,95,95,95,97,97,97,105,105,109],"relic_stats":{"Singing Bowl":62,"counters":[216,858],"CeramicFish":189,"Pantograph":0,"StoneCalendar":[0],"Tiny Chest":0,"Nloth\u0027s Gift":14,"Whetstone":["PokerPlayerMod:Trickery","PokerPlayerMod:TrumpStrike"],"Medical Kit":[0],"Question Card":29,"obtain_stats":[{"infinitespire:BottledMercury":110,"construct:FoamFinger":26,"Runesmith:Locket":0,"infinitespire:Cubic Diamond":2,"Ginger":19,"Whetstone":45,"Bottled Tornado":23,"Boot":0,"Sling":36,"Blood Vial":8,"PrismaMod:PrismaRuby":2,"infinitespire:ShieldingShard":11,"hubris:AstralHammer":0,"aspiration:BabyByrd":5,"Sundial":108,"MealTicket":128,"Necronomicon":122,"HollowMod:PaleOreRelic":6,"Replay:Wax Seal":53,"MerchantsRug":25,"HollowMod:QueensCombRelic":9,"hubris:MobiusCoin":43,"conspire:TreasureMap":0,"Blue Candle":24,"ReplayTheSpireMod:Ring of Addiction":42,"hubris:SphereOfDissonance":111,"Pen Nib":27,"Guardian:PocketSentry":9,"Replay:Ancient Bell":34,"infinitespire:Magic Flask":0,"aspiration:FrozenJewel":25,"Akabeko":9,"ReplayTheSpireMod:Ring of Collecting":42,"aspiration:ServantSkillbook":17,"CultistMask":3,"conspire:BottledYoYo":8,"energizedSpire:MagnifyingGlass":68,"hubris:TenFootPole":82,"StrikeDummy":12,"Abe\u0027s Treasure":17,"infinitespire:PuzzleCube":21,"conspire:Flyswatter":19,"hubris:Reverence":12,"infinitespire:Cupcake":136,"aspiration:Lifesprig":14,"Regal Pillow":5,"Lantern":0,"hubris:Metronome":138,"Singing Bowl":77,"Torii":141,"Blue Doll":23,"StoneCalendar":0,"hubris:EmptyBottle":42,"Cursed Key":17,"Smiling Mask":20,"Shovel":36,"hubris:Backtick":19,"Ring of Peace":43,"aspiration:AnachronicSnailShell":6,"hubris:ScarierMask":85,"hubris:CuriousFeather":9,"hubris:FunFungus":0,"energizedSpire:HugeHouse":138,"Chemical X":0,"Ring of Panic":44,"aspiration:ChemicalBlood":43,"hubris:GlazedTorus":149,"Potion Belt":6,"aspiration:VileToxins":7,"construct:WeddingRing":17,"hubris:64BitClover":0,"Circlet":105,"Thread and Needle":0,"infinitespire:Joker Card":63,"Omamori":155,"infinitespire:CheckeredPen":26,"infinitespire:Lucky Rock":60,"hubris:Towel":13,"PokerPlayerMod:BottledPoker":25,"theMarked:ArtifactOfAir":45,"Busted Crown":17,"hubris:Spice":48,"Bloody Idol":31,"Orrery":0,"Bottled Lightning":11,"Runesmith:AutoHammer":53,"hexamod:BolsterEngine":44,"conspire:DeflatedDodgeball":10,"Toy Ornithopter":0,"infinitespire:Midas Blood":149,"hubris:BottledRain":0,"Ice Cream":19,"Calipers":10,"Tiny House":17,"hubris:CrystalStatue":82,"Nilry\u0027s Codex":22,"CeramicFish":26,"Vajra":78,"aspiration:Stabinomicon":30,"EVO:Axolotl":0,"HollowMod:StagPassRelic":92,"PokerPlayerMod:BrokenClock":52,"Lizard Tail":25,"Strawberry":156,"Philosopher\u0027s Stone":102,"PokerPlayerMod:Splitter":108,"conspire:Dentures":0,"PokerPlayerMod:PendantOfEscape":0,"Girya":0,"hubris:DuctTape":6,"Happy Flower":6,"aspiration:Nostalgia":0,"ReplayTheSpireMod:CursedCoin":14,"Oddly Smooth Stone":45,"infinitespire:Beetle Shell":6,"conspire:Boomerang":17,"aspiration:SeaSaltIceCream":19,"Letter Opener":133,"War Paint":23,"aspiration:HiddenCompartment":25,"Question Card":0,"hubris:Zylophone":0,"Du-Vu Doll":145,"Replay:Baseball":34,"ReplayTheSpireMod:Shallot":54,"Shuriken":31,"Bronze Scales":14,"hubris:PeanutButter":41,"ReplayTheSpireMod:TigerMarble":18,"Black Star":17,"Nloth\u0027s Gift":24,"infinitespire:EmpoweringShard":39,"CatCart":45,"Mirror":34,"aspiration:HatOfInfinitePower":42,"Meat on the Bone":19,"NlothsMask":20,"Darkstone Periapt":19,"bronze:BronzeCore":0,"SacredBark":34,"Enchiridion":75,"aspiration:TomeofQuesting":62,"conspire:SpecialSausage":153,"Juzu Bracelet":8,"ClockworkSouvenir":53,"PokerPlayerMod:FairLicense":53,"PokerPlayerMod:DeckCase":0,"m_ScarletBlood":0,"Replay:Bandana":22,"Nunchaku":0,"hubris:Icosahedron":19,"aspiration:DefectSkillbook":34,"Mummified Hand":41,"Pantograph":104,"Tiny Chest":43,"Red Mask":21,"aspiration:FetidBarrel":73,"Guide Book":7,"hubris:MedicalManual":2,"aspiration:HummingbirdHeart":31,"aspiration:SecretTechniqueScroll":34,"Orichalcum":12,"Odd Mushroom":53,"Medical Kit":0,"White Beast Statue":42,"Calling Bell":17,"Pondfish Scales":11,"infinitespire:WardingShard":46,"PokerPlayerMod:EnergeticBat":0,"infinitespire:Satchel":70,"hubris:BundleOfHerbs":38,"PokerPlayerMod:JackpotMachine":110,"PokerPlayerMod:ClubPass":26,"Membership Card":21,"hubris:Potato":34,"TungstenRod":40,"hubris:OldNail":62,"ReplayTheSpireMod:ShopPack":25},{"infinitespire:BottledMercury":170,"construct:FoamFinger":87,"Runesmith:Locket":194,"infinitespire:Cubic Diamond":53,"Ginger":36,"Whetstone":141,"Bottled Tornado":206,"Boot":27,"Sling":43,"Blood Vial":81,"PrismaMod:PrismaRuby":53,"infinitespire:ShieldingShard":200,"hubris:AstralHammer":120,"aspiration:BabyByrd":122,"Sundial":169,"MealTicket":177,"Necronomicon":175,"HollowMod:PaleOreRelic":15,"Replay:Wax Seal":50,"MerchantsRug":26,"HollowMod:QueensCombRelic":67,"hubris:MobiusCoin":114,"conspire:TreasureMap":194,"Blue Candle":9,"ReplayTheSpireMod:Ring of Addiction":47,"hubris:SphereOfDissonance":170,"Pen Nib":9,"Guardian:PocketSentry":4,"Replay:Ancient Bell":42,"infinitespire:Magic Flask":75,"aspiration:FrozenJewel":26,"Akabeko":95,"ReplayTheSpireMod:Ring of Collecting":47,"aspiration:ServantSkillbook":126,"CultistMask":53,"conspire:BottledYoYo":122,"energizedSpire:MagnifyingGlass":151,"hubris:TenFootPole":156,"StrikeDummy":57,"Abe\u0027s Treasure":35,"infinitespire:PuzzleCube":85,"conspire:Flyswatter":59,"hubris:Reverence":69,"infinitespire:Cupcake":182,"aspiration:Lifesprig":5,"Regal Pillow":30,"Lantern":120,"hubris:Metronome":183,"Singing Bowl":153,"Torii":186,"Blue Doll":26,"StoneCalendar":194,"hubris:EmptyBottle":47,"Cursed Key":6,"Smiling Mask":23,"Shovel":110,"hubris:Backtick":203,"Ring of Peace":47,"aspiration:AnachronicSnailShell":94,"hubris:ScarierMask":157,"hubris:CuriousFeather":55,"hubris:FunFungus":62,"energizedSpire:HugeHouse":183,"Chemical X":52,"Ring of Panic":47,"aspiration:ChemicalBlood":47,"hubris:GlazedTorus":190,"Potion Belt":80,"aspiration:VileToxins":197,"construct:WeddingRing":202,"hubris:64BitClover":12,"Circlet":166,"Thread and Needle":52,"infinitespire:Joker Card":149,"Omamori":192,"infinitespire:CheckeredPen":38,"infinitespire:Lucky Rock":147,"hubris:Towel":33,"PokerPlayerMod:BottledPoker":38,"theMarked:ArtifactOfAir":141,"Busted Crown":71,"hubris:Spice":215,"Bloody Idol":89,"Orrery":120,"Bottled Lightning":32,"Runesmith:AutoHammer":50,"hexamod:BolsterEngine":47,"conspire:DeflatedDodgeball":96,"Toy Ornithopter":27,"infinitespire:Midas Blood":190,"hubris:BottledRain":194,"Ice Cream":203,"Calipers":17,"Tiny House":21,"hubris:CrystalStatue":156,"Nilry\u0027s Codex":61,"CeramicFish":9,"Vajra":154,"aspiration:Stabinomicon":89,"EVO:Axolotl":0,"HollowMod:StagPassRelic":161,"PokerPlayerMod:BrokenClock":118,"Lizard Tail":26,"Strawberry":193,"Philosopher\u0027s Stone":164,"PokerPlayerMod:Splitter":169,"conspire:Dentures":52,"PokerPlayerMod:PendantOfEscape":90,"Girya":52,"hubris:DuctTape":4,"Happy Flower":31,"aspiration:Nostalgia":0,"ReplayTheSpireMod:CursedCoin":5,"Oddly Smooth Stone":116,"infinitespire:Beetle Shell":67,"conspire:Boomerang":100,"aspiration:SeaSaltIceCream":36,"Letter Opener":181,"War Paint":129,"aspiration:HiddenCompartment":130,"Question Card":194,"hubris:Zylophone":120,"Du-Vu Doll":187,"Replay:Baseball":42,"ReplayTheSpireMod:Shallot":51,"Shuriken":107,"Bronze Scales":5,"hubris:PeanutButter":141,"ReplayTheSpireMod:TigerMarble":22,"Black Star":58,"Nloth\u0027s Gift":206,"infinitespire:EmpoweringShard":213,"CatCart":48,"Mirror":42,"aspiration:HatOfInfinitePower":114,"Meat on the Bone":85,"NlothsMask":127,"Darkstone Periapt":101,"bronze:BronzeCore":194,"SacredBark":135,"Enchiridion":152,"aspiration:TomeofQuesting":149,"conspire:SpecialSausage":192,"Juzu Bracelet":4,"ClockworkSouvenir":50,"PokerPlayerMod:FairLicense":118,"PokerPlayerMod:DeckCase":0,"m_ScarletBlood":0,"Replay:Bandana":8,"Nunchaku":52,"hubris:Icosahedron":7,"aspiration:DefectSkillbook":108,"Mummified Hand":113,"Pantograph":165,"Tiny Chest":214,"Red Mask":61,"aspiration:FetidBarrel":152,"Guide Book":31,"hubris:MedicalManual":1,"aspiration:HummingbirdHeart":41,"aspiration:SecretTechniqueScroll":211,"Orichalcum":83,"Odd Mushroom":145,"Medical Kit":194,"White Beast Statue":47,"Calling Bell":100,"Pondfish Scales":18,"infinitespire:WardingShard":116,"PokerPlayerMod:EnergeticBat":90,"infinitespire:Satchel":152,"hubris:BundleOfHerbs":139,"PokerPlayerMod:JackpotMachine":170,"PokerPlayerMod:ClubPass":26,"Membership Card":37,"hubris:Potato":42,"TungstenRod":47,"hubris:OldNail":149,"ReplayTheSpireMod:ShopPack":38},{"infinitespire:BottledMercury":714,"construct:FoamFinger":369,"Runesmith:Locket":782,"infinitespire:Cubic Diamond":221,"Ginger":139,"Whetstone":622,"Bottled Tornado":822,"Boot":107,"Sling":169,"Blood Vial":339,"PrismaMod:PrismaRuby":221,"infinitespire:ShieldingShard":799,"hubris:AstralHammer":527,"aspiration:BabyByrd":531,"Sundial":712,"MealTicket":727,"Necronomicon":723,"HollowMod:PaleOreRelic":51,"Replay:Wax Seal":203,"MerchantsRug":98,"HollowMod:QueensCombRelic":287,"hubris:MobiusCoin":486,"conspire:TreasureMap":782,"Blue Candle":32,"ReplayTheSpireMod:Ring of Addiction":182,"hubris:SphereOfDissonance":714,"Pen Nib":32,"Guardian:PocketSentry":12,"Replay:Ancient Bell":167,"infinitespire:Magic Flask":320,"aspiration:FrozenJewel":98,"Akabeko":395,"ReplayTheSpireMod:Ring of Collecting":182,"aspiration:ServantSkillbook":544,"CultistMask":221,"conspire:BottledYoYo":531,"energizedSpire:MagnifyingGlass":656,"hubris:TenFootPole":674,"StrikeDummy":247,"Abe\u0027s Treasure":136,"infinitespire:PuzzleCube":362,"conspire:Flyswatter":261,"hubris:Reverence":293,"infinitespire:Cupcake":736,"aspiration:Lifesprig":13,"Regal Pillow":119,"Lantern":527,"hubris:Metronome":739,"Singing Bowl":661,"Torii":747,"Blue Doll":98,"StoneCalendar":782,"hubris:EmptyBottle":182,"Cursed Key":20,"Smiling Mask":89,"Shovel":464,"hubris:Backtick":810,"Ring of Peace":182,"aspiration:AnachronicSnailShell":393,"hubris:ScarierMask":678,"hubris:CuriousFeather":229,"hubris:FunFungus":275,"energizedSpire:HugeHouse":739,"Chemical X":218,"Ring of Panic":182,"aspiration:ChemicalBlood":182,"hubris:GlazedTorus":756,"Potion Belt":335,"aspiration:VileToxins":791,"construct:WeddingRing":807,"hubris:64BitClover":40,"Circlet":707,"Thread and Needle":218,"infinitespire:Joker Card":650,"Omamori":775,"infinitespire:CheckeredPen":149,"infinitespire:Lucky Rock":645,"hubris:Towel":130,"PokerPlayerMod:BottledPoker":149,"theMarked:ArtifactOfAir":622,"Busted Crown":303,"hubris:Spice":852,"Bloody Idol":374,"Orrery":527,"Bottled Lightning":128,"Runesmith:AutoHammer":203,"hexamod:BolsterEngine":182,"conspire:DeflatedDodgeball":400,"Toy Ornithopter":107,"infinitespire:Midas Blood":756,"hubris:BottledRain":782,"Ice Cream":810,"Calipers":61,"Tiny House":80,"hubris:CrystalStatue":674,"Nilry\u0027s Codex":272,"CeramicFish":32,"Vajra":669,"aspiration:Stabinomicon":374,"EVO:Axolotl":0,"HollowMod:StagPassRelic":688,"PokerPlayerMod:BrokenClock":515,"Lizard Tail":98,"Strawberry":776,"Philosopher\u0027s Stone":703,"PokerPlayerMod:Splitter":712,"conspire:Dentures":218,"PokerPlayerMod:PendantOfEscape":380,"Girya":218,"hubris:DuctTape":12,"Happy Flower":123,"aspiration:Nostalgia":0,"ReplayTheSpireMod:CursedCoin":13,"Oddly Smooth Stone":499,"infinitespire:Beetle Shell":287,"conspire:Boomerang":416,"aspiration:SeaSaltIceCream":139,"Letter Opener":734,"War Paint":553,"aspiration:HiddenCompartment":556,"Question Card":782,"hubris:Zylophone":527,"Du-Vu Doll":750,"Replay:Baseball":167,"ReplayTheSpireMod:Shallot":209,"Shuriken":449,"Bronze Scales":13,"hubris:PeanutButter":622,"ReplayTheSpireMod:TigerMarble":84,"Black Star":256,"Nloth\u0027s Gift":822,"infinitespire:EmpoweringShard":847,"CatCart":187,"Mirror":167,"aspiration:HatOfInfinitePower":486,"Meat on the Bone":362,"NlothsMask":546,"Darkstone Periapt":420,"bronze:BronzeCore":782,"SacredBark":582,"Enchiridion":658,"aspiration:TomeofQuesting":650,"conspire:SpecialSausage":775,"Juzu Bracelet":12,"ClockworkSouvenir":203,"PokerPlayerMod:FairLicense":515,"PokerPlayerMod:DeckCase":0,"m_ScarletBlood":0,"Replay:Bandana":28,"Nunchaku":218,"hubris:Icosahedron":24,"aspiration:DefectSkillbook":457,"Mummified Hand":480,"Pantograph":704,"Tiny Chest":849,"Red Mask":272,"aspiration:FetidBarrel":658,"Guide Book":123,"hubris:MedicalManual":3,"aspiration:HummingbirdHeart":161,"aspiration:SecretTechniqueScroll":843,"Orichalcum":347,"Odd Mushroom":636,"Medical Kit":782,"White Beast Statue":182,"Calling Bell":416,"Pondfish Scales":66,"infinitespire:WardingShard":499,"PokerPlayerMod:EnergeticBat":380,"infinitespire:Satchel":658,"hubris:BundleOfHerbs":606,"PokerPlayerMod:JackpotMachine":714,"PokerPlayerMod:ClubPass":98,"Membership Card":143,"hubris:Potato":167,"TungstenRod":182,"hubris:OldNail":650,"ReplayTheSpireMod:ShopPack":149}],"Toy Ornithopter":111},"card_choices":[{"not_picked":["PokerPlayerMod:Diamond2","PokerPlayerMod:CardBurn","PokerPlayerMod:Diamond3"],"picked":"PokerPlayerMod:DiamondStrike","floor":1},{"not_picked":["Chrysalis","HandOfGreed","Good Instincts"],"picked":"Finesse","floor":3},{"not_picked":["PokerPlayerMod:Diamond2","PokerPlayerMod:HiddenCard","PokerPlayerMod:Diamond1"],"picked":"PokerPlayerMod:Diamond4","floor":5},{"not_picked":["PokerPlayerMod:Fold","PokerPlayerMod:MagicTrick","PokerPlayerMod:Diamond6"],"picked":"PokerPlayerMod:Spade4","floor":7},{"not_picked":["PokerPlayerMod:Sharpen","PokerPlayerMod:Diamond3","PokerPlayerMod:Fold"],"picked":"PokerPlayerMod:DiamondStrike","floor":8},{"not_picked":["PokerPlayerMod:ClubsClub","PokerPlayerMod:Spade7","PokerPlayerMod:HiddenCard","PokerPlayerMod:Diamond1"],"picked":"SKIP","floor":10},{"not_picked":["PokerPlayerMod:Diamond5","PokerPlayerMod:Heart6","PokerPlayerMod:Heart1","PokerPlayerMod:Configure"],"picked":"SKIP","floor":11},{"not_picked":["PokerPlayerMod:Spade2","PokerPlayerMod:Fold","PokerPlayerMod:Diamond1","PokerPlayerMod:CardBurn"],"picked":"SKIP","floor":14},{"not_picked":["PokerPlayerMod:ChangeRules","PokerPlayerMod:ItsShowtime","PokerPlayerMod:Diamond8"],"picked":"PokerPlayerMod:VarietyAttack","floor":16},{"not_picked":["PokerPlayerMod:Harden","PokerPlayerMod:Diamond1","PokerPlayerMod:Configure"],"picked":"PokerPlayerMod:FlyingCard+1","floor":18},{"not_picked":["PokerPlayerMod:CloakAndDiamond","PokerPlayerMod:Spade3","PokerPlayerMod:CardBurn"],"picked":"PokerPlayerMod:Trickery","floor":20},{"not_picked":["PokerPlayerMod:CardBurn","PokerPlayerMod:Spade6","PokerPlayerMod:Diamond1","PokerPlayerMod:ClubShade"],"picked":"SKIP","floor":23},{"not_picked":["PokerPlayerMod:Raise","PokerPlayerMod:SecondChance+1","PokerPlayerMod:CloakAndDiamond"],"picked":"PokerPlayerMod:RoyalStrike","floor":28},{"not_picked":["PokerPlayerMod:Diamond3","PokerPlayerMod:StackedDeck","PokerPlayerMod:SecretDealer","PokerPlayerMod:SecondChance"],"picked":"Singing Bowl","floor":29},{"not_picked":["PokerPlayerMod:Diamond3","PokerPlayerMod:Club1","PokerPlayerMod:Spade4","PokerPlayerMod:DiamondStrike"],"picked":"Singing Bowl","floor":30},{"not_picked":["PokerPlayerMod:Diamond1","PokerPlayerMod:Diamond3","PokerPlayerMod:Spade6","PokerPlayerMod:WasteCollection"],"picked":"Singing Bowl","floor":31},{"not_picked":["PokerPlayerMod:Promotion","PokerPlayerMod:Diamond8","PokerPlayerMod:Spade9"],"picked":"PokerPlayerMod:FakeSymbols","floor":33},{"not_picked":["PokerPlayerMod:CardBurn+1","PokerPlayerMod:Club1","PokerPlayerMod:ClubStrike+1","PokerPlayerMod:Diamond5"],"picked":"Singing Bowl","floor":35},{"not_picked":["PokerPlayerMod:Spade4","PokerPlayerMod:Spade8","PokerPlayerMod:Diamond2"],"picked":"PokerPlayerMod:Heart7","floor":37},{"not_picked":["PokerPlayerMod:Spade2","PokerPlayerMod:Heart1","PokerPlayerMod:Diamond2","PokerPlayerMod:Club4"],"picked":"Singing Bowl","floor":41},{"not_picked":["PokerPlayerMod:Spade5","PokerPlayerMod:Fold","PokerPlayerMod:Manipulation","PokerPlayerMod:Spade2"],"picked":"Singing Bowl","floor":45}],"player_experience":572445,"relics_obtained":[{"floor":7,"key":"aspiration:VileToxins"},{"floor":9,"key":"Thread and Needle"},{"floor":11,"key":"infinitespire:ShieldingShard"},{"floor":21,"key":"Pantograph"},{"floor":23,"key":"Bottled Tornado"},{"floor":26,"key":"Singing Bowl"},{"floor":29,"key":"Vajra"},{"floor":31,"key":"War Paint"},{"floor":43,"key":"Tiny Chest"}],"event_choices":[{"damage_healed":0,"gold_gain":0,"player_choice":"Grow","damage_taken":0,"max_hp_gain":0,"max_hp_loss":0,"event_name":"Living Wall","floor":2,"gold_loss":0,"cards_upgraded":["conspire:Banana"]},{"damage_healed":0,"gold_gain":1,"player_choice":"1","damage_taken":0,"max_hp_gain":0,"max_hp_loss":0,"event_name":"betterStone:BetterStone","floor":3,"gold_loss":0},{"damage_healed":0,"gold_gain":275,"player_choice":"Desecrate","damage_taken":0,"max_hp_gain":0,"max_hp_loss":0,"event_name":"Golden Shrine","floor":4,"gold_loss":0,"cards_obtained":["Regret"]},{"damage_healed":0,"gold_gain":0,"player_choice":"Read","damage_taken":0,"max_hp_gain":0,"max_hp_loss":0,"event_name":"The Library","floor":22,"gold_loss":0,"cards_obtained":["PokerPlayerMod:ChangeRules"]},{"damage_healed":0,"gold_gain":0,"player_choice":"Traded Relic","damage_taken":0,"relics_obtained":["Nloth\u0027s Gift"],"max_hp_gain":0,"max_hp_loss":0,"event_name":"N\u0027loth","floor":24,"relics_lost":["aspiration:Nostalgia"],"gold_loss":0},{"cards_removed":["Regret"],"damage_healed":0,"gold_gain":0,"player_choice":"Card Removal","damage_taken":0,"max_hp_gain":0,"max_hp_loss":0,"event_name":"Wheel of Change","floor":36,"gold_loss":0}],"is_beta":false,"boss_relics":[{"not_picked":["Coffee Dripper","energizedSpire:NeverEndingSparkler"],"picked":"construct:WeddingRing"},{"not_picked":["aspiration:RunesmithSkillbook","conspire:SeveredTorchhead"],"picked":"aspiration:SecretTechniqueScroll"}],"items_purged_floors":[0],"is_endless":false,"potions_floor_spawned":[1,5,7,8,10,11,14,16,18,20,21,23,28,29,30,31,33,35,37,41,45],"ascension_level":5}}