{"host":"ip2n7evpd0qt0hgd","time":1611105560,"event":{"mods":["BaseMod","Downfall","Minty Spire (QoL Compilation)","Quick Restart","StSLib"],"gold_per_floor":[99,118,293,304,304,204,231,250,268,286,311,322,322,340,355,453,453,453,468,468,468,378,378,452,477,489,489,506,522,541,567,585,585,585,585],"floor_reached":33,"language":"ENG","playtime":1689,"items_purged":["Doubt"],"score":333,"play_id":"c0e008af-8100-442f-8d04-1242ad1042e7","local_time":"20210119201920","is_ascension_mode":true,"campfire_choices":[{"floor":1,"key":"RECALL"},{"data":"bronze:Repair","floor":6,"key":"SMITH"},{"data":"bronze:InfiniteLoop","floor":13,"key":"SMITH"},{"data":"bronze:SpaghettiCode","floor":18,"key":"SMITH"},{"data":"bronze:MaxOutput","floor":23,"key":"SMITH"},{"data":"bronze:GetLatest","floor":27,"key":"SMITH"}],"circlet_count":0,"master_deck":["bronze:Strike","bronze:Strike","bronze:Strike","bronze:Strike","bronze:Defend","bronze:Defend+1","bronze:Defend","bronze:Defend+1","bronze:Replicate+1","bronze:Goto","bronze:WhirlingStrike","bronze:Repair+1","bronze:DelayedGuard","bronze:GetLatest+1","bronze:InfiniteLoop+1","bronze:ChildClass","bronze:WhirlingStrike","bronze:MaxOutput+1","bronze:SpaghettiCode+1","bronze:Iterate","bronze:Flail","bronze:FineTuning","bronze:Boost"],"relics":["bronze:PlatinumCore","Mummified Hand","downfall:HeartBlessingRed","War Paint","Singing Bowl","Blue Candle","Pear","Bag of Preparation"],"acts_visited":["Exordium","TheCity"],"potions_floor_usage":[16,16,31,32,33],"damage_taken":[{"damage":1,"enemies":"Jaw Worm","floor":2,"turns":3},{"damage":0,"enemies":"2 Louse","floor":4,"turns":2},{"damage":0,"enemies":"Cultist","floor":8,"turns":5},{"damage":12,"enemies":"Large Slime","floor":9,"turns":7},{"damage":1,"enemies":"2 Fungi Beasts","floor":10,"turns":4},{"damage":7,"enemies":"Lagavulin","floor":11,"turns":6},{"damage":1,"enemies":"Exordium Wildlife","floor":12,"turns":4},{"damage":0,"enemies":"Gremlin Gang","floor":14,"turns":3},{"damage":3,"enemies":"Blue Slaver","floor":15,"turns":2},{"damage":16,"enemies":"WA_ARCHETYPE_RETAIN","floor":16,"turns":5},{"damage":0,"enemies":"3 Byrds","floor":19,"turns":4},{"damage":0,"enemies":"downfall:FleeingMerchant","floor":22,"turns":4},{"damage":5,"enemies":"Gremlin Leader","floor":25,"turns":5},{"damage":0,"enemies":"3 Cultists","floor":26,"turns":2},{"damage":16,"enemies":"Snake Plant","floor":28,"turns":5},{"damage":11,"enemies":"Centurion and Healer","floor":29,"turns":4},{"damage":2,"enemies":"Cultist and Chosen","floor":30,"turns":3},{"damage":2,"enemies":"Book of Stabbing","floor":31,"turns":4},{"damage":12,"enemies":"Sentry and Sphere","floor":32,"turns":4},{"damage":133,"enemies":"IC_MUSHROOM_ARCHETYPE","floor":33,"turns":11}],"seed_played":"-4331600424136705506","potions_obtained":[{"floor":4,"key":"ColorlessPotion"},{"floor":10,"key":"SteroidPotion"},{"floor":12,"key":"LiquidMemories"},{"floor":16,"key":"Dexterity Potion"},{"floor":26,"key":"Energy Potion"},{"floor":31,"key":"FairyPotion"},{"floor":32,"key":"Fruit Juice"}],"is_trial":false,"path_per_floor":["R","M","?","M","?","R","T","M","M","M","E","M","R","M","M","B",null,"R","M","?","?","$","R","T","E","M","R","M","M","M","E","M","B"],"character_chosen":"THE_AUTOMATON","items_purchased":[],"campfire_rested":0,"item_purchase_floors":[],"current_hp_per_floor":[70,69,69,69,69,69,69,70,68,70,65,71,71,71,72,62,72,72,72,72,72,74,74,74,84,86,86,80,81,86,90,85,0,0,0],"gold":585,"neow_bonus":"UPGRADE_CARD","is_daily":false,"chose_seed":false,"campfire_upgraded":5,"win_rate":0.0,"timestamp":1611105560,"path_taken":["R","M","?","M","?","R","T","M","M","M","E","?","R","M","M","BOSS","R","M","?","?","?","R","T","E","M","R","?","M","M","E","M","BOSS"],"items_purchased_type":[],"build_version":"2020-12-22","purchased_purges":1,"victory":false,"max_hp_per_floor":[70,70,70,70,70,70,70,70,70,70,72,72,72,72,72,72,72,72,72,72,72,74,74,74,84,86,86,86,88,88,90,97,97,97,97],"card_choices":[{"not_picked":["bronze:Branch","bronze:OilSpill"],"picked":"bronze:WhirlingStrike","floor":2},{"not_picked":["bronze:Overheat","bronze:WildBeam"],"picked":"bronze:Repair","floor":4},{"not_picked":["bronze:OilSpill","bronze:WildBeam"],"picked":"bronze:DelayedGuard","floor":8},{"not_picked":["bronze:BitShift","bronze:Safeguard"],"picked":"bronze:GetLatest","floor":9},{"not_picked":["bronze:DelayedSlice","bronze:BugBarrage"],"picked":"bronze:InfiniteLoop","floor":10},{"not_picked":["bronze:BitShift","bronze:BurnOut","bronze:OilSpill"],"picked":"Singing Bowl","floor":11},{"not_picked":["bronze:Branch","bronze:DelayedSlice"],"picked":"bronze:ChildClass","floor":12},{"not_picked":["bronze:Terminator","bronze:Turbo"],"picked":"bronze:WhirlingStrike","floor":14},{"not_picked":["bronze:Overheat","bronze:ForLoop"],"picked":"bronze:MaxOutput","floor":15},{"not_picked":["bronze:Format","bronze:AlphaBuild"],"picked":"bronze:SpaghettiCode","floor":16},{"not_picked":["bronze:OilSpill","bronze:Branch"],"picked":"bronze:Iterate","floor":19},{"not_picked":["bronze:Frontload","bronze:Shell+1","bronze:FollowUp+1"],"picked":"Singing Bowl","floor":22},{"not_picked":["bronze:Allocate+1","bronze:Overheat"],"picked":"bronze:Flail","floor":25},{"not_picked":["bronze:Shield+1","bronze:Iterate","bronze:BronzeArmor"],"picked":"Singing Bowl","floor":26},{"not_picked":["bronze:Deprecate+1","bronze:WhirlingStrike"],"picked":"bronze:FineTuning","floor":28},{"not_picked":["bronze:BitShift+1","bronze:Invalidate+1","bronze:WhirlingStrike"],"picked":"Singing Bowl","floor":29},{"not_picked":["bronze:AlphaBuild","bronze:Deprecate"],"picked":"bronze:Boost","floor":30},{"not_picked":["bronze:BugBarrage","bronze:OilSpill+1","bronze:Refactor+1"],"picked":"Singing Bowl","floor":31},{"not_picked":["bronze:ChosenStrike+1","bronze:BugBarrage","bronze:Constructor"],"picked":"Singing Bowl","floor":32}],"player_experience":345843,"relics_obtained":[{"floor":5,"key":"Mummified Hand"},{"floor":7,"key":"War Paint"},{"floor":11,"key":"Singing Bowl"},{"floor":24,"key":"Blue Candle"},{"floor":25,"key":"Pear"},{"floor":31,"key":"Bag of Preparation"}],"event_choices":[{"damage_healed":0,"gold_gain":0,"player_choice":"Relic","damage_taken":0,"max_hp_gain":0,"max_hp_loss":0,"event_name":"Wheel of Change","floor":5,"gold_loss":0},{"damage_healed":0,"gold_gain":0,"player_choice":"Ignored","damage_taken":0,"max_hp_gain":0,"max_hp_loss":0,"event_name":"Vampires","floor":20,"gold_loss":0}],"is_beta":false,"boss_relics":[{"not_picked":["Velvet Choker","Coffee Dripper"],"picked":"bronze:PlatinumCore"}],"items_purged_floors":[22],"is_endless":false,"potions_floor_spawned":[4,10,12,16,26,28,29,31,32],"killed_by":"IC_MUSHROOM_ARCHETYPE","ascension_level":1}}