{"host":"h9c2ptiayi21rmia","time":1611116355,"event":{"mods":["AchievementEnabler","Aspiration","BaseMod","Better Altar","Better Match","Better Note","Better Sensory Stone","Better Skull","Better Third Choice","Better Vampires","Block Reminder","ChefMod","Dio Mod","Evolution","Hermit","Hubris","JesterMod","Jorbs\u0027s Wanderer Trilogy","Kratos Character Expansion","Minty Spire (QoL Compilation)","Permanent Neow","Relic Stats","Replay The Spire","Shade Mod","Small Relic Pack","Spicy Shops","StS++","StSLib","The Dragon Tamer","The Marked","TheSwordswoman"],"gold_per_floor":[210,210,385,40,40,40,40],"floor_reached":6,"language":"ENG","playtime":292,"items_purged":[],"score":34,"play_id":"aa043cd6-944a-4e71-a12a-4e25bf2da314","local_time":"20210119231915","is_ascension_mode":true,"campfire_choices":[],"circlet_count":0,"master_deck":["stsjorbsmod:ForbiddenGrimoire+1","stsjorbsmod:Strike_Wanderer","stsjorbsmod:Strike_Wanderer+1","stsjorbsmod:Strike_Wanderer+1","stsjorbsmod:Strike_Wanderer","stsjorbsmod:Defend_Wanderer","stsjorbsmod:Defend_Wanderer","stsjorbsmod:Defend_Wanderer","stsjorbsmod:Defend_Wanderer","stsjorbsmod:FreshAdventure","stsjorbsmod:EyeOfTheStorm","stsjorbsmod:TrueStrike","Injury","Doubt","Parasite","stsjorbsmod:MagicMirror+1"],"relics":["stsjorbsmod:GrimoireRelic","EVO:Axolotl","Toxic Egg 2","Whetstone","aspiration:HiddenCompartment","Pen Nib","hubris:Towel"],"acts_visited":["Exordium"],"potions_floor_usage":[],"damage_taken":[{"damage":0,"enemies":"2 Louse","floor":1,"turns":2},{"damage":21,"enemies":"Gremlin Nob","floor":6,"turns":4}],"seed_played":"-8863710520082360800","potions_obtained":[],"is_trial":false,"path_per_floor":["M","?","?","$","?","E"],"character_chosen":"WANDERER","items_purchased":["Whetstone","aspiration:HiddenCompartment","stsjorbsmod:MagicMirror+1","Pen Nib"],"campfire_rested":0,"item_purchase_floors":[4,4,4,4],"current_hp_per_floor":[68,68,68,68,68,47,47],"gold":40,"neow_bonus":"HUNDRED_GOLD","is_daily":false,"chose_seed":false,"campfire_upgraded":0,"win_rate":0.0,"timestamp":1611116355,"path_taken":["M","?","?","$","?","E"],"items_purchased_type":["Relic","Relic","Card","Relic"],"build_version":"2020-12-22","purchased_purges":0,"victory":false,"max_hp_per_floor":[68,68,68,68,68,68,68],"relic_stats":{"counters":[2,6],"Pen Nib":[0],"Whetstone":["stsjorbsmod:Strike_Wanderer","stsjorbsmod:Strike_Wanderer"],"obtain_stats":[{"stsjorbsmod:GrimoireRelic":0,"Pen Nib":4,"EVO:Axolotl":0,"Whetstone":4,"Toxic Egg 2":2,"hubris:Towel":5,"aspiration:HiddenCompartment":4},{"stsjorbsmod:GrimoireRelic":0,"Pen Nib":1,"EVO:Axolotl":0,"Whetstone":1,"Toxic Egg 2":1,"hubris:Towel":1,"aspiration:HiddenCompartment":1},{"stsjorbsmod:GrimoireRelic":0,"Pen Nib":2,"EVO:Axolotl":0,"Whetstone":2,"Toxic Egg 2":2,"hubris:Towel":2,"aspiration:HiddenCompartment":2}]},"card_choices":[{"not_picked":["stsjorbsmod:Materialize","stsjorbsmod:WeightOfMemory"],"picked":"stsjorbsmod:TrueStrike","floor":1}],"player_experience":233596,"relics_obtained":[],"event_choices":[{"damage_healed":0,"gold_gain":175,"player_choice":"AGREE","damage_taken":210,"max_hp_gain":0,"max_hp_loss":0,"event_name":"betterThird:BetterSerpent","floor":3,"gold_loss":0}],"is_beta":false,"boss_relics":[],"items_purged_floors":[],"is_endless":false,"potions_floor_spawned":[],"killed_by":"Gremlin Nob","ascension_level":1}}