{"host":"bcxgpd1eu8czocm9","time":1611156907,"event":{"mods":["BaseMod","Minty Spire (QoL Compilation)","Quick Restart","Replay The Spire","Spicy Shops","StSLib","¡¾ÒÅÎï¿¨ÅÆ¡¿REMEMod"],"gold_per_floor":[113,124,74,74,84,84,9,39,65,65,65,65,96,110,128,139,139,235,235,255,255,5,24,38,38,38],"floor_reached":25,"language":"ZHS","playtime":945,"items_purged":["Defend_P"],"score":288,"play_id":"85074eed-2f92-45a7-835b-09bfabbdec41","local_time":"20210120233507","is_ascension_mode":false,"campfire_choices":[{"data":"Eruption","floor":6,"key":"SMITH"},{"data":"REME_Repentance","floor":17,"key":"SMITH"}],"circlet_count":0,"master_deck":["Strike_P+1","Strike_P","Defend_P+1","Defend_P","Defend_P+1","Eruption+1","Vigilance","The Bomb","Evaluate","Replay:ManipulateFuture","FollowUp","SignatureMove","Iron Wave","REME_Repentance+1","Brilliance","LessonLearned+1","InnerPeace+1","Replay:Battleflow"],"relics":["PureWater","REME_ComplimentaryCards","REME_PuzzleBoxRelic","Regal Pillow","Nunchaku","Calipers","Prayer Wheel","Philosopher\u0027s Stone","Replay:WaspNest"],"acts_visited":["Exordium","TheCity"],"potions_floor_usage":[15,24,25],"damage_taken":[{"damage":0,"enemies":"Cultist","floor":1,"turns":3},{"damage":9,"enemies":"Small Slimes","floor":2,"turns":3},{"damage":0,"enemies":"Jaw Worm","floor":5,"turns":3},{"damage":13,"enemies":"3 Sentries","floor":8,"turns":4},{"damage":0,"enemies":"Lagavulin","floor":13,"turns":4},{"damage":14,"enemies":"Exordium Thugs","floor":14,"turns":3},{"damage":3,"enemies":"Exordium Wildlife","floor":15,"turns":3},{"damage":0,"enemies":"Blue Slaver","floor":16,"turns":1},{"damage":0,"enemies":"Slime Boss","floor":18,"turns":3},{"damage":4,"enemies":"Shell Parasite","floor":20,"turns":5},{"damage":17,"enemies":"2 Thieves","floor":23,"turns":3},{"damage":24,"enemies":"Chosen and Byrds","floor":24,"turns":3},{"damage":35,"enemies":"Slavers","floor":25,"turns":2}],"seed_played":"3146141499945325170","potions_obtained":[{"floor":8,"key":"DuplicationPotion"},{"floor":13,"key":"Elixir"},{"floor":18,"key":"Swift Potion"},{"floor":20,"key":"Strength Potion"}],"is_trial":false,"path_per_floor":["M","M","?","?","M","R","$","E","T","PTL","PTL","?","E","M","M","M","R","B",null,"M","?","$","M","M","E"],"character_chosen":"WATCHER","items_purchased":["Replay:WaspNest"],"campfire_rested":0,"item_purchase_floors":[22],"current_hp_per_floor":[72,63,63,68,68,68,68,55,55,55,55,55,55,41,38,38,38,38,77,73,73,73,56,32,0,0],"gold":38,"neow_bonus":"RANDOM_COMMON_RELIC","is_daily":false,"chose_seed":false,"campfire_upgraded":2,"win_rate":0.0,"timestamp":1611156907,"path_taken":["M","M","?","?","M","R","$","E","T","PTL","PTL","?","E","M","?","M","R","BOSS","M","?","$","M","M","E"],"items_purchased_type":["Relic"],"build_version":"2020-12-22","purchased_purges":1,"victory":false,"max_hp_per_floor":[72,72,72,77,77,77,77,77,77,77,77,77,77,77,77,77,77,77,77,77,77,77,77,77,77,77],"card_choices":[{"not_picked":["CutThroughFate","Halt"],"picked":"Evaluate","floor":1},{"not_picked":["Prostrate","BowlingBash"],"picked":"Replay:ManipulateFuture","floor":2},{"not_picked":["Replay:AtTheReady","Protect"],"picked":"FollowUp","floor":5},{"not_picked":["Replay:AtTheReady","Replay:BluntJabs"],"picked":"SignatureMove","floor":8},{"not_picked":["REME_MusicOfDeath","FlyingSleeves"],"picked":"REME_Repentance","floor":13},{"not_picked":["CrushJoints","Pray","JustLucky"],"picked":"SKIP","floor":14},{"not_picked":["Consecrate","CutThroughFate"],"picked":"Brilliance","floor":15},{"not_picked":["SandsOfTime","FollowUp","EmptyFist"],"picked":"SKIP","floor":16},{"not_picked":["Scrawl","Wish"],"picked":"LessonLearned","floor":18},{"not_picked":["Tantrum","Crescendo"],"picked":"InnerPeace+1","floor":20},{"not_picked":["Replay:BluntJabs","WaveOfTheHand","REME_MusicOfDeath+1"],"picked":"SKIP","floor":20},{"not_picked":["PathToVictory","Replay:Cycle+1"],"picked":"Replay:Battleflow","floor":23},{"not_picked":["LikeWater","SignatureMove","Indignation"],"picked":"SKIP","floor":23},{"not_picked":["SashWhip","FollowUp","Sanctity"],"picked":"SKIP","floor":24},{"not_picked":["SashWhip+1","Replay:Hum","EmptyBody"],"picked":"SKIP","floor":24}],"player_experience":387783,"relics_obtained":[{"floor":8,"key":"Regal Pillow"},{"floor":9,"key":"Nunchaku"},{"floor":13,"key":"Calipers"}],"event_choices":[{"cards_removed":["Strike_P"],"damage_healed":0,"gold_gain":0,"player_choice":"Card Removal","damage_taken":0,"max_hp_gain":0,"max_hp_loss":0,"event_name":"The Cleric","floor":3,"gold_loss":50},{"damage_healed":0,"gold_gain":0,"player_choice":"Donut","damage_taken":0,"max_hp_gain":5,"max_hp_loss":0,"event_name":"Big Fish","floor":4,"gold_loss":0},{"cards_removed":["Strike_P"],"damage_healed":0,"gold_gain":0,"player_choice":"Took Card","damage_taken":0,"max_hp_gain":0,"max_hp_loss":0,"event_name":"NoteForYourself","floor":12,"gold_loss":0,"cards_obtained":["Iron Wave"]},{"damage_healed":0,"gold_gain":0,"player_choice":"Ignored","damage_taken":0,"max_hp_gain":0,"max_hp_loss":0,"event_name":"Vampires","floor":21,"gold_loss":0}],"is_beta":false,"boss_relics":[{"not_picked":["Ring of Chaos","SacredBark"],"picked":"Philosopher\u0027s Stone"}],"items_purged_floors":[7],"is_endless":false,"potions_floor_spawned":[8,13,18,20,23],"killed_by":"Slavers","ascension_level":0}}