{"host":"te4ihy0orbpglf07","time":1611152244,"event":{"mods":["Act Like it!","Arknights The Spire","BaseMod","BetterRewards","Downfall","Ekko","Friendly Minions","Gensokyo","Hubris","Infinite Spire","Minty Spire (QoL Compilation)","RumiaBox-????????","Small Relic Pack","StSLib","SuperFastMode","Td1madao Mod","Waifu the Spire","??????REMEMod"],"gold_per_floor":[110,110,122,122,122,151,168,168,168,168,186,186,196,242,242,338,338,356,356,370,370,384,409,409,437,437,437,447,465,480,480,480,575,575,592,592,608,624,635,660,660,660],"floor_reached":41,"language":"ENG","playtime":2006,"items_purged":[],"score":642,"play_id":"23cf5ee5-6388-49e0-b2d9-71239eed6ef3","local_time":"20210120171724","is_ascension_mode":false,"campfire_choices":[{"data":"ekkoTheBoyWhoShatteredTime:LevelUp","floor":8,"key":"SMITH"},{"data":"ekkoTheBoyWhoShatteredTime:TimeMaster","floor":10,"key":"SMITH"},{"floor":12,"key":"REST"},{"floor":15,"key":"REST"},{"data":"ekkoTheBoyWhoShatteredTime:QuickBreak","floor":24,"key":"SMITH"},{"floor":27,"key":"REST"},{"floor":32,"key":"REST"}],"circlet_count":0,"master_deck":["ekkoTheBoyWhoShatteredTime:Strike","ekkoTheBoyWhoShatteredTime:Strike","ekkoTheBoyWhoShatteredTime:Strike","ekkoTheBoyWhoShatteredTime:Strike","ekkoTheBoyWhoShatteredTime:Strike","ekkoTheBoyWhoShatteredTime:Defend","ekkoTheBoyWhoShatteredTime:Defend","ekkoTheBoyWhoShatteredTime:Defend","ekkoTheBoyWhoShatteredTime:Defend","ekkoTheBoyWhoShatteredTime:TimeMaster+1","ekkoTheBoyWhoShatteredTime:Powered","ekkoTheBoyWhoShatteredTime:BansheesVeil","ekkoTheBoyWhoShatteredTime:Vibin","hubris:Insight","ekkoTheBoyWhoShatteredTime:SpHit","ekkoTheBoyWhoShatteredTime:LevelUp+1","ekkoTheBoyWhoShatteredTime:SpHit","ekkoTheBoyWhoShatteredTime:IceBreak","ekkoTheBoyWhoShatteredTime:NeedlesslyLargeRod","ekkoTheBoyWhoShatteredTime:NeedlesslyLargeRod","ekkoTheBoyWhoShatteredTime:WaitForKeyTiming","ekkoTheBoyWhoShatteredTime:SandstormSympathy+1","ekkoTheBoyWhoShatteredTime:QuickBreak+1","ekkoTheBoyWhoShatteredTime:BansheesVeil","ekkoTheBoyWhoShatteredTime:QuickBreak+1","ekkoTheBoyWhoShatteredTime:QuickBreak+1","ekkoTheBoyWhoShatteredTime:CatchUpTime","ekkoTheBoyWhoShatteredTime:GuinsoosRageblade","ekkoTheBoyWhoShatteredTime:HailOfBlades","ekkoTheBoyWhoShatteredTime:PlayTheBeat+1","ekkoTheBoyWhoShatteredTime:IcebornGauntlet+1","Parasite","ekkoTheBoyWhoShatteredTime:HextechProtobelt","ekkoTheBoyWhoShatteredTime:AcademyAttraction"],"relics":["ekkoTheBoyWhoShatteredTime:zDriveResonance","REME_ComplimentaryCards","Ornamental Fan","GremlinMask","Bag of Marbles","Pantograph","Sozu","ChaoDraw","Mummified Hand","ekkoTheBoyWhoShatteredTime:TwistedClockwork"],"acts_visited":["Exordium","TheCity","TheBeyond"],"potions_floor_usage":[6,14,16,22,25],"damage_taken":[{"damage":1,"enemies":"Jaw Worm","floor":1,"turns":4},{"damage":2,"enemies":"Cultist","floor":3,"turns":3},{"damage":45,"enemies":"3 Sentries","floor":6,"turns":8},{"damage":0,"enemies":"Small Slimes","floor":7,"turns":3},{"damage":14,"enemies":"Blue Slaver","floor":11,"turns":3},{"damage":7,"enemies":"2 Fungi Beasts","floor":13,"turns":3},{"damage":7,"enemies":"Looter","floor":14,"turns":3},{"damage":51,"enemies":"Hexaghost","floor":16,"turns":9},{"damage":18,"enemies":"Shell Parasite","floor":18,"turns":4},{"damage":0,"enemies":"Spheric Guardian","floor":20,"turns":3},{"damage":10,"enemies":"Cultist and Chosen","floor":22,"turns":4},{"damage":41,"enemies":"Book of Stabbing","floor":23,"turns":5},{"damage":16,"enemies":"REME_1_Revenger","floor":25,"turns":4},{"damage":13,"enemies":"Sentry and Sphere","floor":28,"turns":4},{"damage":2,"enemies":"Snecko","floor":29,"turns":4},{"damage":6,"enemies":"Chosen and Byrds","floor":30,"turns":5},{"damage":16,"enemies":"Automaton","floor":33,"turns":5},{"damage":23,"enemies":"3 Darklings","floor":35,"turns":5},{"damage":30,"enemies":"3 Shapes","floor":37,"turns":5},{"damage":0,"enemies":"Jaw Worm Horde","floor":38,"turns":4},{"damage":7,"enemies":"Writhing Mass","floor":39,"turns":4},{"damage":9,"enemies":"Giant Head","floor":40,"turns":6},{"damage":34,"enemies":"Transient","floor":41,"turns":2}],"seed_played":"-392663876943387663","potions_obtained":[{"floor":2,"key":"LiquidBronze"},{"floor":2,"key":"BlessingOfTheForge"},{"floor":2,"key":"SteroidPotion"},{"floor":6,"key":"ekkoTheBoyWhoShatteredTime:ResonatingPotion"},{"floor":11,"key":"REME_GoldPotion"},{"floor":13,"key":"ekkoTheBoyWhoShatteredTime:ResonatingPotion"},{"floor":16,"key":"Block Potion"}],"is_trial":false,"path_per_floor":["M","?","M","T","?","E","M","R","T","R","M","R","M","M","R","B",null,"M","?","M","?","M","E","R","E","T","R","M","M","M","?","R","B",null,"M","?","M","M","M","E","M"],"character_chosen":"EKKO_THE_BOY_WHO_SHATTERED_TIME","items_purchased":["ekkoTheBoyWhoShatteredTime:BansheesVeil","ekkoTheBoyWhoShatteredTime:Vibin"],"campfire_rested":4,"item_purchase_floors":[0,0],"current_hp_per_floor":[77,77,75,75,75,30,30,30,30,30,16,39,32,25,48,22,78,60,88,88,88,78,37,37,21,21,47,34,32,26,9,36,45,93,70,70,40,40,33,24,0,0],"gold":660,"neow_bonus":"","is_daily":false,"chose_seed":false,"campfire_upgraded":3,"win_rate":0.0,"timestamp":1611152244,"path_taken":["M","?","?","?","?","E","?","R","T","R","M","R","M","M","R","BOSS","M","?","?","?","M","E","R","E","T","R","M","M","M","?","R","BOSS","M","?","M","M","M","E","?"],"items_purchased_type":["Card","Card"],"build_version":"2020-12-22","purchased_purges":0,"victory":false,"max_hp_per_floor":[78,78,78,78,78,78,78,78,78,78,78,78,78,78,78,78,78,78,88,88,88,88,88,88,88,88,88,88,88,88,93,93,93,93,93,93,93,93,93,93,93,93],"card_choices":[{"not_picked":["ekkoTheBoyWhoShatteredTime:Leap","ekkoTheBoyWhoShatteredTime:HextechProtobelt"],"picked":"ekkoTheBoyWhoShatteredTime:SpHit","floor":1},{"not_picked":["ekkoTheBoyWhoShatteredTime:DelayedWork","ekkoTheBoyWhoShatteredTime:KeepingMomentum"],"picked":"ekkoTheBoyWhoShatteredTime:LevelUp","floor":3},{"not_picked":["ekkoTheBoyWhoShatteredTime:Dash","ekkoTheBoyWhoShatteredTime:SneakHit"],"picked":"ekkoTheBoyWhoShatteredTime:SpHit","floor":6},{"not_picked":["ekkoTheBoyWhoShatteredTime:Overflow","ekkoTheBoyWhoShatteredTime:SpHit"],"picked":"ekkoTheBoyWhoShatteredTime:IceBreak","floor":7},{"not_picked":["ekkoTheBoyWhoShatteredTime:SneakHit","ekkoTheBoyWhoShatteredTime:ItemsAfterimage"],"picked":"ekkoTheBoyWhoShatteredTime:NeedlesslyLargeRod","floor":11},{"not_picked":["ekkoTheBoyWhoShatteredTime:SpHit","ekkoTheBoyWhoShatteredTime:HauntedAfterimage"],"picked":"ekkoTheBoyWhoShatteredTime:NeedlesslyLargeRod","floor":13},{"not_picked":["ekkoTheBoyWhoShatteredTime:HextechProtobelt","ekkoTheBoyWhoShatteredTime:NaggingBlow"],"picked":"ekkoTheBoyWhoShatteredTime:WaitForKeyTiming","floor":14},{"not_picked":["ekkoTheBoyWhoShatteredTime:OverloadingWeapon","ekkoTheBoyWhoShatteredTime:CatchUpTime"],"picked":"ekkoTheBoyWhoShatteredTime:SandstormSympathy","floor":16},{"not_picked":["ekkoTheBoyWhoShatteredTime:Dash","ekkoTheBoyWhoShatteredTime:BansheesVeil"],"picked":"ekkoTheBoyWhoShatteredTime:QuickBreak+1","floor":18},{"not_picked":["ekkoTheBoyWhoShatteredTime:AfterimageHit+1","ekkoTheBoyWhoShatteredTime:QuickBreak"],"picked":"ekkoTheBoyWhoShatteredTime:BansheesVeil","floor":20},{"not_picked":["ekkoTheBoyWhoShatteredTime:DelayedWork","ekkoTheBoyWhoShatteredTime:WaitForKeyTiming"],"picked":"ekkoTheBoyWhoShatteredTime:QuickBreak+1","floor":22},{"not_picked":["ekkoTheBoyWhoShatteredTime:KneeNSwordCombo","ekkoTheBoyWhoShatteredTime:HauntingGuise"],"picked":"ekkoTheBoyWhoShatteredTime:QuickBreak","floor":23},{"not_picked":["ekkoTheBoyWhoShatteredTime:KeepingMomentum","ekkoTheBoyWhoShatteredTime:SneakHit","ekkoTheBoyWhoShatteredTime:Backtrack+1"],"picked":"SKIP","floor":25},{"not_picked":["ekkoTheBoyWhoShatteredTime:AfterimageHit","ekkoTheBoyWhoShatteredTime:Greed"],"picked":"ekkoTheBoyWhoShatteredTime:CatchUpTime","floor":28},{"not_picked":["ekkoTheBoyWhoShatteredTime:Leap+1","ekkoTheBoyWhoShatteredTime:AfterimageBait","ekkoTheBoyWhoShatteredTime:Dash+1"],"picked":"SKIP","floor":29},{"not_picked":["ekkoTheBoyWhoShatteredTime:SpHit","ekkoTheBoyWhoShatteredTime:LevelUp","ekkoTheBoyWhoShatteredTime:SandstormSympathy"],"picked":"SKIP","floor":30},{"not_picked":["ekkoTheBoyWhoShatteredTime:Chronobreak","ekkoTheBoyWhoShatteredTime:PulsefirePooling"],"picked":"ekkoTheBoyWhoShatteredTime:GuinsoosRageblade","floor":33},{"not_picked":["ekkoTheBoyWhoShatteredTime:TimeRecall","ekkoTheBoyWhoShatteredTime:HauntingGuise"],"picked":"ekkoTheBoyWhoShatteredTime:HailOfBlades","floor":35},{"not_picked":["ekkoTheBoyWhoShatteredTime:LichBane","ekkoTheBoyWhoShatteredTime:Overflow+1"],"picked":"ekkoTheBoyWhoShatteredTime:PlayTheBeat+1","floor":37},{"not_picked":["ekkoTheBoyWhoShatteredTime:NaggingBlow+1","ekkoTheBoyWhoShatteredTime:TimeRecall+1"],"picked":"ekkoTheBoyWhoShatteredTime:IcebornGauntlet+1","floor":38},{"not_picked":["ekkoTheBoyWhoShatteredTime:Dash","ekkoTheBoyWhoShatteredTime:Timewinder+1"],"picked":"ekkoTheBoyWhoShatteredTime:HextechProtobelt","floor":39},{"not_picked":["ekkoTheBoyWhoShatteredTime:NeedlesslyLargeRod+1","ekkoTheBoyWhoShatteredTime:KneeNSwordCombo"],"picked":"ekkoTheBoyWhoShatteredTime:AcademyAttraction","floor":40}],"player_experience":64199,"relics_obtained":[{"floor":4,"key":"Ornamental Fan"},{"floor":6,"key":"Bag of Marbles"},{"floor":9,"key":"Pantograph"},{"floor":23,"key":"ChaoDraw"},{"floor":25,"key":"Mummified Hand"},{"floor":40,"key":"ekkoTheBoyWhoShatteredTime:TwistedClockwork"}],"event_choices":[{"damage_healed":0,"gold_gain":0,"player_choice":"Got Potions","damage_taken":0,"max_hp_gain":0,"max_hp_loss":0,"event_name":"Lab","floor":2,"gold_loss":0},{"damage_healed":0,"gold_gain":0,"player_choice":"Trade","damage_taken":0,"relics_obtained":["GremlinMask"],"max_hp_gain":0,"max_hp_loss":0,"event_name":"FaceTrader","floor":5,"gold_loss":0},{"cards_removed":["Core Surge"],"damage_healed":18,"gold_gain":0,"player_choice":"Offered Rare","damage_taken":0,"max_hp_gain":10,"max_hp_loss":0,"event_name":"Bonfire Elementals","floor":19,"gold_loss":0},{"damage_healed":0,"gold_gain":0,"player_choice":"Shed Blood","damage_taken":22,"max_hp_gain":5,"max_hp_loss":0,"event_name":"Forgotten Altar","floor":31,"gold_loss":0},{"damage_healed":0,"gold_gain":0,"player_choice":"Ignored","damage_taken":0,"max_hp_gain":0,"max_hp_loss":0,"event_name":"NoteForYourself","floor":36,"gold_loss":0}],"is_beta":false,"boss_relics":[{"not_picked":["Tiny House","hubris:RunicObelisk"],"picked":"Sozu"},{"not_picked":["relicPack:ShieldShield","Velvet Choker","hubris:GrandSneckoEye"]}],"items_purged_floors":[],"is_endless":false,"potions_floor_spawned":[6,11,13,16,20,23,30,33,35],"killed_by":"Transient","ascension_level":0}}