{"host":"npubv26u89aif4fa","time":1611126872,"event":{"mods":["Astrologer","BaseMod","Better Vampires","Better-Laid Plans","Colored Powertips","GifTheSpireLib","GungeonMod","HornydragonMod","Hubris","Jedi Mod","Minty Spire (QoL Compilation)","Quick Restart","Remilia（蕾米莉亚）","Replay The Spire","StSLib","Td1madao Mod","The Administrix","The Alterego","The Bug Knight","The Cursed","The Runesmith","Yuri Mod","残留之物"],"gold_per_floor":[113,113,123,134,153,153,180,190,190,217,64,164,191,202,202,300,300,320,331,78,98,114,145,157,157,180,194,209,219,231,264,264,366,366,379,393,116,152,152,152],"floor_reached":39,"language":"ZHS","playtime":9469,"items_purged":["Decay","Strike_RM","Defend_RM"],"score":500,"play_id":"e9ecedc8-c4df-43a0-a236-26290327ab8c","local_time":"20210120151432","is_ascension_mode":true,"campfire_choices":[{"floor":6.0,"key":"RECALL"},{"data":"TwelveNightmare","floor":15.0,"key":"SMITH"},{"data":"KillingBlow","floor":25.0,"key":"SMITH"},{"floor":32.0,"key":"REST"}],"circlet_count":0,"master_deck":["Strike_RM+1","Strike_RM+1","Strike_RM+1","Defend_RM","Defend_RM","Defend_RM","RedMoon","ScarletShoot","Stigmanizer","SuperhumanBloodyKnife","CeilingFear","MiserableFate","EmergencyRegeneration","TwelveNightmare+1","StarOfDavid","SuperhumanBloodyKnife","DiffusionOfMisfortune","VampireSweep","KillingBlow+1","VampireFantasy","ForecastOfChange","MillenniumVampire","BadLadyScramble","BadLadyScramble","Septette","BloodHunter","BloodyHallows","Ultimatum+1"],"relics":["ScarletHat","NeowsBlessing","jedi:arcanewood","ReplayTheSpireMod:Ninjato","Omamori","Blue Candle","SlaversCollar","ReplayTheSpireMod:TigerMarble","Shuriken","Pen Nib","Replay:Bottled Eggs","Anchor","DemoMod:GlassGuonStoneRelic","Replay:Grab Bag","Busted Crown","Coffee Dripper","SacredBark","Strange Spoon"],"acts_visited":["Exordium","TheCity","TheBeyond"],"potions_floor_usage":[],"damage_taken":[{"damage":0.0,"enemies":"2 Louse","floor":1.0,"turns":1.0},{"damage":0.0,"enemies":"Cultist","floor":3.0,"turns":1.0},{"damage":0.0,"enemies":"Jaw Worm","floor":4.0,"turns":1.0},{"damage":8.0,"enemies":"Gremlin Gang","floor":5.0,"turns":6.0},{"damage":13.0,"enemies":"Lagavulin","floor":7.0,"turns":6.0},{"damage":20.0,"enemies":"Exordium Wildlife","floor":8.0,"turns":5.0},{"damage":6.0,"enemies":"Gremlin Nob","floor":10.0,"turns":4.0},{"damage":17.0,"enemies":"Lagavulin","floor":13.0,"turns":8.0},{"damage":0.0,"enemies":"Red Slaver","floor":14.0,"turns":2.0},{"damage":22.0,"enemies":"Fading Forest","floor":16.0,"turns":11.0},{"damage":1.0,"enemies":"3 Byrds","floor":18.0,"turns":6.0},{"damage":0.0,"enemies":"Spheric Guardian","floor":19.0,"turns":3.0},{"damage":20.0,"enemies":"Shelled Parasite and Fungi","floor":21.0,"turns":2.0},{"damage":25.0,"enemies":"Centurion and Healer","floor":22.0,"turns":6.0},{"damage":45.0,"enemies":"Gremlin Leader","floor":23.0,"turns":4.0},{"damage":27.0,"enemies":"Cultist and Chosen","floor":24.0,"turns":5.0},{"damage":0.0,"enemies":"Snake Plant","floor":27.0,"turns":3.0},{"damage":65.0,"enemies":"3 Cultists","floor":28.0,"turns":6.0},{"damage":17.0,"enemies":"Cultist and Chosen","floor":29.0,"turns":4.0},{"damage":0.0,"enemies":"Centurion and Healer","floor":30.0,"turns":2.0},{"damage":3.0,"enemies":"Slavers","floor":31.0,"turns":3.0},{"damage":41.0,"enemies":"hubris:MusketHawk","floor":33.0,"turns":9.0},{"damage":0.0,"enemies":"3 Shapes","floor":35.0,"turns":2.0},{"damage":8.0,"enemies":"3 Darklings","floor":36.0,"turns":3.0},{"damage":88,"enemies":"Maw","floor":38,"turns":5},{"damage":19,"enemies":"4 Shapes","floor":39,"turns":3}],"seed_played":"6580291235119257199","potions_obtained":[{"floor":1.0,"key":"Cursed Concoction"},{"floor":4.0,"key":"Weak Potion"},{"floor":5.0,"key":"BlessingOfTheForge"},{"floor":13.0,"key":"Milkshake"},{"floor":16.0,"key":"ColorlessPotion"},{"floor":18.0,"key":"Doom Potion"},{"floor":29.0,"key":"jedi:StrikingPotion"},{"floor":33.0,"key":"Block Potion"},{"floor":38,"key":"Dexterity Potion"}],"is_trial":false,"path_per_floor":["M","?","M","M","M","R","E","M","T","E","$","?","E","M","R","B",null,"M","M","$","M","M","E","M","R","T","M","M","M","M","E","R","B",null,"M","M","$","M","M"],"character_chosen":"REMILIA","items_purchased":["SuperhumanBloodyKnife","ReplayTheSpireMod:TigerMarble","Strange Spoon"],"campfire_rested":1,"item_purchase_floors":[11,20,37],"current_hp_per_floor":[75,75,75,75,67,67,58,57,57,56,56,56,45,47,47,51,75,74,74,74,54,30,39,15,15,15,24,18,10,12,16,38,10,75,75,67,67,17,0,0],"gold":152,"neow_bonus":"THREE_ENEMY_KILL","is_daily":false,"chose_seed":false,"campfire_upgraded":2,"win_rate":0.0,"timestamp":1611126872,"path_taken":["M","?","M","?","M","R","E","?","T","E","$","?","E","M","R","BOSS","M","M","$","M","M","E","M","?","T","M","M","?","M","E","R","BOSS","M","?","$","M","M"],"items_purchased_type":["Card","Relic","Relic"],"build_version":"2020-12-22","purchased_purges":3,"victory":false,"max_hp_per_floor":[75,75,75,75,75,75,75,75,75,75,75,75,75,75,75,75,75,75,75,75,75,75,75,75,75,75,75,75,75,75,75,75,75,75,75,75,75,75,75,75],"card_choices":[{"not_picked":["BombardNight","DiffusionOfMisfortune"],"picked":"Stigmanizer","floor":1.0},{"not_picked":["ScarletDevil","HunterOfTheNight"],"picked":"SuperhumanBloodyKnife","floor":3.0},{"not_picked":["FavorOfDestiny","BombardNight"],"picked":"CeilingFear","floor":4.0},{"not_picked":["RedRainbow","UltimateOffering"],"picked":"MiserableFate","floor":5.0},{"not_picked":["TransientEternity","NightDance"],"picked":"EmergencyRegeneration","floor":7.0},{"not_picked":["DiffusionOfMisfortune","ScarletDevil"],"picked":"TwelveNightmare","floor":8.0},{"not_picked":["UnderTheZenith","RedNightlessCastle"],"picked":"StarOfDavid","floor":10.0},{"not_picked":["BadLadyScramble","EndlessAdversity"],"picked":"DiffusionOfMisfortune","floor":13.0},{"not_picked":["UnstableMagic","DiffusionOfMisfortune"],"picked":"VampireSweep","floor":14.0},{"not_picked":["EquivalentExchange","ChaoticDestiny"],"picked":"KillingBlow","floor":16.0},{"not_picked":["EndlessAdversity","ForbiddenFruit","ScarletDevil+1"],"picked":"SKIP","floor":18.0},{"not_picked":["VampirishNight","UnstableMagic","BloodHunter"],"picked":"SKIP","floor":19.0},{"not_picked":["CurseOfVladTepes","EndlessAdversity","ChainGang+1"],"picked":"SKIP","floor":21.0},{"not_picked":["BombardNight","UnstableMagic+1"],"picked":"VampireFantasy","floor":22.0},{"not_picked":["UnstableMagic","ScarletImprint+1"],"picked":"ForecastOfChange","floor":23.0},{"not_picked":["BombardNight","DiffusionOfMisfortune"],"picked":"MillenniumVampire","floor":24.0},{"not_picked":["RedRainbow+1","BloodHunter+1"],"picked":"BadLadyScramble","floor":27.0},{"not_picked":["FavorOfDestiny","StarOfDavid"],"picked":"BadLadyScramble","floor":28.0},{"not_picked":["VampireSweep","Ultimatum"],"picked":"Septette","floor":29.0},{"not_picked":["ScarletGensokyo","CeilingFear"],"picked":"BloodHunter","floor":30.0},{"not_picked":["ScarletDevil","Stigmanizer","VampirishNight"],"picked":"SKIP","floor":31.0},{"not_picked":["EquivalentExchange","ForecastOfChange"],"picked":"BloodyHallows","floor":33.0},{"not_picked":["ScarletDevil"],"picked":"SKIP","floor":35.0},{"not_picked":["EndlessAdversity+1"],"picked":"SKIP","floor":36.0},{"not_picked":[],"picked":"Ultimatum+1","floor":38}],"player_experience":312365,"relics_obtained":[{"floor":7.0,"key":"jedi:arcanewood"},{"floor":9.0,"key":"ReplayTheSpireMod:Ninjato"},{"floor":10.0,"key":"Omamori"},{"floor":13.0,"key":"Blue Candle"},{"floor":23.0,"key":"Shuriken"},{"floor":26.0,"key":"Pen Nib"},{"floor":28.0,"key":"Replay:Bottled Eggs"},{"floor":31.0,"key":"Anchor"}],"event_choices":[{"damage_healed":0.0,"max_hp_gain":0.0,"max_hp_loss":0.0,"gold_gain":0.0,"event_name":"Wheel of Change","player_choice":"Cursed","floor":2.0,"gold_loss":0.0,"damage_taken":0.0,"cards_obtained":["Decay"]},{"damage_healed":0.0,"max_hp_gain":0.0,"max_hp_loss":0.0,"gold_gain":100.0,"event_name":"Golden Shrine","player_choice":"Pray","floor":12.0,"gold_loss":0.0,"damage_taken":0.0}],"is_beta":false,"boss_relics":[{"not_picked":["jedi:hotpepper","ChewingGum"],"picked":"SlaversCollar"},{"not_picked":["jedi:paperlyon","Replay:Wanted Poster"],"picked":"Replay:Grab Bag"},{"not_picked":["Velvet Choker","Cursed Key"],"picked":"Busted Crown"},{"not_picked":["Fusion Hammer","Philosopher\u0027s Stone"],"picked":"Coffee Dripper"},{"not_picked":["hubris:Stopwatch","Kintsugi"],"picked":"SacredBark"}],"items_purged_floors":[11,20,37],"is_endless":false,"potions_floor_spawned":[1,4,5,13,16,18,19,22,23,29,33,38],"killed_by":"4 Shapes","ascension_level":1}}