{"host":"k85tjwrh7mjrrc9a","time":1611115894,"event":{"mods":["AchievementEnabler","BaseMod","Colored Powertips","Highlight Path","Minty Spire (QoL Compilation)","Rare Cards Sparkle","StSLib"],"gold_per_floor":[219,219,219,219,24,24,54,74,74,74,74,39,39,71,71,174,174,190,290,309,234,234,234],"floor_reached":22,"language":"ENG","playtime":763,"items_purged":["Strike_R"],"score":316,"play_id":"e23e7cdb-d947-4e38-814f-490ba91fa021","local_time":"20210119231134","is_ascension_mode":true,"campfire_choices":[{"data":"Armaments","floor":6.0,"key":"SMITH"},{"floor":10.0,"key":"REST"},{"data":"Limit Break","floor":15.0,"key":"SMITH"}],"circlet_count":0,"master_deck":["AscendersBane","Strike_R","Strike_R","Strike_R","Strike_R","Defend_R","Defend_R","Defend_R","Defend_R","Bash+1","Iron Wave","Armaments+1","Pommel Strike","Shrug It Off","Limit Break+1","Feed"],"relics":["Burning Blood","Boot","Happy Flower","Bird Faced Urn","Shuriken","Pear","Kunai","Runic Pyramid"],"acts_visited":["Exordium","TheCity"],"potions_floor_usage":[22],"damage_taken":[{"damage":9.0,"enemies":"2 Louse","floor":1.0,"turns":4.0},{"damage":48.0,"enemies":"Gremlin Nob","floor":7.0,"turns":5.0},{"damage":6.0,"enemies":"Cultist","floor":8.0,"turns":4.0},{"damage":24.0,"enemies":"Lagavulin","floor":14.0,"turns":8.0},{"damage":33,"enemies":"Hexaghost","floor":16,"turns":8},{"damage":23,"enemies":"Spheric Guardian","floor":18,"turns":6},{"damage":40,"enemies":"2 Thieves","floor":20,"turns":5},{"damage":42,"enemies":"Centurion and Healer","floor":22,"turns":7}],"seed_played":"5047728512427883172","potions_obtained":[{"floor":7.0,"key":"SneckoOil"}],"is_trial":false,"path_per_floor":["M","?","?","?","$","R","E","M","T","R","$","?","T","E","R","B",null,"M","?","M","$","M"],"character_chosen":"IRONCLAD","items_purchased":["Happy Flower","Armaments"],"campfire_rested":1,"item_purchase_floors":[5,5],"current_hp_per_floor":[69,57,57,57,57,57,15,15,15,39,39,59,69,51,51,24,74,61,61,31,31,0,0],"gold":234,"neow_bonus":"HUNDRED_GOLD","is_daily":false,"chose_seed":false,"campfire_upgraded":2,"win_rate":0.0,"timestamp":1611115894,"path_taken":["M","?","?","?","$","R","E","?","T","R","?","?","?","E","R","BOSS","M","?","M","?","M"],"items_purchased_type":["Relic","Card"],"build_version":"2020-12-22","purchased_purges":1,"victory":false,"max_hp_per_floor":[80,80,80,80,80,80,80,80,80,80,80,80,90,90,90,90,90,94,94,98,98,102,102],"card_choices":[{"not_picked":["Flex","Havoc"],"picked":"Iron Wave","floor":1.0},{"not_picked":["Thunderclap","Shrug It Off"],"picked":"Pommel Strike","floor":7.0},{"not_picked":["Shockwave","Rage"],"picked":"Shrug It Off","floor":8.0},{"not_picked":["Shrug It Off","Cleave"],"picked":"Limit Break","floor":14.0},{"not_picked":["Demon Form","Barricade"],"picked":"Feed","floor":16},{"not_picked":["Thunderclap","Sword Boomerang+1","Flex"],"picked":"SKIP","floor":18},{"not_picked":["Second Wind","Anger","Flame Barrier"],"picked":"SKIP","floor":20}],"player_experience":199966,"relics_obtained":[{"floor":7.0,"key":"Bird Faced Urn"},{"floor":9.0,"key":"Shuriken"},{"floor":13.0,"key":"Pear"},{"floor":14.0,"key":"Kunai"}],"event_choices":[{"damage_healed":0.0,"max_hp_gain":0.0,"max_hp_loss":0.0,"gold_gain":0.0,"event_name":"Scrap Ooze","player_choice":"Success","floor":2.0,"gold_loss":0.0,"damage_taken":12.0,"relics_obtained":["Boot"]},{"damage_healed":0.0,"max_hp_gain":0.0,"max_hp_loss":0.0,"gold_gain":0.0,"event_name":"Golden Wing","player_choice":"Ignored","floor":3.0,"gold_loss":0.0,"damage_taken":0.0},{"damage_healed":0.0,"max_hp_gain":0.0,"max_hp_loss":0.0,"gold_gain":0.0,"event_name":"Upgrade Shrine","player_choice":"Upgraded","floor":4.0,"gold_loss":0.0,"damage_taken":0.0,"cards_upgraded":["Bash"]},{"damage_healed":20.0,"max_hp_gain":0.0,"max_hp_loss":0.0,"gold_gain":0.0,"event_name":"The Cleric","player_choice":"Healed","floor":12.0,"gold_loss":35.0,"damage_taken":0.0},{"damage_healed":0,"gold_gain":100,"player_choice":"Pray","damage_taken":0,"max_hp_gain":0,"max_hp_loss":0,"event_name":"Golden Shrine","floor":19,"gold_loss":0}],"is_beta":false,"boss_relics":[{"not_picked":["Tiny House","Astrolabe"],"picked":"Runic Pyramid"}],"items_purged_floors":[21],"is_endless":false,"potions_floor_spawned":[7],"killed_by":"Centurion and Healer","ascension_level":11}}