{"host":"3jhxjeq8h3mqaq9s","time":1611112358,"event":{"mods":["BaseMod","Bestiary","Colored Map","Downfall","Highlight Path","Minty Spire (QoL Compilation)","Rare Cards Sparkle","Relic Stats","StSLib","everything is the same but u backflip on backflip","slay the spire mod where everything is the same but ironclad has a cowboy hat"],"gold_per_floor":[99,115,135,45,59,44,44,44,64,98,98,34,44,44,60,60,60,60],"floor_reached":16,"language":"ENG","playtime":921,"items_purged":["bronze:Strike"],"score":102,"play_id":"4ae2a73d-4917-4dd8-8026-8496d7f1f7e5","local_time":"20210119221238","is_ascension_mode":false,"campfire_choices":[{"floor":1.0,"key":"RECALL"},{"data":"bronze:FineTuning","floor":11.0,"key":"SMITH"}],"circlet_count":0,"master_deck":["bronze:Strike","bronze:Strike","bronze:Defend","bronze:Defend","bronze:Defend","bronze:Defend","bronze:Replicate","bronze:Goto","bronze:DelayedSlice","bronze:Repair","bronze:Iterate","bronze:FineTuning+1","bronze:Branch","bronze:WhirlingStrike","bronze:AlphaBuild","bronze:Branch","bronze:DelayedSlice","bronze:CutThrough"],"relics":["bronze:BronzeCore","Letter Opener","MealTicket"],"acts_visited":["Exordium"],"potions_floor_usage":[16],"damage_taken":[{"damage":1.0,"enemies":"Cultist","floor":2.0,"turns":3.0},{"damage":0.0,"enemies":"2 Louse","floor":3.0,"turns":2.0},{"damage":0.0,"enemies":"downfall:FleeingMerchant","floor":4.0,"turns":4.0},{"damage":3.0,"enemies":"Jaw Worm","floor":5.0,"turns":5.0},{"damage":5.0,"enemies":"downfall:FleeingMerchant","floor":6.0,"turns":4.0},{"damage":4.0,"enemies":"Red Slaver","floor":9.0,"turns":3.0},{"damage":8.0,"enemies":"3 Sentries","floor":10.0,"turns":10.0},{"damage":12.0,"enemies":"downfall:FleeingMerchant","floor":12.0,"turns":4.0},{"damage":9.0,"enemies":"Exordium Thugs","floor":13.0,"turns":3.0},{"damage":0,"enemies":"3 Louse","floor":15,"turns":1},{"damage":92,"enemies":"WA_ARCHETYPE_RETAIN","floor":16,"turns":12}],"seed_played":"-5485680006246968569","potions_obtained":[{"floor":5.0,"key":"bronze:BuildAFunctionPotion"},{"floor":9.0,"key":"Fruit Juice"},{"floor":10.0,"key":"Strength Potion"},{"floor":13.0,"key":"Block Potion"}],"is_trial":false,"path_per_floor":["R","M","M","$","M","$","T","?","M","E","R","$","M","?","M","B"],"character_chosen":"THE_AUTOMATON","items_purchased":["bronze:Branch"],"campfire_rested":0,"item_purchase_floors":[12],"current_hp_per_floor":[77,76,76,77,74,72,72,72,76,69,69,72,75,75,75,0,0,0],"gold":60,"neow_bonus":"TEN_PERCENT_HP_BONUS","is_daily":false,"chose_seed":false,"campfire_upgraded":1,"win_rate":0.0,"timestamp":1611112358,"path_taken":["R","M","M","?","?","$","T","?","M","E","R","?","M","?","M","BOSS"],"items_purchased_type":["Card"],"build_version":"2020-12-22","purchased_purges":1,"victory":false,"max_hp_per_floor":[77,77,77,77,77,77,77,77,77,77,77,77,82,82,82,82,82,82],"relic_stats":{"counters":[11,51],"MealTicket":8,"Letter Opener":[25],"obtain_stats":[{"bronze:BronzeCore":0,"MealTicket":10,"Letter Opener":7},{"bronze:BronzeCore":0,"MealTicket":7,"Letter Opener":5},{"bronze:BronzeCore":0,"MealTicket":31,"Letter Opener":18}]},"card_choices":[{"not_picked":["bronze:BitShift","bronze:FineTuning"],"picked":"bronze:DelayedSlice","floor":2.0},{"not_picked":["bronze:DelayedSlice","bronze:Iterate"],"picked":"bronze:Repair","floor":3.0},{"not_picked":["bronze:ItsAFeature","bronze:Shield","bronze:BitShift"],"picked":"SKIP","floor":4.0},{"not_picked":["bronze:OilSpill","bronze:Deprecate"],"picked":"bronze:Iterate","floor":5.0},{"not_picked":["bronze:Return","bronze:BitShift"],"picked":"bronze:FineTuning","floor":6.0},{"not_picked":["bronze:MaxOutput","bronze:ChildClass"],"picked":"bronze:Branch","floor":9.0},{"not_picked":["bronze:CleanCode","bronze:Branch"],"picked":"bronze:WhirlingStrike","floor":10.0},{"not_picked":["bronze:Invalidate","bronze:Repair"],"picked":"bronze:AlphaBuild","floor":12.0},{"not_picked":["bronze:Frontload","bronze:Overheat"],"picked":"bronze:DelayedSlice","floor":13.0},{"not_picked":["bronze:Shield","bronze:ItsAFeature"],"picked":"bronze:CutThrough","floor":15}],"player_experience":2604691,"relics_obtained":[{"floor":7.0,"key":"Letter Opener"},{"floor":10.0,"key":"MealTicket"}],"event_choices":[{"cards_removed":["bronze:Strike"],"damage_healed":0,"gold_gain":0,"player_choice":"Offered Basic","damage_taken":0,"max_hp_gain":0,"max_hp_loss":0,"event_name":"Bonfire Elementals","floor":14,"gold_loss":0}],"is_beta":false,"boss_relics":[],"items_purged_floors":[4],"is_endless":false,"potions_floor_spawned":[5,9,10,13],"killed_by":"WA_ARCHETYPE_RETAIN","ascension_level":0}}