{"host":"o6k2gaocsza4qys9","time":1611135693,"event":{"mods":["BaseMod","Minty Spire (QoL Compilation)","Relic Stats"],"gold_per_floor":[111,56,56,76,86,86,119,119,169,179,179,206,221,146,146,146,146],"floor_reached":16,"language":"ENG","playtime":523,"items_purged":[],"score":220,"play_id":"040e178c-9113-4976-8e79-3259c0010971","local_time":"20210120174133","is_ascension_mode":true,"campfire_choices":[{"data":"Bash","floor":6,"key":"SMITH"},{"floor":11,"key":"REST"},{"data":"Juggernaut","floor":15,"key":"SMITH"}],"circlet_count":0,"master_deck":["AscendersBane","Strike_R","Strike_R","Strike_R","Strike_R","Defend_R","Defend_R","Defend_R","Defend_R","Bash+1","Juggernaut+1","Blood for Blood","Clash","Fiend Fire"],"relics":["Burning Blood","Happy Flower","Paper Frog","FaceOfCleric","Bag of Marbles","Unceasing Top"],"acts_visited":["Exordium"],"potions_floor_usage":[7],"damage_taken":[{"damage":4,"enemies":"Small Slimes","floor":1,"turns":4},{"damage":2,"enemies":"2 Louse","floor":4,"turns":2},{"damage":2,"enemies":"Cultist","floor":5,"turns":4},{"damage":35,"enemies":"3 Sentries","floor":7,"turns":9},{"damage":1,"enemies":"Looter","floor":10,"turns":2},{"damage":8,"enemies":"Gremlin Nob","floor":12,"turns":3},{"damage":0,"enemies":"2 Fungi Beasts","floor":13,"turns":2},{"damage":48,"enemies":"Hexaghost","floor":16,"turns":7}],"seed_played":"-4943011567401595502","potions_obtained":[{"floor":1,"key":"Strength Potion"},{"floor":10,"key":"SpeedPotion"}],"is_trial":false,"path_per_floor":["M","$","?","M","M","R","E","?","T","M","R","E","M","?","R","B"],"character_chosen":"IRONCLAD","items_purchased":["Swift Potion"],"campfire_rested":1,"item_purchase_floors":[2],"current_hp_per_floor":[70,70,35,39,43,43,14,14,14,20,42,41,48,48,48,0,0],"gold":146,"neow_bonus":"ONE_RANDOM_RARE_CARD","is_daily":false,"chose_seed":false,"campfire_upgraded":2,"win_rate":0.0,"timestamp":1611135693,"path_taken":["M","$","?","M","M","R","E","?","T","?","R","E","M","?","R","BOSS"],"items_purchased_type":["Potion"],"build_version":"2020-12-22","purchased_purges":0,"victory":false,"max_hp_per_floor":[75,75,75,75,75,75,75,75,75,76,76,77,78,78,78,78,78],"relic_stats":{"Happy Flower":[9],"FaceOfCleric":3,"counters":[8,33],"obtain_stats":[{"Happy Flower":3,"FaceOfCleric":8,"Bag of Marbles":9,"Burning Blood":0,"Unceasing Top":12,"Paper Frog":7},{"Happy Flower":1,"FaceOfCleric":4,"Bag of Marbles":4,"Burning Blood":0,"Unceasing Top":6,"Paper Frog":4},{"Happy Flower":4,"FaceOfCleric":19,"Bag of Marbles":19,"Burning Blood":0,"Unceasing Top":24,"Paper Frog":19}],"Burning Blood":42,"Unceasing Top":[2]},"card_choices":[{"not_picked":["Infernal Blade","Cleave"],"picked":"Blood for Blood","floor":1},{"not_picked":["Heavy Blade","Thunderclap"],"picked":"Clash","floor":4},{"not_picked":["Flex","Thunderclap","Whirlwind"],"picked":"SKIP","floor":5},{"not_picked":["Cleave","Metallicize"],"picked":"Fiend Fire","floor":7},{"not_picked":["Entrench","Flex","Uppercut"],"picked":"SKIP","floor":10},{"not_picked":["Armaments","Body Slam","Searing Blow"],"picked":"SKIP","floor":12},{"not_picked":["Thunderclap","Armaments","Clash"],"picked":"SKIP","floor":13}],"player_experience":448644,"relics_obtained":[{"floor":7,"key":"Paper Frog"},{"floor":9,"key":"Bag of Marbles"},{"floor":12,"key":"Unceasing Top"}],"event_choices":[{"damage_healed":0,"gold_gain":0,"player_choice":"Success","damage_taken":35,"relics_obtained":["Happy Flower"],"max_hp_gain":0,"max_hp_loss":0,"event_name":"Scrap Ooze","floor":3,"gold_loss":0},{"damage_healed":0,"gold_gain":0,"player_choice":"Trade","damage_taken":0,"relics_obtained":["FaceOfCleric"],"max_hp_gain":0,"max_hp_loss":0,"event_name":"FaceTrader","floor":8,"gold_loss":0},{"cards_removed":["Strike_R"],"damage_healed":0,"gold_gain":0,"player_choice":"Card Removal","damage_taken":0,"max_hp_gain":0,"max_hp_loss":0,"event_name":"The Cleric","floor":14,"gold_loss":75}],"is_beta":false,"boss_relics":[],"items_purged_floors":[],"is_endless":false,"potions_floor_spawned":[1,5,10],"killed_by":"Hexaghost","ascension_level":20}}