{"host":"eemx8njkng76fu5x","time":1611111297,"event":{"mods":["2.2 Compatiblity","BaseMod","Downfall","Minty Spire (QoL Compilation)","Permanent Neow","StSLib","Unceasing Turn Reminder","Unknown Chances"],"gold_per_floor":[99,117,133,152,67,94,94,122,122,122,147,162,62,75,86,186,186,86,100,100,119,204,216,241,241,267,267,202,236,171,197,208,305,305,305,319,331,331,331,362,388,288,286,311,311,337,337,357,375,375,375,400,1,1,1,1,1,1],"floor_reached":56,"language":"ENG","playtime":4022,"items_purged":["bronze:Replicate","bronze:DelayedSlice","bronze:DelayedSlice","bronze:DelayedSlice"],"score":1301,"play_id":"6366dbf3-c5c7-4744-9a98-f97956d3e3e5","local_time":"20210120105457","is_ascension_mode":true,"campfire_choices":[{"data":"bronze:Goto","floor":1.0,"key":"SMITH"},{"floor":9.0,"key":"RECALL"},{"data":"bronze:RecursiveStrike","floor":13.0,"key":"SMITH"},{"data":"bronze:Frontload","floor":18.0,"key":"SMITH"},{"data":"bronze:Verify","floor":25.0,"key":"SMITH"},{"data":"bronze:DarkDash","floor":27.0,"key":"SMITH"},{"data":"bronze:HardenedForm","floor":35.0,"key":"SMITH"},{"data":"expansioncontent:PrepareCrush","floor":42.0,"key":"SMITH"},{"data":"bronze:Boost","floor":45.0,"key":"SMITH"},{"data":"bronze:InfiniteLoop","floor":47.0,"key":"SMITH"},{"data":"expansioncontent:LastStand","floor":54.0,"key":"SMITH"}],"circlet_count":0,"master_deck":["bronze:Strike","bronze:Strike","bronze:Strike","bronze:Strike","bronze:Defend","bronze:Defend+1","bronze:Defend","bronze:Defend","bronze:Goto+1","bronze:RecursiveStrike+1","bronze:Frontload+1","bronze:DarkDash+1","bronze:Verify+1","bronze:ForceShield+1","bronze:Boost+1","bronze:InfiniteLoop+1","bronze:DarkDash+1","bronze:CloningBeam+1","bronze:Frontload+1","bronze:HardenedForm+1","expansioncontent:PrepareCrush+1","bronze:HardenedForm+1","bronze:Flail+1","expansioncontent:LastStand+1"],"relics":["bronze:BronzeCore","FossilizedHelix","Incense Burner","Bottled Lightning","hexamod:BolsterEngine","downfall:HeartBlessingRed","Snecko Eye","downfall:HeartBlessingGreen","Smiling Mask","War Paint","Unceasing Top","Nunchaku","Coffee Dripper","Bottled Tornado","downfall:HeartBlessingBlue","Bag of Preparation","DollysMirror","Guardian:GemstoneGun","Meat on the Bone","Centennial Puzzle","Ornamental Fan"],"acts_visited":["Exordium","TheCity","TheBeyond","TheEnding"],"potions_floor_usage":[55,55,56],"damage_taken":[{"damage":9.0,"enemies":"Cultist","floor":2.0,"turns":5.0},{"damage":5.0,"enemies":"Small Slimes","floor":3.0,"turns":2.0},{"damage":0.0,"enemies":"Jaw Worm","floor":4.0,"turns":2.0},{"damage":0.0,"enemies":"downfall:FleeingMerchant","floor":5.0,"turns":4.0},{"damage":9.0,"enemies":"3 Sentries","floor":6.0,"turns":10.0},{"damage":0.0,"enemies":"Lagavulin","floor":8.0,"turns":7.0},{"damage":0.0,"enemies":"3 Sentries","floor":11.0,"turns":5.0},{"damage":0.0,"enemies":"2 Fungi Beasts","floor":12.0,"turns":2.0},{"damage":2.0,"enemies":"Exordium Wildlife","floor":14.0,"turns":4.0},{"damage":0.0,"enemies":"Blue Slaver","floor":15.0,"turns":3.0},{"damage":36.0,"enemies":"IC_STATUS_ARCHETYPE","floor":16.0,"turns":9.0},{"damage":0.0,"enemies":"Spheric Guardian","floor":19.0,"turns":3.0},{"damage":0.0,"enemies":"3 Byrds","floor":21.0,"turns":5.0},{"damage":0.0,"enemies":"Centurion and Healer","floor":23.0,"turns":7.0},{"damage":36.0,"enemies":"Gremlin Leader","floor":26.0,"turns":7.0},{"damage":0.0,"enemies":"downfall:FleeingMerchant","floor":28.0,"turns":4.0},{"damage":0.0,"enemies":"Book of Stabbing","floor":29.0,"turns":7.0},{"damage":0.0,"enemies":"downfall:FleeingMerchant","floor":30.0,"turns":4.0},{"damage":0.0,"enemies":"Slavers","floor":31.0,"turns":4.0},{"damage":0.0,"enemies":"Snake Plant","floor":32.0,"turns":2.0},{"damage":0.0,"enemies":"DF_ARCHETYPE_CLAW","floor":33.0,"turns":8.0},{"damage":0.0,"enemies":"3 Darklings","floor":36.0,"turns":3.0},{"damage":0.0,"enemies":"Orb Walker","floor":37.0,"turns":2.0},{"damage":9.0,"enemies":"Nemesis","floor":40.0,"turns":7.0},{"damage":0.0,"enemies":"downfall:FleeingMerchant","floor":43.0,"turns":2.0},{"damage":0.0,"enemies":"Reptomancer","floor":44.0,"turns":3.0},{"damage":0.0,"enemies":"Nemesis","floor":46.0,"turns":7.0},{"damage":0.0,"enemies":"Spire Growth","floor":48.0,"turns":3.0},{"damage":0.0,"enemies":"Transient","floor":49.0,"turns":5.0},{"damage":0.0,"enemies":"WA_ARCHETYPE_DIVINITY","floor":50.0,"turns":9.0},{"damage":0.0,"enemies":"downfall:CharBossMerchant","floor":52.0,"turns":7.0},{"damage":0,"enemies":"downfall:NeowBoss","floor":55,"turns":20},{"damage":101,"enemies":"downfall:NeowBossFinal","floor":56,"turns":11}],"seed_played":"4018686115013548768","potions_obtained":[{"floor":0.0,"key":"SkillPotion"},{"floor":0.0,"key":"PowerPotion"},{"floor":0.0,"key":"FearPotion"},{"floor":2.0,"key":"FairyPotion"},{"floor":11.0,"key":"EntropicBrew"},{"floor":14.0,"key":"Regen Potion"},{"floor":19.0,"key":"EssenceOfSteel"},{"floor":31.0,"key":"Fire Potion"},{"floor":32.0,"key":"FairyPotion"},{"floor":33.0,"key":"bronze:BurnAndBuffPotion"},{"floor":37.0,"key":"LiquidBronze"},{"floor":48.0,"key":"bronze:FreeFunctionsPotion"},{"floor":49.0,"key":"BlessingOfTheForge"},{"floor":52.0,"key":"Swift Potion"}],"is_trial":false,"path_per_floor":["R","M","M","M","$","E","T","E","R","?","E","M","R","M","M","B",null,"R","M","?","M","?","M","T","R","E","R","$","E","$","E","M","B",null,"R","M","M","?","?","E","T","R","$","E","R","E","R","M","M","B",null,"E","$","R","B","B"],"character_chosen":"THE_AUTOMATON","items_purchased":["bronze:DarkDash","Bag of Preparation","DollysMirror","Ornamental Fan","expansioncontent:LastStand"],"campfire_rested":0,"item_purchase_floors":[5,43,43,53,53],"current_hp_per_floor":[70,61,56,56,56,47,47,47,47,47,47,47,47,45,45,24,70,70,70,70,70,56,56,56,56,20,20,20,20,20,20,20,20,70,70,70,70,70,70,61,61,71,71,71,71,71,71,71,71,71,80,80,80,80,80,0,0,0],"gold":1,"neow_bonus":"THREE_SMALL_POTIONS","is_daily":false,"chose_seed":false,"campfire_upgraded":10,"win_rate":0.0,"timestamp":1611111297,"path_taken":["R","M","M","M","?","E","T","E","R","?","E","M","R","M","M","BOSS","R","M","?","M","?","M","T","R","E","R","?","E","$","E","M","BOSS","R","M","M","?","?","E","T","R","$","E","R","E","R","?","M","BOSS","E","$","R","BOSS","BOSS"],"items_purchased_type":["Card","Relic","Relic","Relic","Card"],"build_version":"2020-12-22","purchased_purges":4,"victory":false,"max_hp_per_floor":[70,70,70,70,70,70,70,70,70,70,70,70,70,70,70,70,70,70,70,70,70,70,70,70,70,70,70,70,70,70,70,70,70,70,70,70,70,70,70,70,70,80,80,80,80,80,80,80,80,80,80,80,80,80,80,80,80,80],"card_choices":[{"not_picked":["bronze:FineTuning","bronze:Turbo"],"picked":"bronze:DelayedSlice","floor":2.0},{"not_picked":["bronze:BitShift","bronze:CutThrough"],"picked":"bronze:DelayedSlice","floor":3.0},{"not_picked":["bronze:GetLatest","bronze:CutThrough"],"picked":"bronze:RecursiveStrike","floor":4.0},{"not_picked":["bronze:Constructor","bronze:Invalidate"],"picked":"bronze:Frontload","floor":5.0},{"not_picked":["bronze:Constructor","bronze:Repulsor","bronze:Iterate"],"picked":"SKIP","floor":6.0},{"not_picked":["bronze:ChosenStrike","bronze:Turbo"],"picked":"bronze:Verify","floor":8.0},{"not_picked":["bronze:Shield","bronze:NullPointer"],"picked":"bronze:ForceShield","floor":11.0},{"not_picked":["bronze:OilSpill","bronze:DigitalCarnage"],"picked":"bronze:DelayedSlice","floor":12.0},{"not_picked":["bronze:Constructor","bronze:WhirlingStrike"],"picked":"bronze:Boost","floor":14.0},{"not_picked":["bronze:Overheat","bronze:ChosenStrike","bronze:Allocate"],"picked":"SKIP","floor":15.0},{"not_picked":["bronze:SpaghettiCode","bronze:RecursiveStrike"],"picked":"bronze:InfiniteLoop","floor":16.0},{"not_picked":["bronze:WildBeam","bronze:DelayedSlice"],"picked":"bronze:DarkDash+1","floor":19.0},{"not_picked":["bronze:BitShift","bronze:ChosenStrike"],"picked":"bronze:CloningBeam+1","floor":21.0},{"not_picked":["bronze:FineTuning","bronze:Frontload","bronze:WildBeam"],"picked":"SKIP","floor":23.0},{"not_picked":["bronze:GetLatest","bronze:DelayedSlice","bronze:Overheat"],"picked":"SKIP","floor":26.0},{"not_picked":["bronze:Overheat","bronze:Repulsor","bronze:WildBeam+1"],"picked":"SKIP","floor":28.0},{"not_picked":["bronze:Overload","bronze:Separator","bronze:Deprecate"],"picked":"SKIP","floor":29.0},{"not_picked":["bronze:Overload","bronze:Separator","bronze:Deprecate"],"picked":"SKIP","floor":29.0},{"not_picked":["bronze:AlphaBuild","bronze:GetLatest","bronze:BugBarrage"],"picked":"SKIP","floor":30.0},{"not_picked":["bronze:Branch","bronze:OilSpill"],"picked":"bronze:Frontload+1","floor":31.0},{"not_picked":["bronze:Overload","bronze:OilSpill","bronze:FollowUp"],"picked":"SKIP","floor":32.0},{"not_picked":["bronze:Format","bronze:Break"],"picked":"bronze:HardenedForm","floor":33.0},{"not_picked":["bronze:BugBarrage+1","bronze:Deprecate","bronze:FollowUp"],"picked":"SKIP","floor":36.0},{"not_picked":["bronze:FineTuning","bronze:Safeguard+1","bronze:OilSpill+1"],"picked":"SKIP","floor":37.0},{"not_picked":["expansioncontent:AwakenDeath","expansioncontent:PolyBeam"],"picked":"expansioncontent:PrepareCrush","floor":38.0},{"not_picked":["bronze:FineTuning","bronze:Repulsor+1","bronze:Constructor+1"],"picked":"SKIP","floor":40.0},{"not_picked":["bronze:Turbo+1","bronze:FindAndReplace","bronze:FollowUp+1"],"picked":"SKIP","floor":43.0},{"not_picked":["bronze:BuggyMess","bronze:Invalidate","bronze:DelayedSlice"],"picked":"SKIP","floor":44.0},{"not_picked":["bronze:Allocate+1","bronze:Separator+1","bronze:Overheat+1"],"picked":"SKIP","floor":46.0},{"not_picked":["bronze:BuggyMess+1","bronze:Overheat+1","bronze:Branch"],"picked":"SKIP","floor":48.0},{"not_picked":["bronze:Refactor+1","bronze:BuggyMess"],"picked":"bronze:Flail+1","floor":49.0},{"not_picked":["bronze:Mutator","bronze:ChildClass+1","bronze:GetLatest"],"picked":"SKIP","floor":52.0}],"player_experience":503960,"relics_obtained":[{"floor":6.0,"key":"FossilizedHelix"},{"floor":7.0,"key":"Incense Burner"},{"floor":8.0,"key":"Bottled Lightning"},{"floor":11.0,"key":"hexamod:BolsterEngine"},{"floor":24.0,"key":"Smiling Mask"},{"floor":26.0,"key":"War Paint"},{"floor":29.0,"key":"Unceasing Top"},{"floor":31.0,"key":"Nunchaku"},{"floor":40.0,"key":"Bottled Tornado"},{"floor":44.0,"key":"Guardian:GemstoneGun"},{"floor":46.0,"key":"Meat on the Bone"},{"floor":52.0,"key":"Centennial Puzzle"}],"event_choices":[{"damage_healed":0.0,"max_hp_gain":0.0,"max_hp_loss":0.0,"gold_gain":0.0,"event_name":"Ghosts","player_choice":"Ignored","floor":20.0,"gold_loss":0.0,"damage_taken":0.0}],"is_beta":false,"boss_relics":[{"not_picked":["SacredBark","Runic Pyramid"],"picked":"Snecko Eye"},{"not_picked":["bronze:PlatinumCore","expansioncontent:StudyCardRelic"],"picked":"Coffee Dripper"}],"items_purged_floors":[28,30,43,53],"is_endless":false,"potions_floor_spawned":[2,11,12,14,19,21,26,31,32,33,37,48,49,52],"killed_by":"downfall:NeowBossFinal","ascension_level":4}}