{"host":"flm17o2q7bfjyna6","time":1611172633,"event":{"mods":["2.2 Compatiblity","Act Like it!","BaseMod","Better Altar","Better Match","Better Note","Better Sensory Stone","Better Skull","Better Third Choice","Better Vampires","Colored Map","Colored Powertips","DeckTracker","Fox Events","Hermit","Minty Spire (QoL Compilation)","Quick Restart","Replay The Spire","Reworked Bosses","Spicy Shops","StSLib","Wandering Minibosses"],"gold_per_floor":[112,31,31,44,44,69,86,120,120,137,166,166,176,192,192,192,192],"floor_reached":16,"language":"ENG","playtime":642,"items_purged":["Looming Evil"],"score":221,"play_id":"5f3e4d96-d469-4389-945a-30ceaa4caeec","local_time":"20210120145713","is_ascension_mode":true,"campfire_choices":[{"data":"Beam Cell","floor":12,"key":"SMITH"},{"data":"Go for the Eyes","floor":15,"key":"SMITH"}],"circlet_count":0,"master_deck":["AscendersBane","Strike_B+1","Strike_B+1","Strike_B+1","Strike_B+1","Defend_B","Defend_B","Defend_B","Defend_B+1","Zap","Dualcast","Streamline+1","Steam","Core Surge","Go for the Eyes+1","Melter","Beam Cell+1","Steam","Sunder","BootSequence"],"relics":["Cracked Core","NeowsBlessing","ReplayTheSpireMod:CursedCoin","Gremlin Food","NlothsMask","Snack Pack","Replay:Bottled Eggs","Emotion Chip"],"acts_visited":["Exordium"],"potions_floor_usage":[10,10],"damage_taken":[{"damage":0,"enemies":"2 Louse","floor":1,"turns":1},{"damage":0,"enemies":"Small Slimes","floor":4,"turns":1},{"damage":0,"enemies":"3 Sentries","floor":6,"turns":1},{"damage":1,"enemies":"Cultist","floor":7,"turns":3},{"damage":22,"enemies":"Gremlin Nob","floor":8,"turns":4},{"damage":6,"enemies":"Gremlin Gang","floor":10,"turns":6},{"damage":14,"enemies":"Lagavulin","floor":11,"turns":5},{"damage":3,"enemies":"Blue Slaver","floor":13,"turns":2},{"damage":0,"enemies":"Large Slime","floor":14,"turns":2},{"damage":24,"enemies":"The Guardian","floor":16,"turns":8}],"seed_played":"4510230631680636758","potions_obtained":[{"floor":4,"key":"Block Potion"},{"floor":8,"key":"SkillPotion"},{"floor":14,"key":"Fire Potion"}],"is_trial":false,"path_per_floor":["M","$","?","M","?","E","M","E","T","M","E","R","M","M","R","B"],"character_chosen":"DEFECT","items_purchased":["ReplayTheSpireMod:CursedCoin","Gremlin Food"],"campfire_rested":0,"item_purchase_floors":[2,2],"current_hp_per_floor":[68,68,53,53,53,53,52,32,32,28,20,20,19,21,21,0,0],"gold":192,"neow_bonus":"THREE_ENEMY_KILL","is_daily":false,"chose_seed":false,"campfire_upgraded":2,"win_rate":0.0,"timestamp":1611172633,"path_taken":["M","$","?","M","?","E","M","E","T","M","E","R","M","?","R","BOSS"],"items_purchased_type":["Relic","Relic"],"build_version":"2020-12-22","purchased_purges":1,"victory":false,"max_hp_per_floor":[75,75,75,75,75,75,75,75,75,75,75,75,75,75,75,75,75],"card_choices":[{"not_picked":["Cold Snap","Redo"],"picked":"Streamline","floor":1},{"not_picked":["Barrage","Coolheaded"],"picked":"Steam","floor":4},{"not_picked":["Storm","Loop"],"picked":"Core Surge","floor":6},{"not_picked":["Turbo","Hologram"],"picked":"Go for the Eyes","floor":7},{"not_picked":["Beam Cell","Hyperbeam"],"picked":"Melter","floor":8},{"not_picked":["Loop","ReplayTheSpireMod:System Scan"],"picked":"Beam Cell","floor":10},{"not_picked":["Amplify","ReplaySort"],"picked":"Steam","floor":11},{"not_picked":["Go for the Eyes","Conserve Battery"],"picked":"Sunder","floor":13},{"not_picked":["Rebound","ReplayTheSpireMod:Repulse"],"picked":"BootSequence","floor":14}],"player_experience":1669889,"relics_obtained":[{"floor":6,"key":"Snack Pack"},{"floor":8,"key":"Replay:Bottled Eggs"},{"floor":11,"key":"Emotion Chip"}],"event_choices":[{"damage_healed":68,"gold_gain":0,"player_choice":"Upgrade","damage_taken":15,"max_hp_gain":0,"max_hp_loss":75,"event_name":"betterThird:BetterShining","floor":3,"gold_loss":0,"cards_upgraded":["Defend_B","Streamline"]},{"damage_healed":0,"gold_gain":0,"player_choice":"Trade","damage_taken":0,"relics_obtained":["NlothsMask"],"max_hp_gain":0,"max_hp_loss":0,"event_name":"FaceTrader","floor":5,"gold_loss":0}],"is_beta":false,"boss_relics":[],"items_purged_floors":[2],"is_endless":false,"potions_floor_spawned":[4,8,14],"killed_by":"The Guardian","ascension_level":10}}