{"host":"y1gy3vaohdji07z5","time":1611175401,"event":{"mods":["AchievementEnabler","BaseMod","Colored Map","Colored Powertips","Hermit","Minty Spire (QoL Compilation)","Random Character Button","Rare Cards Sparkle","StSLib","The Jungle"],"gold_per_floor":[110,126,73,73,73,108,127,127,127,127,178,178,190,200,200,301,301,321,321,341,341,360,360,385,385,453,453,503,528,528,528],"floor_reached":30,"language":"ENG","playtime":1864,"items_purged":[],"score":360,"play_id":"f2337ba2-0ae2-42f2-ad72-1762fe11e6cd","local_time":"20210120214321","is_ascension_mode":true,"campfire_choices":[{"floor":8,"key":"REST"},{"floor":10,"key":"DIG"},{"floor":15,"key":"DIG"},{"data":"hermit:TakeCover","floor":23,"key":"SMITH"},{"floor":25,"key":"DIG"},{"floor":27,"key":"DIG"}],"circlet_count":0,"master_deck":["hermit:Strike_Hermit","hermit:Strike_Hermit","hermit:Strike_Hermit","hermit:Strike_Hermit","hermit:Defend_Hermit","hermit:Defend_Hermit","hermit:Defend_Hermit","hermit:Defend_Hermit","hermit:Snapshot","hermit:Covet","hermit:FullyLoaded","hermit:BodyArmor","hermit:Shortfuse","hermit:Showdown","Pain","hermit:TakeCover+1","hermit:Maintenance"],"relics":["hermit:Momento","Shovel","Vajra","Potion Belt","Shuriken","Gremlin Horn","hermit:Spyglass","Tiny Chest","WarpedTongs","Frozen Egg 2","Sozu","theJungle:BirthdayCake","hermit:RyeStalk","Orichalcum","Pantograph","Nunchaku","Ancient Tea Set","InkBottle"],"acts_visited":["Exordium","Exordium"],"potions_floor_usage":[16,16,22],"damage_taken":[{"damage":0,"enemies":"Cultist","floor":1,"turns":3},{"damage":4,"enemies":"Small Slimes","floor":2,"turns":3},{"damage":27,"enemies":"Gremlin Nob","floor":6,"turns":4},{"damage":4,"enemies":"Jaw Worm","floor":7,"turns":5},{"damage":0,"enemies":"3 Louse","floor":13,"turns":3},{"damage":4,"enemies":"Red Slaver","floor":14,"turns":3},{"damage":10,"enemies":"Slime Boss","floor":16,"turns":11},{"damage":0,"enemies":"theJungle:MUSHROOMGANG","floor":18,"turns":4},{"damage":7,"enemies":"theJungle:5_Spyders","floor":20,"turns":5},{"damage":33,"enemies":"theJungle:SlimyTreeVines","floor":22,"turns":8},{"damage":0,"enemies":"theJungle:MamaSnecko","floor":24,"turns":9},{"damage":41,"enemies":"theJungle:2_Phrogs","floor":29,"turns":8},{"damage":26,"enemies":"theJungle:2_Flameangoes","floor":30,"turns":3}],"seed_played":"-127090844147425920","potions_obtained":[{"floor":6,"key":"Weak Potion"},{"floor":7,"key":"ColorlessPotion"},{"floor":13,"key":"BlessingOfTheForge"}],"is_trial":false,"path_per_floor":["M","M","$","T","?","E","M","R","T","R","T","?","M","M","R","B",null,"M","?","M","?","M","R","E","R","T","R","T","E","M"],"character_chosen":"HERMIT","items_purchased":["hermit:BodyArmor"],"campfire_rested":1,"item_purchase_floors":[3],"current_hp_per_floor":[54,50,50,50,47,20,16,38,38,38,38,38,38,34,34,24,75,75,95,88,95,65,65,65,65,65,65,65,24,0,0],"gold":528,"neow_bonus":"ONE_RARE_RELIC","is_daily":false,"chose_seed":false,"campfire_upgraded":1,"win_rate":0.0,"timestamp":1611175401,"path_taken":["M","M","$","?","?","E","M","R","T","R","?","?","M","M","R","BOSS","M","?","M","?","M","R","E","R","T","R","?","E","M"],"items_purchased_type":["Card"],"build_version":"2020-12-22","purchased_purges":0,"victory":false,"max_hp_per_floor":[75,75,75,75,75,75,75,75,75,75,75,75,75,75,75,75,75,75,95,95,95,95,95,95,95,95,95,95,95,95,95],"card_choices":[{"not_picked":["hermit:Dive","hermit:Snipe"],"picked":"hermit:FullyLoaded","floor":1},{"not_picked":["hermit:Gestalt","hermit:Feint","hermit:WideOpen"],"picked":"SKIP","floor":2},{"not_picked":["hermit:Reprieve","hermit:Vantage"],"picked":"hermit:Shortfuse","floor":6},{"not_picked":["hermit:WideOpen","hermit:TrackingShot"],"picked":"hermit:Showdown","floor":7},{"not_picked":["hermit:LowProfile","hermit:ItchyTrigger","hermit:Misfire"],"picked":"SKIP","floor":13},{"not_picked":["hermit:Midnight","hermit:Glare"],"picked":"hermit:TakeCover","floor":14},{"not_picked":["hermit:ItchyTrigger","hermit:WideOpen+1"],"picked":"hermit:Maintenance","floor":18},{"not_picked":["hermit:Quickdraw","hermit:LoneWolf","hermit:Deadeye"],"picked":"SKIP","floor":20},{"not_picked":["hermit:GhostlyPresence","hermit:Desperado","hermit:Ricochet"],"picked":"SKIP","floor":22},{"not_picked":["hermit:Combo+1","hermit:LoneWolf","hermit:Glare+1"],"picked":"SKIP","floor":24},{"not_picked":["hermit:Horror","hermit:GhostlyPresence","hermit:Dissolve"],"picked":"SKIP","floor":29}],"player_experience":417037,"relics_obtained":[{"floor":4,"key":"Vajra"},{"floor":6,"key":"Shuriken"},{"floor":9,"key":"Gremlin Horn"},{"floor":10,"key":"hermit:Spyglass"},{"floor":11,"key":"Tiny Chest"},{"floor":15,"key":"Frozen Egg 2"},{"floor":24,"key":"hermit:RyeStalk"},{"floor":25,"key":"Orichalcum"},{"floor":26,"key":"Pantograph"},{"floor":27,"key":"Nunchaku"},{"floor":28,"key":"Ancient Tea Set"},{"floor":29,"key":"InkBottle"}],"event_choices":[{"damage_healed":0,"gold_gain":0,"player_choice":"Success","damage_taken":3,"relics_obtained":["Potion Belt"],"max_hp_gain":0,"max_hp_loss":0,"event_name":"Scrap Ooze","floor":5,"gold_loss":0},{"damage_healed":0,"gold_gain":0,"player_choice":"Rummage","damage_taken":0,"relics_obtained":["WarpedTongs"],"max_hp_gain":0,"max_hp_loss":0,"event_name":"Accursed Blacksmith","floor":12,"gold_loss":0,"cards_obtained":["Pain"]}],"is_beta":false,"boss_relics":[{"not_picked":["Philosopher\u0027s Stone","SlaversCollar"],"picked":"Sozu"}],"items_purged_floors":[],"is_endless":false,"potions_floor_spawned":[6,7,13,20,24],"killed_by":"theJungle:2_Flameangoes","ascension_level":3}}