{"host":"sav7uxregyirlf69","time":1611146032,"event":{"mods":["AchievementEnabler","BaseMod","Colored Map","DeckTracker","Keyboard Shortcuts","Minty Spire (QoL Compilation)","READ ME - Guardian Mod","StSLib","SuperFastMode"],"gold_per_floor":[113,113,125,125,140,140,140,168,249,2,2,16,31,31,31,109,109,120,120,133,150,161,161,161,101,128,128,128],"floor_reached":27,"language":"KOR","playtime":353,"items_purged":["Strike_G"],"score":526,"play_id":"343aae33-86b9-4e38-842f-72d5abbc3f0c","local_time":"20210120213352","is_ascension_mode":true,"campfire_choices":[{"data":"Deadly Poison","floor":6,"key":"SMITH"},{"data":"Noxious Fumes","floor":11,"key":"SMITH"},{"data":"Neutralize","floor":15,"key":"SMITH"},{"floor":23,"key":"REST"}],"circlet_count":0,"master_deck":["AscendersBane","Strike_G","Strike_G","Defend_G","Defend_G","Defend_G","Defend_G","Survivor","Neutralize+1","Cloak And Dagger","Deadly Poison+1","Noxious Fumes+1","Bouncing Flask","Blur","Backstab","Footwork"],"relics":["Ring of the Snake","NeowsBlessing","Ancient Tea Set","The Courier","Philosopher\u0027s Stone","Toy Ornithopter"],"acts_visited":["Exordium","TheCity"],"potions_floor_usage":[8,20,21,22],"damage_taken":[{"damage":0,"enemies":"Cultist","floor":1,"turns":1},{"damage":0,"enemies":"Small Slimes","floor":3,"turns":1},{"damage":0,"enemies":"2 Louse","floor":5,"turns":1},{"damage":34,"enemies":"Gremlin Nob","floor":8,"turns":4},{"damage":0,"enemies":"Looter","floor":12,"turns":3},{"damage":4,"enemies":"2 Fungi Beasts","floor":13,"turns":4},{"damage":0,"enemies":"The Guardian","floor":16,"turns":8},{"damage":8,"enemies":"Chosen","floor":18,"turns":5},{"damage":15,"enemies":"3 Byrds","floor":20,"turns":3},{"damage":21,"enemies":"Centurion and Healer","floor":21,"turns":7},{"damage":3,"enemies":"Snecko","floor":22,"turns":6},{"damage":25,"enemies":"Shelled Parasite and Fungi","floor":27,"turns":2}],"seed_played":"8114157849922578647","potions_obtained":[{"floor":5,"key":"LiquidMemories"},{"floor":8,"key":"EssenceOfSteel"},{"floor":12,"key":"LiquidBronze"},{"floor":21,"key":"SkillPotion"},{"floor":22,"key":"FearPotion"}],"is_trial":false,"path_per_floor":["M","?","M","?","M","R","?","E","T","$","R","M","M","?","R","B",null,"M","?","M","M","M","R","?","$","T","M"],"character_chosen":"THE_SILENT","items_purchased":["Noxious Fumes","Bouncing Flask","Blur","Footwork"],"campfire_rested":1,"item_purchase_floors":[10,10,10,25],"current_hp_per_floor":[59,59,59,59,59,59,52,18,18,18,18,18,14,14,14,14,53,45,45,30,9,6,25,25,25,25,0,0],"gold":128,"neow_bonus":"THREE_ENEMY_KILL","is_daily":false,"chose_seed":false,"campfire_upgraded":3,"win_rate":0.0,"timestamp":1611146032,"path_taken":["M","?","?","?","?","R","?","E","T","$","R","M","M","?","R","BOSS","M","?","?","M","M","R","?","$","T","M"],"items_purchased_type":["Card","Card","Card","Card"],"build_version":"2020-12-22","purchased_purges":1,"victory":false,"max_hp_per_floor":[66,66,66,66,66,66,66,66,66,66,66,66,66,66,66,66,66,66,66,66,66,66,66,66,66,66,66,66],"card_choices":[{"not_picked":["Outmaneuver","Tactician"],"picked":"Cloak And Dagger","floor":1},{"not_picked":["Poisoned Stab","Calculated Gamble","Cloak And Dagger"],"picked":"SKIP","floor":3},{"not_picked":["Backflip","Reflex"],"picked":"Deadly Poison","floor":5},{"not_picked":["Skewer","Bane","Terror"],"picked":"SKIP","floor":8},{"not_picked":["Blur","Distraction"],"picked":"Backstab","floor":12},{"not_picked":["Deadly Poison","Distraction","Predator"],"picked":"SKIP","floor":13},{"not_picked":["Dodge and Roll","Poisoned Stab+1","Bane"],"picked":"SKIP","floor":18},{"not_picked":["Accuracy","Acrobatics","Dagger Throw"],"picked":"SKIP","floor":20},{"not_picked":["Dagger Throw","Flying Knee","Underhanded Strike"],"picked":"SKIP","floor":21},{"not_picked":["Deflect","Slice","Acrobatics"],"picked":"SKIP","floor":22}],"player_experience":1333094,"relics_obtained":[{"floor":8,"key":"Ancient Tea Set"},{"floor":9,"key":"The Courier"},{"floor":26,"key":"Toy Ornithopter"}],"event_choices":[{"cards_removed":["Strike_G"],"damage_healed":0,"gold_gain":0,"player_choice":"Card Removal","damage_taken":0,"max_hp_gain":0,"max_hp_loss":0,"event_name":"Wheel of Change","floor":2,"gold_loss":0},{"cards_removed":["Defend_G"],"damage_healed":0,"gold_gain":0,"player_choice":"Offered Basic","damage_taken":0,"max_hp_gain":0,"max_hp_loss":0,"event_name":"Bonfire Elementals","floor":4,"gold_loss":0},{"cards_removed":["Strike_G"],"damage_healed":0,"gold_gain":0,"player_choice":"Card Removal","damage_taken":7,"max_hp_gain":0,"max_hp_loss":0,"event_name":"Golden Wing","floor":7,"gold_loss":0},{"damage_healed":0,"gold_gain":0,"player_choice":"Ignored","damage_taken":0,"max_hp_gain":0,"max_hp_loss":0,"event_name":"Liars Game","floor":14,"gold_loss":0},{"damage_healed":0,"gold_gain":0,"player_choice":"Ignored","damage_taken":0,"max_hp_gain":0,"max_hp_loss":0,"event_name":"N\u0027loth","floor":19,"gold_loss":0},{"damage_healed":0,"gold_gain":0,"player_choice":"Ignored","damage_taken":0,"max_hp_gain":0,"max_hp_loss":0,"event_name":"The Mausoleum","floor":24,"gold_loss":0}],"is_beta":false,"boss_relics":[{"not_picked":["Fusion Hammer","Black Star"],"picked":"Philosopher\u0027s Stone"}],"items_purged_floors":[10],"is_endless":false,"potions_floor_spawned":[5,8,12,21,22],"killed_by":"Shelled Parasite and Fungi","ascension_level":20}}