{"host":"7fyy23rucerupe6i","time":1611126297,"event":{"mods":["AchievementEnabler","Act Like it!","BaseMod","BetterRewards","Colored Map","Colored Powertips","Conspire","Custom Start","Downfall","Mad Scientist","Marisa£®ÏF”Í°°ƒß¿Ì…≥£©","Minty Spire (QoL Compilation)","Pale of the Ancients","Quick Restart","Shop Mod","ShortenTheSpire","Spicy Shops","StSLib","SuperFastMode","The Bug Knight","The Construct","The Cursed","The Factory","The Jungle","The Servant 0.9.4","UnlockEverythingMod"],"gold_per_floor":[116,116,136,136,136,136,136],"floor_reached":6,"language":"ZHS","playtime":656,"items_purged":["Defend_MRS"],"score":49,"play_id":"f0bd28aa-b604-4ff0-8bb8-e4b54a3d4fcc","local_time":"20210120150457","is_ascension_mode":true,"campfire_choices":[],"circlet_count":0,"master_deck":["Strike_MRS","Strike_MRS","Strike_MRS","Strike_MRS","Defend_MRS","Defend_MRS","Defend_MRS","MasterSpark","UpSweep","StarBarrage+1","GrandCross+1","UnstableBomb+1"],"relics":["MiniHakkero","Molten Egg 2","Strawberry","MealTicket","Frozen Egg 2","Golden Idol","CeramicFish"],"acts_visited":["Exordium"],"potions_floor_usage":[],"damage_taken":[{"damage":7,"enemies":"Jaw Worm","floor":1,"turns":3},{"damage":8,"enemies":"Small Slimes","floor":3,"turns":2},{"damage":20,"enemies":"Lagavulin","floor":6,"turns":4}],"seed_played":"-5652615410672526188","potions_obtained":[],"is_trial":false,"path_per_floor":["M","?","M","?","T","E"],"character_chosen":"MARISA","items_purchased":["Molten Egg 2","Strawberry","MealTicket","Frozen Egg 2","StarBarrage+1"],"campfire_rested":0,"item_purchase_floors":[0,0,0,0,0],"current_hp_per_floor":[33,33,25,30,30,10,10],"gold":136,"neow_bonus":"","is_daily":false,"chose_seed":false,"campfire_upgraded":0,"win_rate":0.0,"timestamp":1611126297,"path_taken":["M","?","M","?","?","E"],"items_purchased_type":["Relic","Relic","Relic","Relic","Card"],"build_version":"2020-12-22","purchased_purges":1,"victory":false,"max_hp_per_floor":[82,76,76,81,81,81,81],"card_choices":[{"not_picked":["GalacticHalo","Occultation"],"picked":"GrandCross+1","floor":1},{"not_picked":["WitchLeyline+1","BigCrunch"],"picked":"UnstableBomb+1","floor":3}],"player_experience":492374,"relics_obtained":[{"floor":5,"key":"CeramicFish"}],"event_choices":[{"damage_healed":0,"gold_gain":0,"player_choice":"Lose Max HP","damage_taken":0,"relics_obtained":["Golden Idol"],"max_hp_gain":0,"max_hp_loss":6,"event_name":"Golden Idol","floor":2,"gold_loss":0},{"damage_healed":0,"gold_gain":0,"player_choice":"Donut","damage_taken":0,"max_hp_gain":5,"max_hp_loss":0,"event_name":"Big Fish","floor":4,"gold_loss":0}],"is_beta":false,"boss_relics":[],"items_purged_floors":[0],"is_endless":false,"potions_floor_spawned":[],"killed_by":"Lagavulin","ascension_level":9}}