{"host":"v1m5rkjj38qutr02","time":1611141167,"event":{"mods":["Act Like it!","BaseMod","Challenge The Spire","Conspire","Gensokyo","GungeonMod","Hallownest","Minty Spire (QoL Compilation)","Replay The Spire","StSLib","The Bug Knight","Youmu£®ªÍ∆«—˝√Œ£©"],"gold_per_floor":[117,117,117,130,30,60,60,75,99,99,119,140,154,154,154,256,256,256,256],"floor_reached":18,"language":"ZHS","playtime":454,"items_purged":[],"score":287,"play_id":"1692b061-1590-4c48-b15e-1855c95f0aad","local_time":"20210120191247","is_ascension_mode":true,"campfire_choices":[{"data":"Ghostly","floor":7,"key":"SMITH"},{"data":"Loop","floor":10,"key":"SMITH"},{"floor":15,"key":"REST"}],"circlet_count":0,"master_deck":["AscendersBane","Strike_B","Strike_B","Strike_B","Defend_B","Defend_B","Defend_B","Defend_B","Zap","Dualcast","Echo Form","Ghostly+1","Loop+1","Genetic Algorithm","Aggregate","Heatsinks","Conserve Battery","Seek"],"relics":["Cracked Core","NeowsBlessing","conspire:Flyswatter","Happy Flower","Regal Pillow","Odd Mushroom","Honey Jar"],"acts_visited":["Exordium","TheCity"],"potions_floor_usage":[16,16],"damage_taken":[{"damage":0,"enemies":"Cultist","floor":1,"turns":1},{"damage":0,"enemies":"Small Slimes","floor":4,"turns":1},{"damage":0,"enemies":"Lagavulin","floor":6,"turns":1},{"damage":1,"enemies":"Jaw Worm","floor":8,"turns":3},{"damage":9,"enemies":"3 Louse","floor":11,"turns":3},{"damage":24,"enemies":"The Mushroom Lair","floor":12,"turns":5},{"damage":4,"enemies":"Blue Slaver","floor":13,"turns":4},{"damage":34,"enemies":"The Guardian","floor":16,"turns":15},{"damage":1,"enemies":"Shell Parasite","floor":18,"turns":3}],"seed_played":"3049027080748086833","potions_obtained":[{"floor":4,"key":"Explosive Potion"},{"floor":8,"key":"DuplicationPotion"}],"is_trial":false,"path_per_floor":["M","$","T","M","?","E","R","M","T","R","M","?","M","?","R","B",null,"M"],"character_chosen":"DEFECT","items_purchased":[],"campfire_rested":1,"item_purchase_floors":[],"current_hp_per_floor":[68,68,68,68,68,68,68,67,67,67,58,34,30,30,67,33,65,64,64],"gold":256,"neow_bonus":"THREE_ENEMY_KILL","is_daily":false,"chose_seed":false,"campfire_upgraded":2,"win_rate":0.0,"timestamp":1611141167,"path_taken":["M","$","?","M","?","E","R","M","T","R","?","?","M","?","R","BOSS","M"],"items_purchased_type":[],"build_version":"2020-12-22","purchased_purges":0,"victory":false,"max_hp_per_floor":[75,75,75,75,75,75,75,75,75,75,75,75,75,75,75,75,75,75,75],"card_choices":[{"not_picked":["Go for the Eyes","Gash","Redo"],"picked":"SKIP","floor":1},{"not_picked":["Redo","Beam Cell"],"picked":"Echo Form","floor":4},{"not_picked":["Chaos","Hologram"],"picked":"Loop","floor":6},{"not_picked":["Ball Lightning","Compile Driver"],"picked":"Genetic Algorithm","floor":8},{"not_picked":["Compile Driver","Stack"],"picked":"Aggregate","floor":11},{"not_picked":["Stack","Rip and Tear"],"picked":"Heatsinks","floor":12},{"not_picked":["Gash","Rebound"],"picked":"Conserve Battery","floor":13},{"not_picked":["Reboot","ReplayTheSpireMod:Fabricate Wheel"],"picked":"Seek","floor":16}],"player_experience":420275,"relics_obtained":[{"floor":3,"key":"conspire:Flyswatter"},{"floor":6,"key":"Happy Flower"},{"floor":9,"key":"Regal Pillow"},{"floor":12,"key":"Odd Mushroom"}],"event_choices":[{"damage_healed":0,"gold_gain":0,"player_choice":"Argue","damage_taken":0,"max_hp_gain":0,"max_hp_loss":0,"event_name":"conspire:LoneGhost","floor":5,"gold_loss":0},{"damage_healed":0,"gold_gain":0,"player_choice":"Fought Mushrooms","damage_taken":0,"max_hp_gain":0,"max_hp_loss":0,"event_name":"Mushrooms","floor":12,"gold_loss":0},{"cards_removed":["Strike_B"],"damage_healed":0,"gold_gain":0,"player_choice":"Purged","damage_taken":0,"max_hp_gain":0,"max_hp_loss":0,"event_name":"Purifier","floor":14,"gold_loss":0}],"is_beta":false,"boss_relics":[{"not_picked":["Replay:Wanted Poster","Replay:Bronze Core"],"picked":"Honey Jar"}],"items_purged_floors":[],"is_endless":false,"potions_floor_spawned":[4,8,12],"killed_by":"Shell Parasite","ascension_level":11}}