{"host":"opyh6vr790e42ffe","time":1611177978,"event":{"mods":["BaseMod","Colored Map","Highlight Path","Minty Spire (QoL Compilation)","Relic Stats","StSLib"],"gold_per_floor":[16,16,35,0,21,21,60,60,60,60,96,116,4,0,0,89,89,112,112,127,167,167,167,198,198,223,238,252,287,301,320,320,413,413,436,436,459,479,510,510,553,553,553,591,614,614,679,704,704,704,704],"floor_reached":52,"language":"ENG","playtime":3172,"items_purged":[],"score":1970,"play_id":"053ca0f5-c685-415a-93be-dc72b11606df","local_time":"20210120132618","is_ascension_mode":true,"campfire_choices":[{"data":"Beam Cell","floor":6,"key":"SMITH"},{"floor":8,"key":"REST"},{"floor":15,"key":"REST"},{"data":"Fission","floor":23,"key":"SMITH"},{"data":"J.A.X.","floor":25,"key":"SMITH"},{"data":"Hologram","floor":32,"key":"SMITH"},{"floor":40,"key":"DIG"},{"data":"Madness","floor":42,"key":"SMITH"},{"floor":46,"key":"DIG"},{"floor":49,"key":"DIG"}],"circlet_count":0,"master_deck":["AscendersBane","Dualcast","Genetic Algorithm","Chaos","Beam Cell+1","Cold Snap","FTL","Sweeping Beam","FTL","Stack","All For One","Reboot","Buffer","Hologram+1","Steam Power","Rainbow","Fission+1","J.A.X.+1","Self Repair","Steam","Steam Power","Self Repair","Conserve Battery","Gash+1","Stack+1","Core Surge","Defragment","Madness","Madness+1","BootSequence","Steam+1","Aggregate","All For One","Gash","White Noise"],"relics":["Cracked Core","Golden Idol","Pocketwatch","Torii","Kunai","Pandora\u0027s Box","Red Mask","Bag of Marbles","Ancient Tea Set","Orichalcum","Coffee Dripper","Shovel","Vajra","Pantograph","Question Card","Happy Flower","DataDisk","Ice Cream","Bronze Scales"],"acts_visited":["Exordium","TheCity","TheBeyond"],"potions_floor_usage":[7,12,27,29,31],"damage_taken":[{"damage":0,"enemies":"2 Louse","floor":1,"turns":2},{"damage":11,"enemies":"Jaw Worm","floor":3,"turns":3},{"damage":13,"enemies":"Small Slimes","floor":5,"turns":3},{"damage":15,"enemies":"Lagavulin","floor":7,"turns":6},{"damage":6,"enemies":"Gremlin Nob","floor":11,"turns":3},{"damage":2,"enemies":"Gremlin Gang","floor":12,"turns":4},{"damage":5,"enemies":"Hexaghost","floor":16,"turns":9},{"damage":10,"enemies":"Spheric Guardian","floor":18,"turns":4},{"damage":3,"enemies":"Chosen","floor":20,"turns":2},{"damage":7,"enemies":"Masked Bandits","floor":21,"turns":3},{"damage":18,"enemies":"Gremlin Leader","floor":24,"turns":5},{"damage":20,"enemies":"Snecko","floor":27,"turns":3},{"damage":6,"enemies":"3 Cultists","floor":28,"turns":3},{"damage":17,"enemies":"Book of Stabbing","floor":29,"turns":4},{"damage":6,"enemies":"Centurion and Healer","floor":30,"turns":3},{"damage":16,"enemies":"Snecko","floor":31,"turns":4},{"damage":16,"enemies":"Champ","floor":33,"turns":8},{"damage":0,"enemies":"Orb Walker","floor":35,"turns":3},{"damage":6,"enemies":"3 Darklings","floor":37,"turns":5},{"damage":46,"enemies":"Jaw Worm Horde","floor":38,"turns":4},{"damage":3,"enemies":"Mind Bloom Boss Battle","floor":39,"turns":5},{"damage":25,"enemies":"Reptomancer","floor":41,"turns":6},{"damage":9,"enemies":"Nemesis","floor":44,"turns":5},{"damage":0,"enemies":"4 Shapes","floor":45,"turns":6},{"damage":0,"enemies":"2 Orb Walkers","floor":47,"turns":2},{"damage":3,"enemies":"Transient","floor":48,"turns":6},{"damage":52,"enemies":"Awakened One","floor":50,"turns":9},{"damage":28,"enemies":"Donu and Deca","floor":51,"turns":8}],"seed_played":"8392634842916436623","potions_obtained":[{"floor":3,"key":"PowerPotion"},{"floor":11,"key":"FocusPotion"},{"floor":12,"key":"Block Potion"},{"floor":16,"key":"Energy Potion"},{"floor":27,"key":"Dexterity Potion"},{"floor":30,"key":"LiquidMemories"},{"floor":31,"key":"Strength Potion"}],"is_trial":false,"path_per_floor":["M","?","M","?","M","R","E","R","T","?","E","M","$","?","R","B",null,"M","?","M","?","?","R","E","R","T","M","M","E","M","M","R","B",null,"M","?","M","M","?","R","E","R","T","E","M","R","?","M","R","B","B",null],"character_chosen":"DEFECT","items_purchased":["FTL","Stack"],"campfire_rested":2,"item_purchase_floors":[13,13],"current_hp_per_floor":[64,40,29,46,33,33,18,39,39,18,12,10,10,10,31,26,60,50,50,47,47,47,47,36,36,36,30,38,35,43,34,34,32,61,71,58,66,34,45,45,34,34,34,39,53,53,53,64,64,33,44],"gold":704,"neow_bonus":"REMOVE_TWO","is_daily":false,"chose_seed":false,"campfire_upgraded":5,"win_rate":0.0,"timestamp":1611177978,"path_taken":["M","?","M","?","M","R","E","R","T","?","E","M","$","?","R","BOSS","M","?","M","?","?","R","E","R","T","?","M","E","M","M","R","BOSS","M","?","M","M","?","R","E","R","T","E","M","R","?","?","R","BOSS","BOSS"],"items_purchased_type":["Card","Card"],"build_version":"2020-12-22","purchased_purges":0,"victory":true,"max_hp_per_floor":[71,71,71,71,71,71,71,71,71,71,71,71,71,71,71,71,71,71,71,71,71,71,71,71,71,71,71,71,71,71,71,71,71,71,71,71,71,71,71,71,71,71,71,71,71,71,71,71,71,71,71],"relic_stats":{"Torii":20,"Happy Flower":[10],"counters":[28,128],"Golden Idol":203,"Orichalcum":[60],"Question Card":4,"Shovel":3,"Pantograph":32,"Bronze Scales":[60],"Pandora\u0027s Box":["Reboot","Buffer","Hologram","Steam Power","Rainbow","Fission"],"Kunai":[104],"obtain_stats":[{"Ice Cream":47,"Torii":9,"Happy Flower":44,"Golden Idol":2,"Vajra":40,"Orichalcum":29,"Ancient Tea Set":26,"Question Card":43,"DataDisk":46,"Shovel":39,"Pantograph":41,"Bronze Scales":49,"Pandora\u0027s Box":17,"Red Mask":21,"Bag of Marbles":24,"Coffee Dripper":34,"Kunai":11,"Cracked Core":0,"Pocketwatch":7},{"Ice Cream":25,"Torii":4,"Happy Flower":23,"Golden Idol":1,"Vajra":21,"Orichalcum":14,"Ancient Tea Set":11,"Question Card":22,"DataDisk":24,"Shovel":21,"Pantograph":22,"Bronze Scales":26,"Pandora\u0027s Box":7,"Red Mask":10,"Bag of Marbles":11,"Coffee Dripper":17,"Kunai":5,"Cracked Core":0,"Pocketwatch":4},{"Ice Cream":105,"Torii":14,"Happy Flower":97,"Golden Idol":2,"Vajra":86,"Orichalcum":54,"Ancient Tea Set":44,"Question Card":92,"DataDisk":103,"Shovel":86,"Pantograph":92,"Bronze Scales":111,"Pandora\u0027s Box":30,"Red Mask":39,"Bag of Marbles":44,"Coffee Dripper":69,"Kunai":17,"Cracked Core":0,"Pocketwatch":14}],"Pocketwatch":[57]},"card_choices":[{"not_picked":["Turbo","Redo"],"picked":"Genetic Algorithm","floor":1},{"not_picked":["Capacitor","Stack"],"picked":"Chaos","floor":3},{"not_picked":["Reinforced Body","FTL"],"picked":"Beam Cell","floor":5},{"not_picked":["FTL","Coolheaded"],"picked":"Cold Snap","floor":7},{"not_picked":["Hologram","Melter"],"picked":"FTL","floor":11},{"not_picked":["Double Energy","Undo"],"picked":"Sweeping Beam","floor":12},{"not_picked":["Rainbow","Seek"],"picked":"All For One","floor":16},{"not_picked":["Beam Cell","Blizzard+1","Melter"],"picked":"SKIP","floor":18},{"not_picked":["Steam","Hologram"],"picked":"Self Repair","floor":20},{"not_picked":["Redo+1","Rebound"],"picked":"Steam","floor":21},{"not_picked":["Undo","Coolheaded"],"picked":"Self Repair","floor":24},{"not_picked":["Beam Cell","Ball Lightning"],"picked":"Conserve Battery","floor":27},{"not_picked":["Scrape","FTL"],"picked":"Gash+1","floor":28},{"not_picked":["White Noise","Beam Cell","Streamline+1"],"picked":"SKIP","floor":29},{"not_picked":["Aggregate","Compile Driver","Storm"],"picked":"SKIP","floor":30},{"not_picked":["Undo","Lockon"],"picked":"Stack+1","floor":31},{"not_picked":["Multi-Cast","Creative AI"],"picked":"Core Surge","floor":33},{"not_picked":["Coolheaded","Sweeping Beam"],"picked":"Defragment","floor":35},{"not_picked":["Reinforced Body","Stack"],"picked":"BootSequence","floor":37},{"not_picked":["Streamline","Auto Shields"],"picked":"Steam+1","floor":38},{"not_picked":["Cold Snap","Go for the Eyes+1"],"picked":"Aggregate","floor":39},{"not_picked":["White Noise","Turbo"],"picked":"All For One","floor":41},{"not_picked":["Hyperbeam","Genetic Algorithm","Double Energy"],"picked":"Gash","floor":44},{"not_picked":["Aggregate","Cold Snap","Blizzard","Undo"],"picked":"SKIP","floor":45},{"not_picked":["Blizzard","Conserve Battery","Chill"],"picked":"White Noise","floor":47},{"not_picked":["Streamline+1","Rip and Tear+1","Sweeping Beam","Auto Shields"],"picked":"SKIP","floor":48}],"player_experience":2400493,"relics_obtained":[{"floor":7,"key":"Pocketwatch"},{"floor":9,"key":"Torii"},{"floor":11,"key":"Kunai"},{"floor":21,"key":"Red Mask"},{"floor":24,"key":"Bag of Marbles"},{"floor":26,"key":"Ancient Tea Set"},{"floor":29,"key":"Orichalcum"},{"floor":39,"key":"Shovel"},{"floor":40,"key":"Vajra"},{"floor":41,"key":"Pantograph"},{"floor":43,"key":"Question Card"},{"floor":44,"key":"Happy Flower"},{"floor":46,"key":"DataDisk"},{"floor":47,"key":"Ice Cream"},{"floor":49,"key":"Bronze Scales"}],"event_choices":[{"damage_healed":0,"gold_gain":0,"player_choice":"Take Damage","damage_taken":24,"relics_obtained":["Golden Idol"],"max_hp_gain":0,"max_hp_loss":0,"event_name":"Golden Idol","floor":2,"gold_loss":0},{"damage_healed":17,"gold_gain":0,"player_choice":"Healed","damage_taken":0,"max_hp_gain":0,"max_hp_loss":0,"event_name":"The Cleric","floor":4,"gold_loss":35},{"damage_healed":0,"gold_gain":0,"player_choice":"Entered Light","damage_taken":21,"max_hp_gain":0,"max_hp_loss":0,"event_name":"Shining Light","floor":10,"gold_loss":0,"cards_upgraded":["Defend_B","Strike_B"]},{"damage_healed":0,"gold_gain":0,"player_choice":"Left Gold","damage_taken":0,"max_hp_gain":0,"max_hp_loss":0,"event_name":"World of Goop","floor":14,"gold_loss":4},{"damage_healed":0,"gold_gain":0,"player_choice":"Obtain J.A.X.","damage_taken":0,"max_hp_gain":0,"max_hp_loss":0,"event_name":"Drug Dealer","floor":19,"gold_loss":0,"cards_obtained":["J.A.X."]},{"damage_healed":0,"gold_gain":0,"player_choice":"Fought Bandits","damage_taken":0,"max_hp_gain":0,"max_hp_loss":0,"event_name":"Masked Bandits","floor":21,"gold_loss":0},{"damage_healed":0,"gold_gain":0,"cards_transformed":["Zap"],"player_choice":"Transformed","damage_taken":0,"max_hp_gain":0,"max_hp_loss":0,"event_name":"Transmorgrifier","floor":22,"gold_loss":0,"cards_obtained":["Steam Power"]},{"damage_healed":0,"gold_gain":0,"player_choice":"Embrace Madness","damage_taken":13,"max_hp_gain":0,"max_hp_loss":0,"event_name":"Winding Halls","floor":36,"gold_loss":0,"cards_obtained":["Madness","Madness"]},{"damage_healed":0,"gold_gain":0,"player_choice":"Fight","damage_taken":0,"max_hp_gain":0,"max_hp_loss":0,"event_name":"MindBloom","floor":39,"gold_loss":0},{"damage_healed":0,"gold_gain":0,"player_choice":"Fight","damage_taken":0,"max_hp_gain":0,"max_hp_loss":0,"event_name":"Mysterious Sphere","floor":47,"gold_loss":0}],"is_beta":false,"boss_relics":[{"not_picked":["Fusion Hammer","Calling Bell"],"picked":"Pandora\u0027s Box"},{"not_picked":["Philosopher\u0027s Stone","Snecko Eye"],"picked":"Coffee Dripper"}],"items_purged_floors":[],"is_endless":false,"potions_floor_spawned":[3,11,12,16,18,27,28,30,31,37,39,41,44],"ascension_level":20}}