{"host":"19r1ww88x2tc73i0","time":1611121820,"event":{"mods":["BaseMod","BetterRewards","Colored Map","Minty Spire (QoL Compilation)","Relic Stats","StSLib","SuperFastMode","slay the spire mod where everything is the same but ironclad has a cowboy hat"],"gold_per_floor":[23,23,23,35,51,51,64,64,64,64,64,64],"floor_reached":11,"language":"ENG","playtime":497,"items_purged":[],"score":126,"play_id":"631f9dd1-8bbb-4bc3-91de-ec7241bc1b0c","local_time":"25640120125020","is_ascension_mode":true,"campfire_choices":[{"data":"Genetic Algorithm","floor":6,"key":"SMITH"},{"data":"Defragment","floor":8,"key":"SMITH"},{"data":"Consume","floor":10,"key":"SMITH"}],"circlet_count":0,"master_deck":["AscendersBane","Strike_B","Strike_B","Strike_B","Defend_B","Defend_B","Defend_B","Defend_B","Zap","Dualcast","Genetic Algorithm+1","Gash","Consume+1","Defragment+1"],"relics":["Cracked Core","Anchor","Dead Branch","Pocketwatch","Pear"],"acts_visited":["Exordium"],"potions_floor_usage":[11,11],"damage_taken":[{"damage":0,"enemies":"2 Louse","floor":1,"turns":2},{"damage":2,"enemies":"Jaw Worm","floor":4,"turns":4},{"damage":1,"enemies":"Cultist","floor":5,"turns":3},{"damage":2,"enemies":"Looter","floor":7,"turns":3},{"damage":6,"enemies":"Gremlin Nob","floor":11,"turns":3}],"seed_played":"8693557484913767511","potions_obtained":[{"floor":1,"key":"Weak Potion"},{"floor":4,"key":"PowerPotion"}],"is_trial":false,"path_per_floor":["M","?","$","M","M","R","M","R","T","R","E"],"character_chosen":"DEFECT","items_purchased":["Anchor","Dead Branch","Genetic Algorithm"],"campfire_rested":0,"item_purchase_floors":[0,0,0],"current_hp_per_floor":[32,25,25,23,22,22,20,20,30,30,24,24],"gold":64,"neow_bonus":"","is_daily":false,"chose_seed":false,"campfire_upgraded":3,"win_rate":0.0,"timestamp":1611121820,"path_taken":["M","?","$","M","M","R","M","R","T","R","E"],"items_purchased_type":["Relic","Relic","Card"],"build_version":"2020-12-22","purchased_purges":0,"victory":false,"max_hp_per_floor":[71,71,71,71,71,71,71,71,81,81,81,81],"relic_stats":{"counters":[15,85],"Dead Branch":[8],"obtain_stats":[{"Anchor":0,"HornCleat":9,"Inserter":17,"Pear":9,"Singing Bowl":0,"Shuriken":0,"Dead Branch":0,"Odd Mushroom":14,"Cracked Core":0,"PrismaticShard":21,"Pocketwatch":0},{"Anchor":10,"HornCleat":4,"Inserter":7,"Pear":14,"Singing Bowl":0,"Shuriken":0,"Dead Branch":10,"Odd Mushroom":6,"Cracked Core":0,"PrismaticShard":9,"Pocketwatch":10},{"Anchor":70,"HornCleat":18,"Inserter":43,"Pear":82,"Singing Bowl":0,"Shuriken":0,"Dead Branch":70,"Odd Mushroom":29,"Cracked Core":0,"PrismaticShard":62,"Pocketwatch":70}],"Pocketwatch":[21]},"card_choices":[{"not_picked":["Barrage","Streamline"],"picked":"Gash","floor":1},{"not_picked":["Stack","Force Field"],"picked":"Consume","floor":4},{"not_picked":["Go for the Eyes","Darkness"],"picked":"Defragment","floor":5},{"not_picked":["Turbo","Barrage","Heatsinks"],"picked":"SKIP","floor":7}],"player_experience":917476,"relics_obtained":[{"floor":9,"key":"Pear"}],"event_choices":[{"cards_removed":["Strike_B"],"damage_healed":0,"gold_gain":0,"player_choice":"Card Removal","damage_taken":7,"max_hp_gain":0,"max_hp_loss":0,"event_name":"Golden Wing","floor":2,"gold_loss":0}],"is_beta":false,"boss_relics":[],"items_purged_floors":[],"is_endless":false,"potions_floor_spawned":[1,4],"killed_by":"Gremlin Nob","ascension_level":20}}