{"host":"tch6k55kfxnw5l94","time":1611176988,"event":{"mods":["BaseMod","Downfall","Hermit","Luminous","Minty Spire (QoL Compilation)","StSLib","The Caster"],"gold_per_floor":[99,115,10012,10024,10034,10065,10092,8924,8924,8936,8956,8976,8776,8806,8818,8919,8919,8919,8936,8936,8936,8955,8987,9011,9011,8421,7848,7864,7899,7899,7910,7924,8019,8019,8019,8039,8057,8073,7740,7768,7768,7782,7682,7700,7710,7722,7748,7765,7778,7778,7778,7805,7323,7323,7323,7323],"floor_reached":57,"language":"ENG","playtime":4454,"items_purged":["bronze:Strike","bronze:Strike","bronze:BuggyMess","bronze:Strike","downfall:Malfunctioning"],"score":1489,"play_id":"308029b2-6ae4-40d2-ac93-36f0f7d4dca8","local_time":"20210120160948","is_ascension_mode":true,"campfire_choices":[{"floor":1,"key":"RECALL"},{"floor":13,"key":"REST"},{"data":"bronze:SpaghettiCode","floor":18,"key":"SMITH"},{"data":"bronze:GetLatest","floor":30,"key":"SMITH"},{"data":"bronze:Terminator","floor":35,"key":"SMITH"},{"data":"expansioncontent:DashGenerateEvil","floor":43,"key":"SMITH"},{"data":"bronze:BurnOut","floor":54,"key":"SMITH"}],"circlet_count":0,"master_deck":["bronze:Strike+1","bronze:Defend","bronze:Defend","bronze:Defend","bronze:Defend","bronze:Replicate","bronze:Goto+1","Trip","bronze:Return+1","bronze:Iterate","bronze:GetLatest+1","bronze:WhirlingStrike","bronze:Frontload","bronze:MaxOutput+1","bronze:Flail","bronze:Separator","expansioncontent:DashGenerateEvil+1","bronze:GetLatest+1","bronze:Iterate","bronze:FunctionCard","bronze:Repulsor+1","bronze:SpaghettiCode+1","bronze:MaxOutput+1","bronze:Mutator+1","bronze:ChildClass+1","Mayhem+1","bronze:InfiniteBeams+1","bronze:Repulsor+1","bronze:BuggyMess+1","bronze:BronzeArmor+1","bronze:ForceShield","bronze:Mutator+1","bronze:CleanCode+1","bronze:Terminator+1","bronze:AlphaBuild","bronze:Repair","bronze:ClassDefault+1","bronze:Turbo+1","bronze:MaxOutput+1","bronze:Assembly","bronze:FineTuning+1","bronze:BurnOut+1","bronze:FineTuning"],"relics":["bronze:BronzeCore","Juzu Bracelet","Orichalcum","bronze:DonusWashers","Happy Flower","Frozen Egg 2","downfall:HeartBlessingRed","downfall:HeartBlessingGreen","Regal Pillow","sneckomod:SneckoTalon","Nilry\u0027s Codex","Tiny Chest","bronze:SilverBullet","Ancient Tea Set","HornCleat","Orrery","Membership Card","hexamod:BolsterEngine","Dead Branch","Shuriken","bronze:MakeshiftBattery","Chemical X","Nunchaku","Blood Vial","Smiling Mask","downfall:HeartBlessingBlue","Vajra","Bottled Flame","Strange Spoon","Gremlin Horn","Anchor"],"acts_visited":["Exordium","TheCity","TheBeyond","TheEnding"],"potions_floor_usage":[6,6,12,16,16,16,33,36,40,44,45,50,55,56],"damage_taken":[{"damage":1,"enemies":"Cultist","floor":2,"turns":3},{"damage":9,"enemies":"Jaw Worm","floor":3,"turns":3},{"damage":5,"enemies":"Small Slimes","floor":4,"turns":3},{"damage":9,"enemies":"Red Slaver","floor":5,"turns":3},{"damage":27,"enemies":"Lagavulin","floor":6,"turns":5},{"damage":0,"enemies":"downfall:FleeingMerchant","floor":8,"turns":4},{"damage":0,"enemies":"Exordium Wildlife","floor":10,"turns":1},{"damage":0,"enemies":"3 Louse","floor":11,"turns":2},{"damage":0,"enemies":"Blue Slaver","floor":12,"turns":2},{"damage":4,"enemies":"3 Sentries","floor":14,"turns":2},{"damage":0,"enemies":"2 Fungi Beasts","floor":15,"turns":1},{"damage":30,"enemies":"SI_SHIV_ARCHETYPE","floor":16,"turns":7},{"damage":6,"enemies":"Shell Parasite","floor":19,"turns":3},{"damage":5,"enemies":"Spheric Guardian","floor":22,"turns":3},{"damage":24,"enemies":"Slavers","floor":23,"turns":4},{"damage":9,"enemies":"downfall:FleeingMerchant","floor":26,"turns":4},{"damage":6,"enemies":"Cultist and Chosen","floor":28,"turns":4},{"damage":21,"enemies":"Book of Stabbing","floor":29,"turns":4},{"damage":0,"enemies":"Sentry and Sphere","floor":31,"turns":3},{"damage":18,"enemies":"Snake Plant","floor":32,"turns":3},{"damage":18,"enemies":"DF_ARCHETYPE_CLAW","floor":33,"turns":6},{"damage":6,"enemies":"3 Shapes","floor":36,"turns":1},{"damage":13,"enemies":"3 Darklings","floor":37,"turns":2},{"damage":0,"enemies":"Sphere and 2 Shapes","floor":38,"turns":2},{"damage":7,"enemies":"Giant Head","floor":40,"turns":5},{"damage":41,"enemies":"4 Shapes","floor":42,"turns":3},{"damage":9,"enemies":"Writhing Mass","floor":44,"turns":4},{"damage":4,"enemies":"Transient","floor":45,"turns":5},{"damage":19,"enemies":"4 Shapes","floor":46,"turns":3},{"damage":1,"enemies":"Nemesis","floor":47,"turns":3},{"damage":7,"enemies":"Sphere and 2 Shapes","floor":48,"turns":2},{"damage":4,"enemies":"Writhing Mass","floor":49,"turns":5},{"damage":2,"enemies":"IC_BLOCK_ARCHETYPE","floor":50,"turns":5},{"damage":37,"enemies":"downfall:CharBossMerchant","floor":52,"turns":5},{"damage":4,"enemies":"downfall:NeowBoss","floor":55,"turns":8},{"damage":156,"enemies":"downfall:NeowBossFinal","floor":56,"turns":7}],"seed_played":"6884905954826310797","potions_obtained":[{"floor":2,"key":"champ:CounterPotion"},{"floor":5,"key":"Weak Potion"},{"floor":10,"key":"Weak Potion"},{"floor":15,"key":"Block Potion"},{"floor":31,"key":"bronze:CleanCodePotion"},{"floor":33,"key":"SkillPotion"},{"floor":37,"key":"FearPotion"},{"floor":40,"key":"SkillPotion"},{"floor":44,"key":"LiquidMemories"},{"floor":48,"key":"BlessingOfTheForge"},{"floor":52,"key":"Block Potion"}],"is_trial":false,"path_per_floor":["R","M","M","M","M","E","T","$","?","M","M","M","R","E","M","B",null,"R","M","?","?","M","E","T","?","$","$","M","E","R","M","M","B",null,"R","M","M","M","$","E","T","M","R","M","M","M","E","M","M","B",null,"E","$","R","B","B",null],"character_chosen":"THE_AUTOMATON","items_purchased":["bronze:DonusWashers","Happy Flower","Frozen Egg 2","bronze:MaxOutput+1","bronze:Flail","bronze:Separator","expansioncontent:DashGenerateEvil","Block Potion","Dexterity Potion","bronze:GetLatest","Ancient Tea Set","HornCleat","Mayhem+1","bronze:InfiniteBeams+1","Orrery","Membership Card","hexamod:BolsterEngine","Dead Branch","bronze:FreeFunctionsPotion","Dexterity Potion","FairyPotion","bronze:Mutator+1","Chemical X","Nunchaku","Blood Vial","PowerPotion","Strange Spoon","Gremlin Horn","Anchor","DuplicationPotion","SkillPotion","bronze:BurnOut","bronze:FineTuning"],"campfire_rested":1,"item_purchase_floors":[8,8,8,8,8,8,8,8,8,8,26,26,26,26,26,27,27,27,27,27,27,27,39,39,39,39,53,53,53,53,53,53,53],"current_hp_per_floor":[70,69,60,55,46,19,19,19,19,19,19,19,40,70,70,40,70,70,64,48,48,43,70,70,70,61,61,55,34,70,70,52,67,70,70,64,51,58,58,60,60,64,74,74,76,69,77,72,80,78,80,73,73,73,76,56],"gold":7323,"neow_bonus":"RANDOM_COLORLESS","is_daily":false,"chose_seed":false,"campfire_upgraded":5,"win_rate":0.0,"timestamp":1611176988,"path_taken":["R","M","M","M","M","E","T","$","?","M","M","M","R","E","M","BOSS","R","M","?","?","M","E","T","?","?","$","M","E","R","M","M","BOSS","R","M","M","M","$","E","T","M","R","M","M","M","E","M","M","BOSS","E","$","R","BOSS","BOSS"],"items_purchased_type":["Relic","Relic","Relic","Card","Card","Card","Card","Potion","Potion","Card","Relic","Relic","Card","Card","Relic","Relic","Relic","Relic","Potion","Potion","Potion","Card","Relic","Relic","Relic","Potion","Relic","Relic","Relic","Potion","Potion","Card","Card"],"build_version":"2020-12-22","purchased_purges":5,"victory":true,"max_hp_per_floor":[70,70,70,70,70,70,70,70,70,70,70,70,70,70,70,70,70,70,70,70,70,70,70,70,70,70,70,70,70,70,70,70,70,70,70,70,70,70,70,70,70,70,80,80,80,80,80,80,80,80,80,80,80,80,80,80],"card_choices":[{"not_picked":["Blind","Jack Of All Trades"],"picked":"Trip","floor":0},{"not_picked":["bronze:Deprecate","bronze:NullPointer"],"picked":"bronze:Return","floor":2},{"not_picked":["bronze:Overheat","bronze:FineTuning"],"picked":"bronze:Iterate","floor":3},{"not_picked":["bronze:BitShift","bronze:BugBarrage"],"picked":"bronze:GetLatest","floor":4},{"not_picked":["bronze:Frontload","bronze:DelayedGuard"],"picked":"bronze:WhirlingStrike","floor":5},{"not_picked":["bronze:WildBeam","bronze:Deprecate"],"picked":"bronze:Frontload","floor":6},{"not_picked":["bronze:DelayedSlice","bronze:WhirlingStrike","bronze:Backtrace"],"picked":"SKIP","floor":8},{"not_picked":["bronze:Frontload","bronze:Separator"],"picked":"bronze:Hardcode+1","floor":10},{"not_picked":["bronze:BugBarrage","bronze:Overheat"],"picked":"bronze:Iterate","floor":11},{"not_picked":["bronze:Overload","bronze:DelayedGuard"],"picked":"bronze:Repulsor+1","floor":12},{"not_picked":["bronze:Virus","bronze:Shield"],"picked":"bronze:BuggyMess","floor":14},{"not_picked":["bronze:Shield","bronze:OilSpill","bronze:Overload"],"picked":"SKIP","floor":15},{"not_picked":["bronze:Assembly","bronze:BurnOut"],"picked":"bronze:SpaghettiCode","floor":16},{"not_picked":["bronze:Iterate","bronze:BuggyMess","bronze:Overload"],"picked":"SKIP","floor":19},{"not_picked":["bronze:Invalidate","bronze:OilSpill"],"picked":"bronze:MaxOutput+1","floor":22},{"not_picked":["bronze:BugBarrage","bronze:DelayedSlice"],"picked":"bronze:Mutator+1","floor":23},{"not_picked":["bronze:Constructor+1","bronze:FineTuning"],"picked":"bronze:ChildClass+1","floor":26},{"not_picked":["bronze:Branch","bronze:Overload"],"picked":"bronze:Repulsor+1","floor":26},{"not_picked":["bronze:Return","bronze:Refactor"],"picked":"bronze:BuggyMess+1","floor":26},{"not_picked":["bronze:FollowUp","bronze:DelayedGuard"],"picked":"bronze:BronzeArmor+1","floor":26},{"not_picked":["bronze:OilSpill+1","bronze:ChosenStrike"],"picked":"bronze:ForceShield","floor":26},{"not_picked":["bronze:WildBeam","bronze:BitShift+1","bronze:Shield"],"picked":"SKIP","floor":28},{"not_picked":["bronze:WhirlingStrike+1","bronze:BronzeOrb"],"picked":"bronze:CleanCode+1","floor":29},{"not_picked":["bronze:BugBarrage","bronze:BitShift"],"picked":"bronze:Terminator","floor":31},{"not_picked":["bronze:Frontload","bronze:BronzeOrb","bronze:BuggyMess"],"picked":"SKIP","floor":32},{"not_picked":["bronze:SpaghettiCode","bronze:InfiniteLoop"],"picked":"bronze:AlphaBuild","floor":33},{"not_picked":["bronze:Refactor+1","bronze:OilSpill+1","bronze:WildBeam+1"],"picked":"SKIP","floor":36},{"not_picked":["bronze:Turbo","bronze:Deprecate"],"picked":"bronze:Repair","floor":37},{"not_picked":["bronze:Invalidate+1","bronze:Deprecate","bronze:Shell"],"picked":"SKIP","floor":38},{"not_picked":["bronze:Frontload+1","bronze:DelayedGuard","bronze:Overheat"],"picked":"SKIP","floor":40},{"not_picked":["bronze:BugBarrage","bronze:Break"],"picked":"bronze:ClassDefault+1","floor":42},{"not_picked":["bronze:WildBeam","bronze:Overheat"],"picked":"bronze:Turbo+1","floor":44},{"not_picked":["bronze:BronzeOrb","bronze:Backtrace+1"],"picked":"bronze:MaxOutput+1","floor":45},{"not_picked":["bronze:BuggyMess","bronze:DelayedGuard","bronze:Shell"],"picked":"SKIP","floor":46},{"not_picked":["bronze:DarkDash","bronze:ChosenStrike"],"picked":"bronze:Assembly","floor":47},{"not_picked":["bronze:BitShift+1","bronze:Turbo","bronze:Overload"],"picked":"SKIP","floor":48},{"not_picked":["bronze:Shell","bronze:WildBeam","bronze:DelayedGuard"],"picked":"SKIP","floor":49},{"not_picked":["bronze:BuggyMess","bronze:Separator+1"],"picked":"bronze:FineTuning+1","floor":52}],"player_experience":276573,"relics_obtained":[{"floor":6,"key":"Juzu Bracelet"},{"floor":7,"key":"Orichalcum"},{"floor":14,"key":"Regal Pillow"},{"floor":20,"key":"Nilry\u0027s Codex"},{"floor":23,"key":"Tiny Chest"},{"floor":24,"key":"bronze:SilverBullet"},{"floor":29,"key":"Shuriken"},{"floor":40,"key":"Smiling Mask"},{"floor":47,"key":"Vajra"},{"floor":52,"key":"Bottled Flame"}],"event_choices":[{"damage_healed":0,"gold_gain":0,"player_choice":"Leave","damage_taken":0,"max_hp_gain":0,"max_hp_loss":0,"event_name":"FaceTrader","floor":25,"gold_loss":0}],"is_beta":false,"boss_relics":[{"not_picked":["Calling Bell","Empty Cage"],"picked":"sneckomod:SneckoTalon"},{"not_picked":["SlaversCollar","Astrolabe"],"picked":"bronze:MakeshiftBattery"}],"items_purged_floors":[8,26,27,39,53],"is_endless":false,"potions_floor_spawned":[2,5,10,15,28,31,32,33,37,40,42,44,48,52],"ascension_level":4}}