{"host":"q9718omregw4er46","time":1611165081,"event":{"mods":["BaseMod","Bestiary","Colored Powertips","Minty Spire (QoL Compilation)","Quick Restart","Relic Stats"],"gold_per_floor":[119,133,208,221,16,16,16,16,98,131,147,161,192,212,212,283,283,301,301,321,321,321,321],"floor_reached":22,"language":"ENG","playtime":741,"items_purged":["Strike_B"],"score":592,"play_id":"8cad941d-a4be-4683-a624-ed2390b242ff","local_time":"20210120225121","is_ascension_mode":true,"campfire_choices":[{"data":"Go for the Eyes","floor":6,"key":"SMITH"},{"floor":8,"key":"REST"},{"data":"Sunder","floor":15,"key":"SMITH"}],"circlet_count":0,"master_deck":["AscendersBane","Strike_B","Strike_B","Strike_B","Defend_B","Defend_B+1","Defend_B","Defend_B","Zap","Dualcast","Cold Snap+1","Go for the Eyes+1","Genetic Algorithm","Cold Snap","Sunder+1","Steam","Buffer","Heatsinks","Ghostly","Ghostly","Ghostly"],"relics":["Cracked Core","Anchor","Pantograph","Blue Candle","Unceasing Top","Cursed Key"],"acts_visited":["Exordium","TheCity"],"potions_floor_usage":[13,16],"damage_taken":[{"damage":0,"enemies":"Jaw Worm","floor":1,"turns":3},{"damage":0,"enemies":"2 Louse","floor":2,"turns":3},{"damage":0,"enemies":"Cultist","floor":4,"turns":4},{"damage":9,"enemies":"Lagavulin","floor":10,"turns":8},{"damage":1,"enemies":"Looter","floor":11,"turns":2},{"damage":6,"enemies":"2 Fungi Beasts","floor":12,"turns":4},{"damage":16,"enemies":"3 Sentries","floor":13,"turns":6},{"damage":0,"enemies":"Red Slaver","floor":14,"turns":2},{"damage":24,"enemies":"The Guardian","floor":16,"turns":15},{"damage":15,"enemies":"Spheric Guardian","floor":18,"turns":4},{"damage":21,"enemies":"Chosen","floor":20,"turns":7},{"damage":0,"enemies":"Centurion and Healer","floor":22,"turns":2}],"seed_played":"-8284966474704536115","potions_obtained":[{"floor":11,"key":"FearPotion"},{"floor":12,"key":"Dexterity Potion"},{"floor":14,"key":"ColorlessPotion"},{"floor":18,"key":"LiquidMemories"}],"is_trial":false,"path_per_floor":["M","M","?","M","$","R","?","R","T","E","M","M","E","M","R","B",null,"M","?","M","?","M"],"character_chosen":"DEFECT","items_purchased":["Genetic Algorithm","Cold Snap"],"campfire_rested":1,"item_purchase_floors":[5,5],"current_hp_per_floor":[64,64,53,53,53,53,32,53,53,44,43,37,21,21,21,22,59,44,44,23,23,23,23],"gold":321,"neow_bonus":"RANDOM_COMMON_RELIC","is_daily":false,"chose_seed":false,"campfire_upgraded":2,"win_rate":0.0,"timestamp":1611165081,"path_taken":["M","M","?","M","$","R","?","R","T","E","M","M","E","M","R","BOSS","M","?","?","?","M"],"items_purchased_type":["Card","Card"],"build_version":"2020-12-22","purchased_purges":1,"victory":false,"max_hp_per_floor":[71,71,71,71,71,71,71,71,71,71,71,71,71,71,71,71,71,71,71,71,35,35,35],"relic_stats":{"counters":[12,59],"Pantograph":25,"Blue Candle":[0],"Cursed Key":0,"obtain_stats":[{"Anchor":0,"Pantograph":9,"Blue Candle":10,"Cracked Core":0,"Cursed Key":17,"Unceasing Top":13},{"Anchor":0,"Pantograph":3,"Blue Candle":4,"Cracked Core":0,"Cursed Key":9,"Unceasing Top":7},{"Anchor":0,"Pantograph":10,"Blue Candle":18,"Cracked Core":0,"Cursed Key":47,"Unceasing Top":30}],"Unceasing Top":[2]},"card_choices":[{"not_picked":["Steam","Recycle"],"picked":"Cold Snap","floor":1},{"not_picked":["Skim","Blizzard","Leap"],"picked":"SKIP","floor":2},{"not_picked":["Undo","Scrape"],"picked":"Go for the Eyes","floor":4},{"not_picked":["Hologram","Sweeping Beam"],"picked":"Sunder","floor":10},{"not_picked":["Turbo","Fusion","Stack"],"picked":"SKIP","floor":11},{"not_picked":["Aggregate","Rip and Tear","Beam Cell"],"picked":"SKIP","floor":12},{"not_picked":["Turbo","Chaos","Darkness"],"picked":"SKIP","floor":13},{"not_picked":["Rip and Tear","Steam Power"],"picked":"Steam","floor":14},{"not_picked":["Seek","Rainbow"],"picked":"Buffer","floor":16},{"not_picked":["Streamline","Fusion","Hologram"],"picked":"SKIP","floor":18},{"not_picked":["Cold Snap","Redo","Streamline"],"picked":"SKIP","floor":20}],"player_experience":1238506,"relics_obtained":[{"floor":9,"key":"Pantograph"},{"floor":10,"key":"Blue Candle"},{"floor":13,"key":"Unceasing Top"}],"event_choices":[{"damage_healed":0,"gold_gain":75,"player_choice":"Gather Gold","damage_taken":11,"max_hp_gain":0,"max_hp_loss":0,"event_name":"World of Goop","floor":3,"gold_loss":0},{"damage_healed":0,"gold_gain":0,"player_choice":"Entered Light","damage_taken":21,"max_hp_gain":0,"max_hp_loss":0,"event_name":"Shining Light","floor":7,"gold_loss":0,"cards_upgraded":["Defend_B","Cold Snap"]},{"damage_healed":0,"gold_gain":0,"player_choice":"1 cards matched","damage_taken":0,"max_hp_gain":0,"max_hp_loss":0,"event_name":"Match and Keep!","floor":19,"gold_loss":0,"cards_obtained":["Heatsinks"]},{"damage_healed":0,"gold_gain":0,"player_choice":"Became a Ghost","damage_taken":0,"max_hp_gain":0,"max_hp_loss":36,"event_name":"Ghosts","floor":21,"gold_loss":0,"cards_obtained":["Ghostly","Ghostly","Ghostly"]}],"is_beta":false,"boss_relics":[{"not_picked":["Busted Crown","Philosopher\u0027s Stone"],"picked":"Cursed Key"}],"items_purged_floors":[5],"is_endless":false,"potions_floor_spawned":[11,12,14,18],"killed_by":"Centurion and Healer","ascension_level":20}}