{"host":"gzsdmyo07u314vug","time":1611113740,"event":{"mods":["2.2 Compatiblity","Bard","BaseMod","Colored Powertips","GifTheSpireLib","Hermit","Jorbs\u0027s Wanderer Trilogy","Minty Spire (QoL Compilation)","Quick Restart","Rare Cards Sparkle","Relic Stats","Replay The Spire","Robot Space Explorer","Shop Mod","StSLib","The Bug Knight","The Construct","The Elementalist","The Hierophant","The IronCluck","The Marked","The Necromancer","The Runesmith","The Servant 0.9.4","Unceasing Turn Reminder","everything is the same but u backflip on backflip","slay the spire mod where everything is the same but ironclad has a cowboy hat","vexMod"],"gold_per_floor":[116,126,29,41,41,60,60,74,74,92,92,92,104,123,123,123,123],"floor_reached":16,"language":"ENG","playtime":853,"items_purged":[],"score":144,"play_id":"4c2fd752-f4c5-4d70-8b20-65e92136d943","local_time":"20210120003540","is_ascension_mode":true,"campfire_choices":[{"data":"Armaments","floor":7,"key":"SMITH"},{"data":"True Grit","floor":12,"key":"SMITH"},{"floor":15,"key":"DIG"}],"circlet_count":0,"master_deck":["AscendersBane","Strike_R","Strike_R","Strike_R","Defend_R","Defend_R","Defend_R","Bash","Twin Strike","Rupture","Cleave","True Grit+1","Armaments+1","Shrug It Off","Inflame"],"relics":["Burning Blood","vexMod:RetaliationKit"],"acts_visited":["Exordium"],"potions_floor_usage":[14,16],"damage_taken":[{"damage":1.0,"enemies":"Cultist","floor":1.0,"turns":4.0},{"damage":0,"enemies":"2 Louse","floor":2,"turns":3},{"damage":5,"enemies":"Small Slimes","floor":4,"turns":4},{"damage":11,"enemies":"Red Slaver","floor":6,"turns":3},{"damage":8,"enemies":"2 Fungi Beasts","floor":8,"turns":3},{"damage":1,"enemies":"3 Louse","floor":10,"turns":3},{"damage":0,"enemies":"Large Slime","floor":13,"turns":5},{"damage":11,"enemies":"Gremlin Gang","floor":14,"turns":4},{"damage":49,"enemies":"Hexaghost","floor":16,"turns":13}],"seed_played":"-5189881836740181659","potions_obtained":[{"floor":4,"key":"FearPotion"},{"floor":13,"key":"Adrenaline Potion"},{"floor":14,"key":"Explosive Potion"}],"is_trial":false,"path_per_floor":["M","M","$","M","?","M","R","M","T","M","?","R","M","M","R","B"],"character_chosen":"IRONCLAD","items_purchased":["Cleave","True Grit"],"campfire_rested":0,"item_purchase_floors":[3,3],"current_hp_per_floor":[56,62,62,63,56,51,51,49,49,54,46,46,52,47,47,0,0],"gold":123,"neow_bonus":"REMOVE_TWO","is_daily":false,"chose_seed":false,"campfire_upgraded":2,"win_rate":0.0,"timestamp":1611113740,"path_taken":["M","?","$","M","?","M","R","M","T","M","?","R","M","M","R","BOSS"],"items_purchased_type":["Card","Card"],"build_version":"2020-12-22","purchased_purges":0,"victory":false,"max_hp_per_floor":[80,80,80,80,80,80,80,80,80,80,80,80,80,80,80,80,80],"relic_stats":{"counters":[9,42],"obtain_stats":[{"vexMod:RetaliationKit":15,"Burning Blood":0},{"vexMod:RetaliationKit":8,"Burning Blood":0},{"vexMod:RetaliationKit":29,"Burning Blood":0}],"Burning Blood":48},"card_choices":[{"not_picked":["Perfected Strike","Pommel Strike"],"picked":"Twin Strike","floor":1.0},{"not_picked":["Iron Wave","Impervious"],"picked":"Rupture","floor":2},{"not_picked":["Wild Strike","Havoc","Second Wind"],"picked":"SKIP","floor":4},{"not_picked":["Disarm","Havoc"],"picked":"Armaments","floor":6},{"not_picked":["Iron Wave","Twin Strike","Replay:Undeath\u0027s Touch"],"picked":"SKIP","floor":8},{"not_picked":["Clothesline","Run Through","Headbutt"],"picked":"SKIP","floor":10},{"not_picked":["Pommel Strike","Sword Boomerang"],"picked":"Shrug It Off","floor":13},{"not_picked":["Reaper","Warcry"],"picked":"Inflame","floor":14}],"player_experience":713189,"relics_obtained":[{"floor":15,"key":"vexMod:RetaliationKit"}],"event_choices":[{"cards_removed":["Strike_R"],"damage_healed":0,"gold_gain":0,"player_choice":"Card Removal","damage_taken":7,"max_hp_gain":0,"max_hp_loss":0,"event_name":"Golden Wing","floor":5,"gold_loss":0},{"damage_healed":0,"gold_gain":0,"player_choice":"Damaged","damage_taken":8,"max_hp_gain":0,"max_hp_loss":0,"event_name":"Wheel of Change","floor":11,"gold_loss":0}],"is_beta":false,"boss_relics":[],"items_purged_floors":[],"is_endless":false,"potions_floor_spawned":[4,13,14],"killed_by":"Hexaghost","ascension_level":10}}