{"host":"yo9wwslrag05lh37","time":1611172214,"event":{"mods":["AchievementEnabler","BaseMod","Block Reminder","Colored Map","Colored Powertips","GifTheSpireLib","HexUI Lib","Highlight Path","Minty Spire (QoL Compilation)","Rare Cards Sparkle","Relic Stats","Replay The Spire","StSLib","everything is the same but u backflip on backflip"],"gold_per_floor":[109,109,109,127,138,138,171,171,194,194,208,241,241,254,254,254,254],"floor_reached":16,"language":"ENG","playtime":885,"items_purged":[],"score":224,"play_id":"8e7a95b2-7290-4e04-8ad0-23774c891024","local_time":"20210120205014","is_ascension_mode":true,"campfire_choices":[{"data":"Blade Dance","floor":6,"key":"SMITH"},{"floor":8,"key":"REST"},{"data":"Hidden Blade","floor":10,"key":"SMITH"}],"circlet_count":0,"master_deck":["AscendersBane","Strike_G","Strike_G","Strike_G","Strike_G","Strike_G","Defend_G+1","Defend_G","Defend_G","Defend_G","Survivor","Neutralize","Hidden Blade+1","Footwork","Blade Dance+1","PiercingWail+1","ReplayTheSpireMod:Shiv Toss","Storm of Steel","Accuracy"],"relics":["Ring of the Snake","MealTicket","Nunchaku","War Paint"],"acts_visited":["Exordium"],"potions_floor_usage":[7,13,16],"damage_taken":[{"damage":1,"enemies":"2 Louse","floor":1,"turns":3},{"damage":0,"enemies":"Cultist","floor":4,"turns":4},{"damage":2,"enemies":"Jaw Worm","floor":5,"turns":5},{"damage":36,"enemies":"Lagavulin","floor":7,"turns":7},{"damage":15,"enemies":"Lots of Slimes","floor":11,"turns":6},{"damage":25,"enemies":"Replay:BlueRogue","floor":12,"turns":7},{"damage":0,"enemies":"Large Slime","floor":13,"turns":1},{"damage":1,"enemies":"Exordium Wildlife","floor":14,"turns":3},{"damage":6,"enemies":"The Guardian","floor":16,"turns":7}],"seed_played":"-6853162239289038336","potions_obtained":[{"floor":4,"key":"SmokeBomb"},{"floor":5,"key":"PowerPotion"},{"floor":11,"key":"Ancient Potion"},{"floor":14,"key":"FearPotion"},{"floor":15,"key":"Flashbang"}],"is_trial":false,"path_per_floor":["M","?","?","M","M","R","E","R","T","R","M","E","M","M","R_BF","B"],"character_chosen":"THE_SILENT","items_purchased":[],"campfire_rested":1,"item_purchase_floors":[],"current_hp_per_floor":[64,64,64,64,62,62,26,47,47,47,32,7,7,6,6,0,0],"gold":254,"neow_bonus":"TEN_PERCENT_HP_BONUS","is_daily":false,"chose_seed":false,"campfire_upgraded":2,"win_rate":0.0,"timestamp":1611172214,"path_taken":["M","?","?","M","?","R","E","R","T","R","M","E","M","?","R_BF","BOSS"],"items_purchased_type":[],"build_version":"2020-12-22","purchased_purges":0,"victory":false,"max_hp_per_floor":[72,72,72,72,72,72,72,72,72,72,72,72,72,72,72,72,72],"relic_stats":{"Nunchaku":[7],"counters":[9,43],"MealTicket":0,"War Paint":["PiercingWail","Defend_G"],"obtain_stats":[{"Nunchaku":9,"MealTicket":7,"War Paint":12,"Ring of the Snake":0},{"Nunchaku":4,"MealTicket":4,"War Paint":6,"Ring of the Snake":0},{"Nunchaku":19,"MealTicket":19,"War Paint":32,"Ring of the Snake":0}],"Ring of the Snake":[18]},"card_choices":[{"not_picked":["Dagger Spray","Blade Dance"],"picked":"Hidden Blade","floor":1},{"not_picked":["Poisoned Stab","Backflip"],"picked":"Footwork","floor":4},{"not_picked":["Cloak And Dagger","Choke"],"picked":"Blade Dance","floor":5},{"not_picked":["Bane","Deadly Poison"],"picked":"PiercingWail","floor":7},{"not_picked":["Dagger Spray","Sucker Punch"],"picked":"ReplayTheSpireMod:Shiv Toss","floor":11},{"not_picked":["Deadly Poison","Concentrate"],"picked":"Storm of Steel","floor":12},{"not_picked":["All Out Attack","Sucker Punch"],"picked":"Accuracy","floor":14}],"player_experience":1515847,"relics_obtained":[{"floor":7,"key":"MealTicket"},{"floor":9,"key":"Nunchaku"},{"floor":12,"key":"War Paint"}],"event_choices":[{"damage_healed":0,"gold_gain":0,"player_choice":"Ignored","damage_taken":0,"max_hp_gain":0,"max_hp_loss":0,"event_name":"Liars Game","floor":2,"gold_loss":0},{"cards_removed":["Defend_G"],"damage_healed":0,"gold_gain":0,"player_choice":"Offered Basic","damage_taken":0,"max_hp_gain":0,"max_hp_loss":0,"event_name":"Bonfire Elementals","floor":3,"gold_loss":0}],"is_beta":false,"boss_relics":[],"items_purged_floors":[],"is_endless":false,"potions_floor_spawned":[4,5,11,14],"killed_by":"The Guardian","ascension_level":20}}