{"host":"9hmnsypyq1c5u7i3","time":1611112987,"event":{"mods":["BaseMod","Bestiary","Hermit","Marisa????????","Minty Spire (QoL Compilation)","Permanent Neow","Quick Restart","Relic Stats","StSLib","The Cursed","The Hierophant"],"gold_per_floor":[16,31,45,45,61,61,77,77,77,77,90,104,75,88,88,159,159,177,194,119,119,119],"floor_reached":21,"language":"ENG","playtime":1791,"items_purged":["Strike_G"],"score":354,"play_id":"49e0d082-6eb5-4615-aebe-10d41cbe180c","local_time":"20210119222307","is_ascension_mode":true,"campfire_choices":[{"floor":6.0,"key":"REST"},{"floor":10.0,"key":"REST"},{"floor":15.0,"key":"REST"}],"circlet_count":0,"master_deck":["AscendersBane","Strike_G","Strike_G","Strike_G","Strike_G","Defend_G","Defend_G","Defend_G","Defend_G","Defend_G","Survivor+1","Neutralize","Noxious Fumes+1","Bouncing Flask","Dodge and Roll","Bane","Catalyst","Catalyst","Blur","Caltrops","PiercingWail","Envenom","Dash"],"relics":["Ring of the Snake","The Specimen","FaceOfCleric","Torii","SlaversCollar"],"acts_visited":["Exordium","TheCity"],"potions_floor_usage":[21],"damage_taken":[{"damage":0.0,"enemies":"2 Louse","floor":1.0,"turns":5.0},{"damage":0.0,"enemies":"Small Slimes","floor":2.0,"turns":4.0},{"damage":5.0,"enemies":"Cultist","floor":3.0,"turns":4.0},{"damage":26.0,"enemies":"Exordium Thugs","floor":5.0,"turns":6.0},{"damage":11.0,"enemies":"Red Slaver","floor":7.0,"turns":4.0},{"damage":11.0,"enemies":"Looter","floor":11.0,"turns":3.0},{"damage":2.0,"enemies":"Gremlin Gang","floor":12.0,"turns":5.0},{"damage":2.0,"enemies":"Exordium Thugs","floor":13.0,"turns":4.0},{"damage":12.0,"enemies":"Exordium Wildlife","floor":14.0,"turns":5.0},{"damage":23.0,"enemies":"Slime Boss","floor":16.0,"turns":6.0},{"damage":26.0,"enemies":"Shell Parasite","floor":18.0,"turns":6.0},{"damage":20.0,"enemies":"Chosen","floor":19.0,"turns":6.0},{"damage":15,"enemies":"3 Cultists","floor":21,"turns":3}],"seed_played":"3664585725069415210","potions_obtained":[{"floor":1.0,"key":"SpeedPotion"},{"floor":7.0,"key":"CunningPotion"},{"floor":11.0,"key":"Weak Potion"},{"floor":13.0,"key":"Energy Potion"},{"floor":14.0,"key":"Energy Potion"},{"floor":19.0,"key":"Poison Potion"}],"is_trial":false,"path_per_floor":["M","M","M","?","M","R","M","?","T","R","M","M","M","M","R","B",null,"M","M","$","M"],"character_chosen":"THE_SILENT","items_purchased":[],"campfire_rested":3,"item_purchase_floors":[],"current_hp_per_floor":[59,59,54,34,8,27,16,16,16,35,25,24,23,12,33,11,56,31,12,12,0,0],"gold":119,"neow_bonus":"ONE_RARE_RELIC","is_daily":false,"chose_seed":false,"campfire_upgraded":0,"win_rate":0.0,"timestamp":1611112987,"path_taken":["M","M","M","?","M","R","M","?","T","R","M","M","?","M","R","BOSS","M","M","$","M"],"items_purchased_type":[],"build_version":"2020-12-22","purchased_purges":1,"victory":false,"max_hp_per_floor":[66,66,66,66,66,66,66,66,66,66,67,68,69,70,70,71,71,72,73,73,73,73],"relic_stats":{"FaceOfCleric":7,"Torii":29,"counters":[13,61],"obtain_stats":[{"SlaversCollar":17,"The Specimen":0,"FaceOfCleric":8,"Torii":9,"Ring of the Snake":0},{"SlaversCollar":10,"The Specimen":0,"FaceOfCleric":5,"Torii":5,"Ring of the Snake":0},{"SlaversCollar":46,"The Specimen":0,"FaceOfCleric":23,"Torii":23,"Ring of the Snake":0}],"Ring of the Snake":[26]},"card_choices":[{"not_picked":["Dodge and Roll","Dagger Spray"],"picked":"Noxious Fumes","floor":1.0},{"not_picked":["Acrobatics","Riddle With Holes"],"picked":"Bouncing Flask","floor":2.0},{"not_picked":["Blade Dance","Setup"],"picked":"Dodge and Roll","floor":3.0},{"not_picked":["Endless Agony","Tactician"],"picked":"Bane","floor":5.0},{"not_picked":["After Image","Underhanded Strike"],"picked":"Catalyst","floor":7.0},{"not_picked":["Acrobatics","Terror"],"picked":"Catalyst","floor":11.0},{"not_picked":["Cloak And Dagger","Predator"],"picked":"Blur","floor":12.0},{"not_picked":["Sucker Punch","Reflex"],"picked":"Caltrops","floor":13.0},{"not_picked":["Prepared","Quick Slash"],"picked":"PiercingWail","floor":14.0},{"not_picked":["Phantasmal Killer","Bullet Time"],"picked":"Envenom","floor":16.0},{"not_picked":["Blade Dance","Sucker Punch+1"],"picked":"Dash","floor":18.0},{"not_picked":["Cloak And Dagger","Deadly Poison","Quick Slash"],"picked":"SKIP","floor":19.0}],"player_experience":898408,"relics_obtained":[{"floor":9.0,"key":"Torii"}],"event_choices":[{"damage_healed":0.0,"max_hp_gain":0.0,"max_hp_loss":0.0,"gold_gain":0.0,"event_name":"Shining Light","player_choice":"Entered Light","floor":4.0,"gold_loss":0.0,"damage_taken":20.0,"cards_upgraded":["Survivor","Noxious Fumes"]},{"damage_healed":0.0,"max_hp_gain":0.0,"max_hp_loss":0.0,"gold_gain":0.0,"event_name":"FaceTrader","player_choice":"Trade","floor":8.0,"gold_loss":0.0,"damage_taken":0.0,"relics_obtained":["FaceOfCleric"]}],"is_beta":false,"boss_relics":[{"not_picked":["WristBlade","HoveringKite"],"picked":"SlaversCollar"}],"items_purged_floors":[20],"is_endless":false,"potions_floor_spawned":[1,7,11,13,14,19],"killed_by":"3 Cultists","ascension_level":20}}