{"host":"981nlwu0905dw1bz","time":1611162258,"event":{"mods":["AchievementEnabler","BaseMod","DeckTracker","Minty Spire (QoL Compilation)","Rare Cards Sparkle","SuperFastMode"],"gold_per_floor":[111,23,35,53,53,53,88,107,107,12,12,28,28,40,40,135,135,153,68,68,82,99,99,99],"floor_reached":23,"language":"KOR","playtime":714,"items_purged":[],"score":299,"play_id":"a3d63186-05fb-4fdd-bae4-33cdf455ebc5","local_time":"20210121020418","is_ascension_mode":true,"campfire_choices":[{"data":"Dagger Throw","floor":6.0,"key":"SMITH"},{"floor":11.0,"key":"REST"},{"data":"1","floor":13.0,"key":"LIFT"},{"data":"Dagger Spray","floor":15.0,"key":"SMITH"}],"circlet_count":0,"master_deck":["AscendersBane","Strike_G","Strike_G","Strike_G","Strike_G","Strike_G","Defend_G","Defend_G","Defend_G","Defend_G","Defend_G","Survivor","Neutralize","Panacea","Dagger Throw+1","Backflip","PiercingWail","Envenom","Bandage Up","Dagger Spray+1","Bouncing Flask","Noxious Fumes+1"],"relics":["Ring of the Snake","The Specimen","Thread and Needle","Girya","Runic Pyramid","Calipers"],"acts_visited":["Exordium","TheCity"],"potions_floor_usage":[18,22],"damage_taken":[{"damage":2.0,"enemies":"2 Louse","floor":1.0,"turns":3.0},{"damage":0.0,"enemies":"Cultist","floor":3.0,"turns":4.0},{"damage":7.0,"enemies":"Jaw Worm","floor":4.0,"turns":5.0},{"damage":32.0,"enemies":"Gremlin Nob","floor":7.0,"turns":5.0},{"damage":4.0,"enemies":"Gremlin Gang","floor":8.0,"turns":5.0},{"damage":3.0,"enemies":"Blue Slaver","floor":12.0,"turns":4.0},{"damage":4.0,"enemies":"3 Louse","floor":14.0,"turns":4.0},{"damage":45.0,"enemies":"Hexaghost","floor":16.0,"turns":11.0},{"damage":10,"enemies":"Shell Parasite","floor":18,"turns":8},{"damage":16,"enemies":"Spheric Guardian","floor":21,"turns":6},{"damage":27,"enemies":"Snake Plant","floor":22,"turns":4},{"damage":0,"enemies":"Slavers","floor":23,"turns":1}],"seed_played":"3662386890223213373","potions_obtained":[{"floor":3.0,"key":"LiquidBronze"},{"floor":4.0,"key":"FairyPotion"},{"floor":5.0,"key":"Regen Potion"},{"floor":8.0,"key":"CunningPotion"},{"floor":12.0,"key":"Energy Potion"},{"floor":18,"key":"FearPotion"}],"is_trial":false,"path_per_floor":["M","?","M","M","?","R","E","M","T","$","R","M","R","M","R","B",null,"M","?","?","M","M","E"],"character_chosen":"THE_SILENT","items_purchased":["Bandage Up"],"campfire_rested":1,"item_purchase_floors":[10],"current_hp_per_floor":[61,61,61,54,54,54,36,32,32,32,53,54,54,54,54,13,56,50,50,50,38,15,15,15],"gold":99,"neow_bonus":"RANDOM_COLORLESS","is_daily":false,"chose_seed":false,"campfire_upgraded":2,"win_rate":0.0,"timestamp":1611162258,"path_taken":["M","?","?","M","?","R","E","M","T","$","R","?","R","M","R","BOSS","M","?","?","M","?","E"],"items_purchased_type":["Card"],"build_version":"2020-12-22","purchased_purges":0,"victory":false,"max_hp_per_floor":[70,70,70,70,70,70,70,70,70,70,70,70,70,70,70,70,70,70,70,70,70,70,70,70],"card_choices":[{"not_picked":["Forethought","Dark Shackles"],"picked":"Panacea","floor":0.0},{"not_picked":["Deflect","Underhanded Strike"],"picked":"Dagger Throw","floor":1.0},{"not_picked":["Sucker Punch","Dagger Throw"],"picked":"Backflip","floor":3.0},{"not_picked":["Eviscerate","Cloak And Dagger","Endless Agony"],"picked":"SKIP","floor":4.0},{"not_picked":["Infinite Blades","Distraction"],"picked":"PiercingWail","floor":7.0},{"not_picked":["Flying Knee","Skewer"],"picked":"Envenom","floor":8.0},{"not_picked":["Dash","Predator","PiercingWail"],"picked":"SKIP","floor":12.0},{"not_picked":["Predator","Well Laid Plans"],"picked":"Dagger Spray","floor":14.0},{"not_picked":["Backflip","Sucker Punch"],"picked":"Bouncing Flask","floor":18},{"not_picked":["Dagger Throw+1","Sucker Punch"],"picked":"Noxious Fumes+1","floor":21},{"not_picked":["Acrobatics+1","Underhanded Strike","Quick Slash+1"],"picked":"SKIP","floor":22}],"player_experience":551161,"relics_obtained":[{"floor":7.0,"key":"Thread and Needle"},{"floor":9.0,"key":"Girya"}],"event_choices":[{"damage_healed":0.0,"max_hp_gain":0.0,"max_hp_loss":0.0,"gold_gain":0.0,"event_name":"WeMeetAgain","player_choice":"Paid Gold","floor":2.0,"gold_loss":88.0,"damage_taken":0.0,"relics_obtained":["The Specimen"]},{"damage_healed":0.0,"max_hp_gain":0.0,"max_hp_loss":0.0,"gold_gain":0.0,"event_name":"Lab","player_choice":"Got Potions","floor":5.0,"gold_loss":0.0,"damage_taken":0.0},{"damage_healed":0,"gold_gain":0,"player_choice":"Obtained Relic","damage_taken":0,"relics_obtained":["Calipers"],"max_hp_gain":0,"max_hp_loss":0,"event_name":"Addict","floor":19,"gold_loss":85},{"damage_healed":0,"gold_gain":0,"player_choice":"Ignored","damage_taken":0,"max_hp_gain":0,"max_hp_loss":0,"event_name":"Vampires","floor":20,"gold_loss":0}],"is_beta":false,"boss_relics":[{"not_picked":["Ectoplasm","Velvet Choker"],"picked":"Runic Pyramid"}],"items_purged_floors":[],"is_endless":false,"potions_floor_spawned":[3,4,8,12,18],"killed_by":"Slavers","ascension_level":11}}