{"host":"l84l8xigz5v5foa2","time":1611152068,"event":{"mods":["2.2 Compatiblity","AchievementEnabler","BaseMod","Better Note","Better Vampires","Card Filter","Colored Map","DeckTracker","Downfall","Gremlin Skip","Highlight Path","Keyboard Shortcuts","Minty Spire (QoL Compilation)","Permanent Neow","Quick Restart","Relic Filter","Relic Stats","StSLib","SuperFastMode","Transform Curses","Unknown Chances"],"gold_per_floor":[11,61,73,73,84,84,9,26,77,77,111,124,140,150,150,224,224,237,229,229,229,23,23,40,40,87,113,140,152,152,27,27,103,103,121,77,0,0,17,17,32,32,32,32],"floor_reached":42,"language":"ENG","playtime":1350,"items_purged":["hexamod:Strike","hexamod:Strike+1","hexamod:Strike+1"],"score":900,"play_id":"4813cc79-0142-42e3-9ce3-c73d859832be","local_time":"20210120231428","is_ascension_mode":true,"campfire_choices":[{"data":"hexamod:Float","floor":6.0,"key":"SMITH"},{"data":"hexamod:SuperheatedStrike","floor":10.0,"key":"SMITH"},{"floor":15.0,"key":"REST"},{"floor":23.0,"key":"REST"},{"floor":25.0,"key":"REST"},{"floor":30,"key":"RECALL"},{"data":"hexamod:HeatMetal","floor":32,"key":"SMITH"},{"data":"hexamod:Rewind","floor":40,"key":"SMITH"}],"circlet_count":0,"master_deck":["AscendersBane","hexamod:Defend+1","hexamod:Defend+1","hexamod:Defend+1","hexamod:Float+1","hexamod:SoulSteal+1","hexamod:CatchUp+1","hexamod:GhostLash+1","hexamod:SpectersWail+1","hexamod:RainOfEmbers+1","hexamod:GhostflameInferno+1","hexamod:AdvancingGuard+1","hexamod:FourthSeal","hexamod:HauntingEcho+1","hexamod:ChargedBarrage","Necronomicurse","Finesse","hexamod:ThirdSeal","hexamod:SixthSeal","hexamod:ForkedFlame+1","hexamod:NightmareGuise+1","hexamod:HeatMetal+1","hexamod:ForkedFlame","hexamod:RecurringNightmare+1","hexamod:Rewind+1","Madness","Madness+1","hexamod:ForkedFlame","hexamod:GhostShield+1"],"relics":["hexamod:UnbrokenSoul","Bag of Preparation","Pantograph","Necronomicon","hexamod:TheBrokenSeal","Coffee Dripper","Red Mask"],"acts_visited":["TheCity","TheBeyond"],"potions_floor_usage":[28,33,33,33,39,41,42,42],"damage_taken":[{"damage":8.0,"enemies":"Cultist","floor":1.0,"turns":5.0},{"damage":8.0,"enemies":"2 Louse","floor":3.0,"turns":4.0},{"damage":2.0,"enemies":"Jaw Worm","floor":5.0,"turns":4.0},{"damage":0.0,"enemies":"Looter","floor":8.0,"turns":4.0},{"damage":12.0,"enemies":"3 Sentries","floor":11.0,"turns":5.0},{"damage":6.0,"enemies":"Exordium Thugs","floor":12.0,"turns":3.0},{"damage":0.0,"enemies":"3 Louse","floor":13.0,"turns":3.0},{"damage":0.0,"enemies":"Looter","floor":14.0,"turns":2.0},{"damage":19.0,"enemies":"Slime Boss","floor":16.0,"turns":6.0},{"damage":17.0,"enemies":"2 Thieves","floor":18.0,"turns":3.0},{"damage":27.0,"enemies":"Shell Parasite","floor":24.0,"turns":5.0},{"damage":4.0,"enemies":"3 Cultists","floor":27.0,"turns":3.0},{"damage":35,"enemies":"Centurion and Healer","floor":28,"turns":7},{"damage":20,"enemies":"Snake Plant","floor":29,"turns":4},{"damage":0,"enemies":"Automaton","floor":33,"turns":5},{"damage":0,"enemies":"Orb Walker","floor":35,"turns":3},{"damage":29,"enemies":"3 Darklings","floor":39,"turns":6},{"damage":2,"enemies":"4 Shapes","floor":41,"turns":4},{"damage":30,"enemies":"Reptomancer","floor":42,"turns":2}],"seed_played":"-3839041729289917352","potions_obtained":[{"floor":3.0,"key":"Block Potion"},{"floor":8.0,"key":"PowerPotion"},{"floor":11.0,"key":"bronze:BurnAndBuffPotion"},{"floor":14.0,"key":"SneckoOil"},{"floor":24.0,"key":"DistilledChaos"},{"floor":24.0,"key":"hexamod:InfernoChargePotion"},{"floor":24.0,"key":"Ancient Potion"},{"floor":27.0,"key":"Energy Potion"},{"floor":29,"key":"EntropicBrew"},{"floor":29,"key":"PowerPotion"},{"floor":33,"key":"AttackPotion"},{"floor":39,"key":"LiquidMemories"},{"floor":41,"key":"Block Potion"}],"is_trial":false,"path_per_floor":["M","?","M","?","M","R","$","M","T","R","E","M","M","M","R","B",null,"M","?","?","?","$","R","M","R","T","M","M","M","R","$","R","B",null,"M","$","?","?","M","R","M","E"],"character_chosen":"THE_SPIRIT","items_purchased":["Finesse","hexamod:Rewind"],"campfire_rested":3,"item_purchase_floors":[22,36],"current_hp_per_floor":[49,49,41,41,39,39,39,39,39,39,27,21,21,21,39,44,58,41,34,34,13,13,31,11,29,29,32,60,40,40,40,40,65,71,71,71,71,58,29,29,27,0,0,0],"gold":32,"neow_bonus":"THREE_RARE_CARDS","is_daily":false,"chose_seed":false,"campfire_upgraded":4,"win_rate":0.0,"timestamp":1611152068,"path_taken":["M","?","?","?","M","R","$","M","T","R","E","M","M","?","R","BOSS","M","?","?","?","?","R","M","R","T","M","M","M","R","$","R","BOSS","M","$","?","?","M","R","M","E"],"items_purchased_type":["Card","Card"],"build_version":"2020-12-22","purchased_purges":3,"victory":false,"max_hp_per_floor":[63,63,63,63,63,63,63,63,63,63,63,63,63,63,63,63,63,63,63,63,63,63,63,63,63,63,63,73,73,73,73,73,73,73,73,73,73,73,73,73,73,73,73,73],"relic_stats":{"counters":[19,78],"Pantograph":49,"Bag of Preparation":[30],"Necronomicon":[7],"obtain_stats":[{"hexamod:UnbrokenSoul":17,"Pantograph":11,"hexamod:TheBrokenSeal":28,"Bag of Preparation":9,"Necronomicon":21,"Coffee Dripper":34,"Red Mask":37,"hexamod:SpiritBrand":0},{"hexamod:UnbrokenSoul":9,"Pantograph":5,"hexamod:TheBrokenSeal":13,"Bag of Preparation":4,"Necronomicon":10,"Coffee Dripper":15,"Red Mask":16,"hexamod:SpiritBrand":0},{"hexamod:UnbrokenSoul":36,"Pantograph":22,"hexamod:TheBrokenSeal":50,"Bag of Preparation":17,"Necronomicon":39,"Coffee Dripper":63,"Red Mask":66,"hexamod:SpiritBrand":0}]},"card_choices":[{"not_picked":["hexamod:WildfireWeapon","hexamod:TimeOfNeed"],"picked":"hexamod:SixthSeal","floor":0.0},{"not_picked":["hexamod:GhostLash","hexamod:NightmareGuise"],"picked":"hexamod:SoulSteal","floor":1.0},{"not_picked":["hexamod:HeatMetal","hexamod:GhostShield"],"picked":"hexamod:SuperheatedStrike","floor":3.0},{"not_picked":["hexamod:FlamesFromBeyond","hexamod:PhantomFireball"],"picked":"hexamod:CatchUp","floor":5.0},{"not_picked":["hexamod:BacktrackSmack","hexamod:HeatShield"],"picked":"hexamod:GhostLash","floor":8.0},{"not_picked":["hexamod:Haunt","hexamod:Again"],"picked":"hexamod:SpectersWail","floor":11.0},{"not_picked":["hexamod:SpectralAdrenaline","hexamod:BacktrackSmack","hexamod:SuperheatedStrike"],"picked":"SKIP","floor":12.0},{"not_picked":["hexamod:RainOfEmbers","hexamod:Hexaguard"],"picked":"hexamod:FifthSeal","floor":13.0},{"not_picked":["hexamod:BurningTouch","hexamod:FlamesFromBeyond"],"picked":"hexamod:RainOfEmbers","floor":14.0},{"not_picked":["hexamod:ParanormalForm","hexamod:Toasty"],"picked":"hexamod:GhostflameInferno","floor":16.0},{"not_picked":["hexamod:SecondSeal","hexamod:ThirdSeal"],"picked":"hexamod:FourthSeal","floor":18.0},{"not_picked":["hexamod:BacktrackSmack","hexamod:NightmareStrike"],"picked":"hexamod:AdvancingGuard","floor":18.0},{"not_picked":["hexamod:FourthSeal","hexamod:FirstSeal"],"picked":"hexamod:ThirdSeal","floor":24.0},{"not_picked":["hexamod:HeatMetal","hexamod:SkipABeat","hexamod:SecondSeal"],"picked":"SKIP","floor":24.0},{"not_picked":["hexamod:FirstSeal","hexamod:ThirdSeal"],"picked":"hexamod:SixthSeal","floor":27.0},{"not_picked":["hexamod:SuperheatedStrike","hexamod:PhantomFireball+1","hexamod:ShieldOfDarkness"],"picked":"SKIP","floor":27.0},{"not_picked":["hexamod:GhostOfSpireFuture","hexamod:RetreatToShadows","hexamod:SuperheatedStrike"],"picked":"SKIP","floor":27.0},{"not_picked":["hexamod:BacktrackSmack","hexamod:ExtraCrispy","hexamod:NightmareGuise"],"picked":"SKIP","floor":27.0},{"not_picked":["hexamod:NightmareStrike","hexamod:RecurringNightmare"],"picked":"hexamod:ForkedFlame","floor":28},{"not_picked":["hexamod:GhostLash+1","hexamod:AdvancingGuard"],"picked":"hexamod:NightmareGuise","floor":28},{"not_picked":["hexamod:HeatCrush","hexamod:InspiringFlames"],"picked":"hexamod:HeatMetal","floor":29},{"not_picked":["hexamod:SpectersWail","hexamod:SuperheatedStrike","hexamod:SwordOfDarkness"],"picked":"SKIP","floor":29},{"not_picked":["hexamod:VolcanoVisage","hexamod:SixthSeal"],"picked":"hexamod:ForkedFlame","floor":33},{"not_picked":["hexamod:ThermalTransfer","hexamod:SwordOfDarkness"],"picked":"hexamod:RecurringNightmare+1","floor":35},{"not_picked":["hexamod:HeatMetal+1","hexamod:AdvancingGuard","hexamod:BacktrackSmack"],"picked":"SKIP","floor":35},{"not_picked":["hexamod:SwordOfDarkness","hexamod:GhostLash"],"picked":"hexamod:ForkedFlame","floor":39},{"not_picked":["hexamod:HeatMetal+1","hexamod:GhostflameBarrier"],"picked":"hexamod:GhostShield+1","floor":39},{"not_picked":["hexamod:InspiringFlames","hexamod:NightmareStrike","hexamod:FourthSeal"],"picked":"SKIP","floor":41},{"not_picked":["hexamod:SuperheatedStrike","hexamod:BurningTouch+1","hexamod:GhostLash"],"picked":"SKIP","floor":41}],"player_experience":3321805,"relics_obtained":[{"floor":9.0,"key":"Bag of Preparation"},{"floor":11.0,"key":"Pantograph"},{"floor":21.0,"key":"Necronomicon"}],"event_choices":[{"damage_healed":0.0,"max_hp_gain":0.0,"max_hp_loss":0.0,"gold_gain":50.0,"event_name":"Golden Shrine","player_choice":"Pray","floor":2.0,"gold_loss":0.0,"damage_taken":0.0},{"cards_removed":["hexamod:Sear"],"damage_healed":0.0,"max_hp_gain":0.0,"max_hp_loss":0.0,"gold_gain":0.0,"event_name":"Bonfire Elementals","player_choice":"Offered Basic","floor":4.0,"gold_loss":0.0,"damage_taken":0.0},{"damage_healed":0.0,"max_hp_gain":0.0,"max_hp_loss":0.0,"gold_gain":0.0,"cards_transformed":["hexamod:Strike","hexamod:Defend"],"event_name":"Drug Dealer","player_choice":"Became Test Subject","floor":20.0,"gold_loss":0.0,"damage_taken":0.0,"cards_obtained":["hexamod:HauntingEcho","hexamod:ChargedBarrage"]},{"damage_healed":0.0,"max_hp_gain":0.0,"max_hp_loss":0.0,"gold_gain":0.0,"event_name":"Cursed Tome","player_choice":"Obtained Book","floor":21.0,"gold_loss":0.0,"damage_taken":21.0},{"damage_healed":0,"gold_gain":0,"player_choice":"Paid","damage_taken":0,"relics_obtained":["Red Mask"],"max_hp_gain":0,"max_hp_loss":0,"event_name":"Tomb of Lord Red Mask","floor":37,"gold_loss":77},{"damage_healed":0,"gold_gain":0,"player_choice":"Embrace Madness","damage_taken":13,"max_hp_gain":0,"max_hp_loss":0,"event_name":"Winding Halls","floor":38,"gold_loss":0,"cards_obtained":["Madness","Madness"]}],"is_beta":false,"boss_relics":[{"not_picked":["Snecko Eye","SacredBark"],"picked":"hexamod:UnbrokenSoul"},{"not_picked":["Sozu","hexamod:IceCube"],"picked":"Coffee Dripper"}],"items_purged_floors":[7,22,31],"is_endless":false,"potions_floor_spawned":[3,8,11,14,24,29,33,35],"killed_by":"Reptomancer","ascension_level":20}}