{"host":"vyjryxuuuxkt43k4","time":1611105039,"event":{"mods":["AchievementEnabler","BaseMod","Colored Map","DeckTracker","Keyboard Shortcuts","Minty Spire (QoL Compilation)","Permanent Neow","Quick Restart","Rare Cards Sparkle","StSLib","SuperFastMode","everything is the same but u backflip on backflip"],"gold_per_floor":[114,130,130,145,161,196,196,209,209,209,242,242,100,116,116,212,212,230,244,88,88,88,88,88,108,161,189,189,189],"floor_reached":28,"language":"KOR","playtime":1740,"items_purged":["Strike_G"],"score":335,"play_id":"3cef7043-366f-4c58-9d8c-a5cdda810f8f","local_time":"20210120101039","is_ascension_mode":true,"campfire_choices":[{"floor":7.0,"key":"REST"},{"data":"Crippling Poison","floor":10.0,"key":"SMITH"},{"floor":12.0,"key":"REST"},{"floor":15.0,"key":"REST"},{"data":"Concentrate","floor":23.0,"key":"SMITH"}],"circlet_count":0,"master_deck":["Survivor","Neutralize","Infinite Blades","Accuracy","Dagger Throw","Crippling Poison+1","Noxious Fumes","Blur","Bouncing Flask","Blade Dance","Footwork+1","Backflip","Envenom+1","Escape Plan","Dash","Bullet Time","Phantasmal Killer","Corpse Explosion","Dagger Spray","Escape Plan","Concentrate+1","Finisher","Writhe","Dodge and Roll","PiercingWail","Blur+1"],"relics":["Ring of the Snake","White Beast Statue","Frozen Egg 2","InkBottle","Pandora\u0027s Box","Lee\u0027s Waffle","The Courier","Bag of Preparation","Tough Bandages"],"acts_visited":["Exordium","TheCity"],"potions_floor_usage":[27],"damage_taken":[{"damage":2.0,"enemies":"Jaw Worm","floor":1.0,"turns":6.0},{"damage":0.0,"enemies":"Small Slimes","floor":2.0,"turns":4.0},{"damage":0.0,"enemies":"Cultist","floor":4.0,"turns":4.0},{"damage":7.0,"enemies":"3 Louse","floor":5.0,"turns":4.0},{"damage":33.0,"enemies":"Lagavulin","floor":6.0,"turns":8.0},{"damage":7.0,"enemies":"Large Slime","floor":8.0,"turns":5.0},{"damage":29.0,"enemies":"3 Sentries","floor":11.0,"turns":5.0},{"damage":18.0,"enemies":"Exordium Thugs","floor":14.0,"turns":4.0},{"damage":16.0,"enemies":"The Guardian","floor":16.0,"turns":9.0},{"damage":17.0,"enemies":"Spheric Guardian","floor":18.0,"turns":5.0},{"damage":16.0,"enemies":"2 Thieves","floor":19.0,"turns":3.0},{"damage":51,"enemies":"Shelled Parasite and Fungi","floor":25,"turns":7},{"damage":28,"enemies":"Book of Stabbing","floor":27,"turns":6},{"damage":6,"enemies":"Snecko","floor":28,"turns":3}],"seed_played":"5121969734091434935","potions_obtained":[{"floor":2.0,"key":"Block Potion"},{"floor":8.0,"key":"Fruit Juice"},{"floor":11.0,"key":"LiquidMemories"},{"floor":14.0,"key":"Weak Potion"},{"floor":16.0,"key":"AttackPotion"},{"floor":18.0,"key":"LiquidBronze"},{"floor":19.0,"key":"DuplicationPotion"},{"floor":25,"key":"LiquidBronze"},{"floor":27,"key":"Fire Potion"}],"is_trial":false,"path_per_floor":["M","M","?","M","M","E","R","M","T","R","E","R","$","M","R","B",null,"M","M","$","?","?","R","?","M","T","E","M"],"character_chosen":"THE_SILENT","items_purchased":["Footwork+1","Lee\u0027s Waffle"],"campfire_rested":3,"item_purchase_floors":[13,20],"current_hp_per_floor":[61,61,54,54,47,14,35,33,33,33,4,26,26,8,30,14,60,43,27,82,82,82,82,82,31,31,3,0,0],"gold":189,"neow_bonus":"THREE_CARDS","is_daily":false,"chose_seed":false,"campfire_upgraded":2,"win_rate":0.0,"timestamp":1611105039,"path_taken":["M","M","?","M","M","E","R","M","T","R","E","R","$","M","R","BOSS","M","M","$","?","?","R","?","M","T","E","?"],"items_purchased_type":["Card","Relic"],"build_version":"2020-12-22","purchased_purges":1,"victory":false,"max_hp_per_floor":[70,70,70,70,70,70,70,75,75,75,75,75,75,75,75,75,75,75,75,82,82,82,82,82,82,82,82,82,82],"card_choices":[{"not_picked":["Sucker Punch","Distraction"],"picked":"Infinite Blades","floor":0.0},{"not_picked":["Blade Dance","Quick Slash"],"picked":"Accuracy","floor":1.0},{"not_picked":["Poisoned Stab","Flying Knee"],"picked":"Dagger Throw","floor":2.0},{"not_picked":["Bane","Noxious Fumes"],"picked":"Crippling Poison","floor":4.0},{"not_picked":["Dodge and Roll","Riddle With Holes"],"picked":"Noxious Fumes","floor":5.0},{"not_picked":["Accuracy","Riddle With Holes"],"picked":"Blur","floor":6.0},{"not_picked":["Backstab","Riddle With Holes"],"picked":"Bouncing Flask","floor":8.0},{"not_picked":["All Out Attack","Dagger Throw"],"picked":"Blade Dance","floor":11.0},{"not_picked":["Dodge and Roll","Quick Slash"],"picked":"Backflip","floor":14.0},{"not_picked":["Doppelganger","Venomology"],"picked":"Envenom+1","floor":16.0},{"not_picked":["Outmaneuver","Backflip"],"picked":"Concentrate","floor":18.0},{"not_picked":["Underhanded Strike+1","Choke+1"],"picked":"Finisher","floor":19.0},{"not_picked":["Dodge and Roll","Prepared"],"picked":"PiercingWail","floor":25},{"not_picked":["Masterful Stab","Underhanded Strike"],"picked":"Blur+1","floor":27}],"player_experience":125647,"relics_obtained":[{"floor":6.0,"key":"White Beast Statue"},{"floor":9.0,"key":"Frozen Egg 2"},{"floor":11.0,"key":"InkBottle"},{"floor":26,"key":"Bag of Preparation"},{"floor":27,"key":"Tough Bandages"}],"event_choices":[{"cards_removed":["Strike_G"],"damage_healed":0.0,"max_hp_gain":0.0,"max_hp_loss":0.0,"gold_gain":0.0,"event_name":"Golden Wing","player_choice":"Card Removal","floor":3.0,"gold_loss":0.0,"damage_taken":7.0},{"damage_healed":0.0,"max_hp_gain":0.0,"max_hp_loss":0.0,"gold_gain":0.0,"event_name":"The Mausoleum","player_choice":"Opened","floor":21.0,"gold_loss":0.0,"damage_taken":0.0,"relics_obtained":["The Courier"],"cards_obtained":["Writhe"]},{"damage_healed":0.0,"max_hp_gain":0.0,"max_hp_loss":0.0,"gold_gain":0.0,"event_name":"Vampires","player_choice":"Ignored","floor":22.0,"gold_loss":0.0,"damage_taken":0.0},{"damage_healed":0,"gold_gain":0,"cards_transformed":["Envenom"],"player_choice":"Transformed","damage_taken":0,"max_hp_gain":0,"max_hp_loss":0,"event_name":"Transmorgrifier","floor":24,"gold_loss":0,"cards_obtained":["Dodge and Roll"]}],"is_beta":false,"boss_relics":[{"not_picked":["Ring of the Serpent","WristBlade"],"picked":"Pandora\u0027s Box"}],"items_purged_floors":[13],"is_endless":false,"potions_floor_spawned":[2,8,11,14,16,18,19,25,27],"killed_by":"Snecko","ascension_level":7}}