{"host":"p9jk0mlyvhgdzcz4","time":1611114428,"event":{"mods":["BaseMod","Colored Map","Minty Spire (QoL Compilation)","Quick Restart","Slay the Streamer","SuperFastMode"],"gold_per_floor":[117,130,205,205,205,205,205,218,218,218,229,179,207,207,101,101,206,206,225,325,344,363,363,393,393,418,497,497,412,134,134,152,171,171,267,267,280,280,291,308,89,89,106,116,167,167,179,179,179,179,194,194,194],"floor_reached":54,"language":"ENG","playtime":2464,"items_purged":["Parasite"],"score":802,"play_id":"e5d0fc72-74fe-41c6-b19f-89dda14632a8","local_time":"20210119214708","is_ascension_mode":false,"campfire_choices":[{"floor":6,"key":"REST"},{"data":"Flex","floor":14,"key":"SMITH"},{"floor":16,"key":"REST"},{"floor":25,"key":"REST"},{"data":"Limit Break","floor":31,"key":"SMITH"},{"floor":34,"key":"REST"},{"data":"Limit Break","floor":42,"key":"SMITH"},{"floor":48,"key":"REST"},{"floor":50,"key":"REST"},{"floor":52,"key":"REST"}],"circlet_count":0,"master_deck":["Shrug It Off","Iron Wave","Intimidate","Bludgeon","Dual Wield+1","Thunderclap","Shrug It Off","Clash","Flex","Flex+1","Immolate","Iron Wave","Barricade","Flex","Heavy Blade","Limit Break+1","Shrug It Off+1","Clash+1","Infernal Blade","Juggernaut+1","Flex","Feed","Limit Break+1","Shrug It Off","Limit Break+1","Flex","Feed","Clash+1","Pommel Strike","Clash+1","Impatience","Parasite","Shrug It Off"],"relics":["Black Blood","Ancient Tea Set","Mercury Hourglass","Gremlin Horn","Sozu","Frozen Egg 2","Dead Branch","Sundial","Tiny Chest","Pen Nib","Anchor"],"acts_visited":["Exordium","TheCity","TheBeyond"],"potions_floor_usage":[47,53,53],"damage_taken":[{"damage":0,"enemies":"2 Louse","floor":1,"turns":1},{"damage":0,"enemies":"Small Slimes","floor":2,"turns":3},{"damage":0,"enemies":"Jaw Worm","floor":8,"turns":3},{"damage":5,"enemies":"2 Fungi Beasts","floor":11,"turns":2},{"damage":17,"enemies":"3 Sentries","floor":13,"turns":4},{"damage":13,"enemies":"The Guardian","floor":17,"turns":7},{"damage":20,"enemies":"2 Thieves","floor":19,"turns":3},{"damage":0,"enemies":"Spheric Guardian","floor":21,"turns":2},{"damage":19,"enemies":"Shelled Parasite and Fungi","floor":22,"turns":4},{"damage":2,"enemies":"Gremlin Leader","floor":24,"turns":3},{"damage":16,"enemies":"Slavers","floor":26,"turns":3},{"damage":22,"enemies":"Cultist and Chosen","floor":32,"turns":6},{"damage":7,"enemies":"Centurion and Healer","floor":33,"turns":3},{"damage":38,"enemies":"Champ","floor":35,"turns":8},{"damage":2,"enemies":"Orb Walker","floor":37,"turns":3},{"damage":6,"enemies":"3 Shapes","floor":39,"turns":2},{"damage":29,"enemies":"Writhing Mass","floor":40,"turns":6},{"damage":19,"enemies":"Jaw Worm Horde","floor":43,"turns":4},{"damage":20,"enemies":"3 Darklings","floor":44,"turns":3},{"damage":29,"enemies":"Spire Growth","floor":47,"turns":5},{"damage":30,"enemies":"Writhing Mass","floor":51,"turns":4},{"damage":43,"enemies":"Awakened One","floor":53,"turns":8}],"seed_played":"-8640078131282841094","potions_obtained":[{"floor":1,"key":"Energy Potion"},{"floor":8,"key":"Swift Potion"},{"floor":13,"key":"BloodPotion"},{"floor":17,"key":"SteroidPotion"}],"is_trial":false,"path_per_floor":["M","M","?","?","?","R","?","M","T","T","M","?","E","R","$","R","B",null,"M","?","M","M","?","E","R","E","T","T","?","$","R","M","M","R","B",null,"M","?","M","M","$","R","M","M","T","T","M","R","?","R","M","R","B",null],"character_chosen":"IRONCLAD","items_purchased":["Flex","Heavy Blade","Flex","Feed","Pen Nib","Feed"],"campfire_rested":7,"item_purchase_floors":[15,15,30,30,30,41],"current_hp_per_floor":[62,68,57,41,41,65,62,68,68,68,69,69,58,58,58,80,73,80,66,66,72,59,59,63,80,70,70,70,70,70,70,57,59,84,52,86,86,86,86,69,69,69,62,54,54,54,40,65,65,86,68,86,75],"gold":194,"neow_bonus":"THREE_RARE_CARDS","is_daily":false,"chose_seed":false,"campfire_upgraded":3,"win_rate":0.0,"timestamp":1611114428,"path_taken":["M","M","?","?","?","R","?","M","T","?","?","E","R","$","R","BOSS","M","?","?","M","?","E","R","E","T","?","$","R","M","M","R","BOSS","M","?","M","M","$","R","?","M","T","M","R","?","R","M","R","BOSS"],"items_purchased_type":["Card","Card","Card","Card","Relic","Card"],"build_version":"2020-12-22","purchased_purges":1,"victory":true,"max_hp_per_floor":[80,80,80,80,80,80,80,80,80,80,80,80,80,80,80,80,80,80,80,80,80,80,80,80,80,80,80,80,80,80,80,83,86,86,86,86,86,86,86,86,83,83,83,83,83,83,86,86,86,86,86,86,89],"card_choices":[{"not_picked":["Offering","Corruption"],"picked":"Immolate","floor":0},{"not_picked":["Pommel Strike","Headbutt"],"picked":"Combust","floor":1},{"not_picked":["Body Slam","Headbutt"],"picked":"Iron Wave","floor":11},{"not_picked":["Thunderclap","Blood for Blood"],"picked":"Barricade","floor":13},{"not_picked":["Double Tap","Exhume"],"picked":"Limit Break","floor":17},{"not_picked":["Pommel Strike","Second Wind"],"picked":"Shrug It Off+1","floor":19},{"not_picked":["Uppercut","Wild Strike"],"picked":"Clash+1","floor":21},{"not_picked":["Pommel Strike","Flex"],"picked":"Infernal Blade","floor":22},{"not_picked":["Sever Soul","Heavy Blade"],"picked":"Juggernaut+1","floor":24},{"not_picked":["Evolve+1","Havoc","Perfected Strike"],"picked":"SKIP","floor":26},{"not_picked":["Rampage","Perfected Strike","Dropkick"],"picked":"SKIP","floor":32},{"not_picked":["Dark Embrace+1","Bloodletting","Sentinel+1"],"picked":"SKIP","floor":33},{"not_picked":["Brutality+1","Fiend Fire"],"picked":"Limit Break","floor":35},{"not_picked":["Headbutt","Body Slam"],"picked":"Shrug It Off","floor":37},{"not_picked":["Wild Strike","Clothesline+1"],"picked":"Flex","floor":39},{"not_picked":["Warcry","Body Slam"],"picked":"Clash+1","floor":43},{"not_picked":["Wild Strike","Armaments"],"picked":"Pommel Strike","floor":44},{"not_picked":["Intimidate","Disarm+1"],"picked":"Clash+1","floor":47},{"not_picked":["Panacea","Secret Weapon"],"picked":"Impatience","floor":49},{"not_picked":["Bloodletting+1","Cleave"],"picked":"Shrug It Off","floor":51}],"player_experience":21222,"relics_obtained":[{"floor":9,"key":"Mercury Hourglass"},{"floor":13,"key":"Gremlin Horn"},{"floor":24,"key":"Frozen Egg 2"},{"floor":26,"key":"Dead Branch"},{"floor":27,"key":"Sundial"},{"floor":45,"key":"Anchor"}],"event_choices":[{"damage_healed":0,"gold_gain":75,"player_choice":"Gather Gold","damage_taken":11,"max_hp_gain":0,"max_hp_loss":0,"event_name":"World of Goop","floor":3,"gold_loss":0},{"damage_healed":0,"gold_gain":0,"player_choice":"Entered Light","damage_taken":16,"max_hp_gain":0,"max_hp_loss":0,"event_name":"Shining Light","floor":4,"gold_loss":0,"cards_upgraded":["Dual Wield","Combust"]},{"damage_healed":0,"gold_gain":0,"player_choice":"Ignored","damage_taken":0,"max_hp_gain":0,"max_hp_loss":0,"event_name":"Liars Game","floor":5,"gold_loss":0},{"damage_healed":0,"gold_gain":0,"player_choice":"Success","damage_taken":3,"relics_obtained":["Ancient Tea Set"],"max_hp_gain":0,"max_hp_loss":0,"event_name":"Scrap Ooze","floor":7,"gold_loss":0},{"cards_removed":["Combust"],"damage_healed":0,"gold_gain":0,"player_choice":"Card Removal","damage_taken":0,"max_hp_gain":0,"max_hp_loss":0,"event_name":"The Cleric","floor":12,"gold_loss":50},{"damage_healed":0,"gold_gain":100,"player_choice":"Pray","damage_taken":0,"max_hp_gain":0,"max_hp_loss":0,"event_name":"Golden Shrine","floor":20,"gold_loss":0},{"damage_healed":0,"gold_gain":0,"player_choice":"Simplicity","damage_taken":0,"max_hp_gain":0,"max_hp_loss":0,"event_name":"Back to Basics","floor":23,"gold_loss":0,"cards_upgraded":[]},{"damage_healed":0,"gold_gain":0,"player_choice":"Obtained Relic","damage_taken":0,"relics_obtained":["Tiny Chest"],"max_hp_gain":0,"max_hp_loss":0,"event_name":"Addict","floor":29,"gold_loss":85},{"damage_healed":0,"gold_gain":0,"player_choice":"Copied","damage_taken":0,"max_hp_gain":0,"max_hp_loss":0,"event_name":"Duplicator","floor":38,"gold_loss":0,"cards_obtained":["Limit Break"]},{"damage_healed":0,"gold_gain":0,"player_choice":"Memory 1","damage_taken":0,"max_hp_gain":0,"max_hp_loss":0,"event_name":"SensoryStone","floor":49,"gold_loss":0}],"is_beta":false,"boss_relics":[{"not_picked":["Tiny House","Mark of Pain"],"picked":"Sozu"},{"not_picked":["Cursed Key","Empty Cage"],"picked":"Black Blood"}],"items_purged_floors":[41],"is_endless":false,"potions_floor_spawned":[1,8,13,17,22,24,33,43,44,51],"ascension_level":0}}