{"host":"vzugls1u57eppbds","time":1611170716,"event":{"mods":["AchievementEnabler","BaseMod","Better Third Choice","Minty Spire (QoL Compilation)","Relic Stats","Shop Mod","StSLib","The IronCluck"],"gold_per_floor":[114,131,186,0,100,100,128,128,128,128,139,154,164,198,198,302,302,312,312,237,263,273,301,301,320,320,235,248,248,264,284,284,284,284],"floor_reached":33,"language":"ENG","playtime":1089,"items_purged":["Bash+1"],"score":438,"play_id":"94132839-8495-4e60-aab1-208b31b1c0af","local_time":"20210120202516","is_ascension_mode":true,"campfire_choices":[{"data":"Entrench","floor":6.0,"key":"SMITH"},{"data":"Iron Wave","floor":8.0,"key":"SMITH"},{"data":"Power Through","floor":10.0,"key":"SMITH"},{"data":"Body Slam","floor":15.0,"key":"SMITH"},{"floor":24.0,"key":"REST"},{"floor":32.0,"key":"REST"}],"circlet_count":0,"master_deck":["Strike_R","Strike_R","Strike_R","Strike_R","Strike_R","Defend_R","Defend_R","Defend_R","Defend_R","Clothesline+1","Power Through+1","Entrench+1","Iron Wave+1","Perfected Strike","Fire Breathing","Cleave","Body Slam+1","Barricade","Body Slam+1","Pummel+1","Seeing Red","Writhe","Wild Strike"],"relics":["Burning Blood","NeowsBlessing","Red Skull","Whetstone","Blue Candle","Mercury Hourglass","Velvet Choker","Centennial Puzzle","Pen Nib","Anchor","Tiny Chest","The Courier"],"acts_visited":["Exordium","TheCity"],"potions_floor_usage":[],"damage_taken":[{"damage":0.0,"enemies":"Jaw Worm","floor":1.0,"turns":1.0},{"damage":0.0,"enemies":"2 Louse","floor":2.0,"turns":1.0},{"damage":0.0,"enemies":"Gremlin Nob","floor":7.0,"turns":1.0},{"damage":0.0,"enemies":"Cultist","floor":11.0,"turns":4.0},{"damage":5.0,"enemies":"Red Slaver","floor":12.0,"turns":3.0},{"damage":19.0,"enemies":"Exordium Thugs","floor":13.0,"turns":5.0},{"damage":15.0,"enemies":"3 Sentries","floor":14.0,"turns":5.0},{"damage":37.0,"enemies":"Hexaghost","floor":16.0,"turns":9.0},{"damage":19.0,"enemies":"Shell Parasite","floor":18.0,"turns":7.0},{"damage":35.0,"enemies":"2 Thieves","floor":22.0,"turns":4.0},{"damage":24.0,"enemies":"Book of Stabbing","floor":23.0,"turns":5.0},{"damage":21.0,"enemies":"Snecko","floor":25.0,"turns":6.0},{"damage":0.0,"enemies":"Cultist and Chosen","floor":28.0,"turns":3.0},{"damage":1.0,"enemies":"Snake Plant","floor":30.0,"turns":2.0},{"damage":7.0,"enemies":"3 Cultists","floor":31.0,"turns":3.0},{"damage":82,"enemies":"Automaton","floor":33,"turns":12}],"seed_played":"2368427788460966737","potions_obtained":[{"floor":2.0,"key":"AttackPotion"},{"floor":7.0,"key":"PowerPotion"},{"floor":11.0,"key":"Explosive Potion"},{"floor":22.0,"key":"ElixirPotion"},{"floor":25.0,"key":"Energy Potion"}],"is_trial":false,"path_per_floor":["M","M","?","$","?","R","E","R","T","R","M","M","M","E","R","B",null,"M","?","$","T","M","E","R","M","T","?","M","?","M","M","R","B"],"character_chosen":"IRONCLAD","items_purchased":["Red Skull","Entrench"],"campfire_rested":2,"item_purchase_floors":[4,4],"current_hp_per_floor":[78,80,80,80,80,80,80,80,80,80,80,80,67,58,58,27,67,54,54,54,54,25,7,31,16,16,16,22,22,27,26,50,0,0],"gold":284,"neow_bonus":"THREE_ENEMY_KILL","is_daily":false,"chose_seed":false,"campfire_upgraded":4,"win_rate":0.0,"timestamp":1611170716,"path_taken":["M","M","?","$","?","R","E","R","T","R","M","?","M","E","R","BOSS","M","?","$","?","M","E","R","M","T","?","?","?","M","M","R","BOSS"],"items_purchased_type":["Relic","Card"],"build_version":"2020-12-22","purchased_purges":1,"victory":false,"max_hp_per_floor":[80,80,80,80,80,80,80,80,80,80,80,80,80,80,80,80,80,80,80,80,80,80,80,80,80,80,80,80,80,80,80,80,80,80],"relic_stats":{"Centennial Puzzle":[18],"counters":[16,71],"Blue Candle":[3],"Tiny Chest":0,"Pen Nib":[5],"Whetstone":["Bash","Clothesline"],"obtain_stats":[{"Centennial Puzzle":21,"Anchor":26,"NeowsBlessing":0,"Blue Candle":9,"Velvet Choker":17,"Tiny Chest":27,"Pen Nib":23,"The Courier":29,"Whetstone":7,"Burning Blood":0,"Red Skull":4,"Mercury Hourglass":14},{"Centennial Puzzle":9,"Anchor":12,"NeowsBlessing":0,"Blue Candle":3,"Velvet Choker":8,"Tiny Chest":12,"Pen Nib":11,"The Courier":13,"Whetstone":3,"Burning Blood":0,"Red Skull":2,"Mercury Hourglass":7},{"Centennial Puzzle":36,"Anchor":51,"NeowsBlessing":0,"Blue Candle":3,"Velvet Choker":29,"Tiny Chest":51,"Pen Nib":45,"The Courier":54,"Whetstone":3,"Burning Blood":0,"Red Skull":2,"Mercury Hourglass":20}],"Burning Blood":73,"Mercury Hourglass":[159]},"card_choices":[{"not_picked":["Armaments","Warcry"],"picked":"Clothesline","floor":1.0},{"not_picked":["Clothesline","Battle Trance"],"picked":"Power Through","floor":2.0},{"not_picked":["Sword Boomerang","Twin Strike"],"picked":"Iron Wave","floor":7.0},{"not_picked":["Havoc","Pommel Strike"],"picked":"Perfected Strike","floor":11.0},{"not_picked":["Heavy Blade","Twin Strike"],"picked":"Fire Breathing","floor":12.0},{"not_picked":["Anger","Clothesline"],"picked":"Cleave","floor":13.0},{"not_picked":["Bludgeon","Combust"],"picked":"Body Slam","floor":14.0},{"not_picked":["Bludgeon","Fiend Fire"],"picked":"Barricade","floor":16.0},{"not_picked":["Havoc","Pummel","Armaments+1"],"picked":"SKIP","floor":18.0},{"not_picked":["Whirlwind","Metallicize+1","Searing Blow"],"picked":"SKIP","floor":22.0},{"not_picked":["Searing Blow","Perfected Strike+1","Headbutt"],"picked":"SKIP","floor":23.0},{"not_picked":["Reckless Charge","Heavy Blade"],"picked":"Pummel+1","floor":25.0},{"not_picked":["Iron Wave+1","Dark Embrace"],"picked":"Seeing Red","floor":28.0},{"not_picked":["Bloodletting","True Grit+1","Perfected Strike"],"picked":"SKIP","floor":30.0},{"not_picked":["Cleave","Heavy Blade"],"picked":"Wild Strike","floor":31.0}],"player_experience":235579,"relics_obtained":[{"floor":7.0,"key":"Whetstone"},{"floor":9.0,"key":"Blue Candle"},{"floor":14.0,"key":"Mercury Hourglass"},{"floor":21.0,"key":"Centennial Puzzle"},{"floor":23.0,"key":"Pen Nib"},{"floor":26.0,"key":"Anchor"}],"event_choices":[{"damage_healed":0.0,"max_hp_gain":0.0,"max_hp_loss":0.0,"gold_gain":55.0,"event_name":"Golden Wing","player_choice":"Gained Gold","floor":3.0,"gold_loss":0.0,"damage_taken":0.0},{"damage_healed":0.0,"max_hp_gain":0.0,"max_hp_loss":0.0,"gold_gain":100.0,"event_name":"Golden Shrine","player_choice":"Pray","floor":5.0,"gold_loss":0.0,"damage_taken":0.0},{"damage_healed":0.0,"max_hp_gain":0.0,"max_hp_loss":0.0,"gold_gain":0.0,"event_name":"Duplicator","player_choice":"Copied","floor":19.0,"gold_loss":0.0,"damage_taken":0.0,"cards_obtained":["Body Slam"]},{"damage_healed":0.0,"max_hp_gain":0.0,"max_hp_loss":0.0,"gold_gain":0.0,"event_name":"Addict","player_choice":"Obtained Relic","floor":27.0,"gold_loss":85.0,"damage_taken":0.0,"relics_obtained":["Tiny Chest"]},{"damage_healed":0.0,"max_hp_gain":0.0,"max_hp_loss":0.0,"gold_gain":0.0,"event_name":"The Mausoleum","player_choice":"Opened","floor":29.0,"gold_loss":0.0,"damage_taken":0.0,"relics_obtained":["The Courier"],"cards_obtained":["Writhe"]}],"is_beta":false,"boss_relics":[{"not_picked":["Empty Cage","Ectoplasm"],"picked":"Velvet Choker"}],"items_purged_floors":[20],"is_endless":false,"potions_floor_spawned":[2,7,11,22,25],"killed_by":"Automaton","ascension_level":9}}