{"host":"ijb9aeqqnjsatmwl","time":1611164406,"event":{"mods":["BaseMod","Card Forge","Colored Powertips","Hermit","Minty Spire (QoL Compilation)","Permanent Neow","Quick Restart","StSLib","The Cursed","The Hierophant","The Sage","The Servant 0.9.4","TheSwordswoman"],"gold_per_floor":[212,227,83,101,113,128,163,163,163,192,192,209,234,89,89,189,189,200,200,212,232,232,266,266,291,373,398,413,444,58,69,69,166,216,228,583,583,43,63,63,95,95,120,135,135,135,135,149,149,149],"floor_reached":51,"language":"ENG","playtime":2147,"items_purged":[],"score":1171,"play_id":"6c40433a-e17f-49a0-9be9-237967150759","local_time":"20210120194006","is_ascension_mode":true,"campfire_choices":[{"floor":11,"key":"REST"},{"floor":15,"key":"REST"},{"floor":24,"key":"REST"},{"floor":32,"key":"REST"},{"floor":40,"key":"REST"},{"floor":45,"key":"REST"},{"floor":49,"key":"REST"}],"circlet_count":0,"master_deck":["Bane+1","Burst+1","Bouncing Flask+1","Catalyst+1","Blur+1","Corpse Explosion+1","Crippling Poison+1","Deflect+1","Backstab+1","Bouncing Flask+1","Blur+1","Burst+1","Catalyst+1","Crippling Poison+1","Corpse Explosion+1","Deflect+1","Die Die Die+1","Deflect+1","Bouncing Flask+1","Night Terror+1","Crippling Poison+1","Deflect+1","Bouncing Flask+1","Crippling Poison+1","Die Die Die+1","Catalyst+1"],"relics":["Ring of the Snake","Hammer of Thor","Seething Fire","Anvil of the Gods","ClockworkSouvenir","Bag of Marbles","Shuriken","Frozen Egg 2","Bottled Flame","sagemod:Red_Beast_Statue","MealTicket","Fusion Hammer","Vajra","Meat on the Bone","Bottled Lightning","Matryoshka","Mercury Hourglass","Kunai","TwistedFunnel","Letter Opener","Tiny House","Old Coin","CaptainsWheel","Paper Crane","Orichalcum","Dream Catcher","Happy Flower"],"acts_visited":["Exordium","TheCity","TheBeyond"],"potions_floor_usage":[],"damage_taken":[{"damage":0,"enemies":"Cultist","floor":1,"turns":1},{"damage":0,"enemies":"Jaw Worm","floor":2,"turns":1},{"damage":0,"enemies":"2 Louse","floor":4,"turns":1},{"damage":5,"enemies":"Large Slime","floor":5,"turns":3},{"damage":0,"enemies":"Exordium Wildlife","floor":6,"turns":2},{"damage":0,"enemies":"3 Sentries","floor":7,"turns":2},{"damage":0,"enemies":"Lagavulin","floor":10,"turns":3},{"damage":9,"enemies":"Blue Slaver","floor":12,"turns":2},{"damage":6,"enemies":"3 Sentries","floor":13,"turns":3},{"damage":0,"enemies":"Hexaghost","floor":16,"turns":2},{"damage":0,"enemies":"Shell Parasite","floor":18,"turns":4},{"damage":0,"enemies":"2 Thieves","floor":20,"turns":2},{"damage":0,"enemies":"Centurion and Healer","floor":21,"turns":2},{"damage":0,"enemies":"Gremlin Leader","floor":23,"turns":2},{"damage":0,"enemies":"Book of Stabbing","floor":25,"turns":2},{"damage":6,"enemies":"Slavers","floor":27,"turns":2},{"damage":0,"enemies":"Snake Plant","floor":28,"turns":2},{"damage":0,"enemies":"Book of Stabbing","floor":29,"turns":3},{"damage":0,"enemies":"Snecko","floor":31,"turns":1},{"damage":6,"enemies":"Automaton","floor":33,"turns":3},{"damage":0,"enemies":"Orb Walker","floor":35,"turns":2},{"damage":7,"enemies":"2 Orb Walkers","floor":36,"turns":2},{"damage":0,"enemies":"3 Shapes","floor":39,"turns":1},{"damage":39,"enemies":"Reptomancer","floor":41,"turns":3},{"damage":0,"enemies":"Maw","floor":44,"turns":3},{"damage":0,"enemies":"Jaw Worm Horde","floor":48,"turns":2},{"damage":5,"enemies":"Time Eater","floor":50,"turns":3}],"seed_played":"2772449917029953281","potions_obtained":[{"floor":2,"key":"SkillPotion"},{"floor":10,"key":"CunningPotion"},{"floor":18,"key":"Ancient Potion"},{"floor":20,"key":"Regen Potion"},{"floor":34,"key":"Regen Potion"}],"is_trial":false,"path_per_floor":["M","M","$","M","M","M","E","T","T","E","R","M","E","$","R","B",null,"M","?","M","M","T","E","R","E","T","E","M","E","$","M","R","B",null,"M","?","?","$","M","R","E","?","T","M","R","?","$","M","R","B",null],"character_chosen":"THE_SILENT","items_purchased":["ClockworkSouvenir","MealTicket","TwistedFunnel","Letter Opener","CaptainsWheel","Paper Crane"],"campfire_rested":7,"item_purchase_floors":[3,14,30,30,38,38],"current_hp_per_floor":[70,70,70,70,65,65,65,65,65,65,70,61,55,55,70,70,70,70,70,70,70,70,70,70,70,70,64,64,64,70,70,70,64,75,75,68,75,75,75,75,48,48,48,48,70,70,75,75,75,70],"gold":149,"neow_bonus":"HUNDRED_GOLD","is_daily":false,"chose_seed":false,"campfire_upgraded":0,"win_rate":0.0,"timestamp":1611164406,"path_taken":["M","M","?","M","M","M","E","?","T","E","R","M","E","$","R","BOSS","M","?","M","M","?","E","R","E","T","E","M","E","$","?","R","BOSS","M","?","?","$","M","R","E","?","T","?","R","?","?","M","R","BOSS"],"items_purchased_type":["Relic","Relic","Relic","Relic","Relic","Relic"],"build_version":"2020-12-22","purchased_purges":0,"victory":true,"max_hp_per_floor":[70,70,70,70,70,70,70,70,70,70,70,70,70,70,70,70,70,70,70,70,70,70,70,70,70,70,70,70,70,70,70,70,70,75,75,75,75,75,75,75,75,75,75,75,75,75,75,75,75,75],"card_choices":[{"not_picked":["Prepared","Outmaneuver","Acrobatics"],"picked":"SKIP","floor":1},{"not_picked":["PiercingWail","Slice","Poisoned Stab"],"picked":"SKIP","floor":2},{"not_picked":["Tactician","Acrobatics"],"picked":"Deflect","floor":4},{"not_picked":["Calculated Gamble","Bane","Slice"],"picked":"SKIP","floor":5},{"not_picked":["Dagger Spray","Acrobatics","Backflip"],"picked":"SKIP","floor":6},{"not_picked":["Well Laid Plans","Calculated Gamble"],"picked":"Bouncing Flask","floor":7},{"not_picked":["Dagger Throw","Wraith Form v2+1","Backflip"],"picked":"SKIP","floor":10},{"not_picked":["Dagger Throw","Tactician","Outmaneuver"],"picked":"SKIP","floor":12},{"not_picked":["All Out Attack","Dagger Spray","Riddle With Holes"],"picked":"SKIP","floor":13},{"not_picked":["Malaise","Wraith Form v2+1"],"picked":"Night Terror","floor":16},{"not_picked":["Deflect","Leg Sweep+1"],"picked":"Crippling Poison+1","floor":18},{"not_picked":["Prepared+1","Outmaneuver","Footwork+1"],"picked":"SKIP","floor":20},{"not_picked":["Sucker Punch","Slice","Masterful Stab"],"picked":"SKIP","floor":21},{"not_picked":["Quick Slash","Dagger Spray","Expertise"],"picked":"SKIP","floor":23},{"not_picked":["Corpse Explosion","Unload","Flechettes"],"picked":"SKIP","floor":25},{"not_picked":["Backflip+1","All Out Attack","Flying Knee"],"picked":"SKIP","floor":27},{"not_picked":["Dagger Spray","Quick Slash"],"picked":"Deflect","floor":28},{"not_picked":["Quick Slash","Dodge and Roll+1"],"picked":"Bouncing Flask+1","floor":29},{"not_picked":["Flechettes","Poisoned Stab","Quick Slash+1"],"picked":"SKIP","floor":31},{"not_picked":["Noxious Fumes+1","Skewer"],"picked":"Crippling Poison+1","floor":35},{"not_picked":["All Out Attack","Acrobatics","Deadly Poison"],"picked":"SKIP","floor":39},{"not_picked":["Skewer+1","Outmaneuver","Distraction"],"picked":"SKIP","floor":41},{"not_picked":["Dagger Throw","Underhanded Strike","Poisoned Stab+1"],"picked":"SKIP","floor":44},{"not_picked":["Backstab","Dash"],"picked":"Die Die Die","floor":45},{"not_picked":["Deadly Poison","Deflect","Dagger Throw+1"],"picked":"SKIP","floor":48},{"not_picked":["Dagger Throw+1","Quick Slash+1"],"picked":"Catalyst+1","floor":49}],"player_experience":11947,"relics_obtained":[{"floor":7,"key":"Bag of Marbles"},{"floor":8,"key":"Shuriken"},{"floor":9,"key":"Frozen Egg 2"},{"floor":10,"key":"Bottled Flame"},{"floor":13,"key":"sagemod:Red_Beast_Statue"},{"floor":22,"key":"Vajra"},{"floor":23,"key":"Meat on the Bone"},{"floor":25,"key":"Bottled Lightning"},{"floor":26,"key":"Matryoshka"},{"floor":27,"key":"Mercury Hourglass"},{"floor":29,"key":"Kunai"},{"floor":36,"key":"Old Coin"},{"floor":41,"key":"Orichalcum"},{"floor":43,"key":"Dream Catcher"},{"floor":43,"key":"Happy Flower"}],"event_choices":[{"damage_healed":0,"gold_gain":0,"player_choice":"Ignored","damage_taken":0,"max_hp_gain":0,"max_hp_loss":0,"event_name":"Ghosts","floor":19,"gold_loss":0},{"damage_healed":0,"gold_gain":0,"player_choice":"Fight","damage_taken":0,"max_hp_gain":0,"max_hp_loss":0,"event_name":"Mysterious Sphere","floor":36,"gold_loss":0},{"damage_healed":19,"gold_gain":0,"player_choice":"Writhe","damage_taken":0,"max_hp_gain":0,"max_hp_loss":0,"event_name":"Winding Halls","floor":37,"gold_loss":0,"cards_obtained":["Writhe"]},{"cards_removed":["Bane"],"damage_healed":0,"gold_gain":0,"player_choice":"Removed Attack","damage_taken":0,"max_hp_gain":0,"max_hp_loss":0,"event_name":"Falling","floor":42,"gold_loss":0},{"damage_healed":0,"gold_gain":0,"player_choice":"Ignored","damage_taken":0,"max_hp_gain":0,"max_hp_loss":0,"event_name":"Transmorgrifier","floor":46,"gold_loss":0}],"is_beta":false,"boss_relics":[{"not_picked":["Busted Crown","Velvet Choker"],"picked":"Fusion Hammer"},{"not_picked":["Empty Cage","Astrolabe"],"picked":"Tiny House"}],"items_purged_floors":[],"is_endless":false,"potions_floor_spawned":[2,6,10,12,18,20,21,29,35,39,44],"ascension_level":1}}