{"host":"3jhxjeq8h3mqaq9s","time":1611113447,"event":{"mods":["BaseMod","Bestiary","Colored Map","Downfall","Highlight Path","Minty Spire (QoL Compilation)","Rare Cards Sparkle","Relic Stats","StSLib","everything is the same but u backflip on backflip","slay the spire mod where everything is the same but ironclad has a cowboy hat"],"gold_per_floor":[199,218,218,236,251,286,311,345,145,159,159,7,7,7,24,119,119,119,133,133,150,150,150,150],"floor_reached":22,"language":"ENG","playtime":1023,"items_purged":[],"score":194,"play_id":"6ce3a37d-f41d-4b8d-9d91-41431285725d","local_time":"20210119223047","is_ascension_mode":false,"campfire_choices":[{"floor":1.0,"key":"RECALL"},{"floor":9.0,"key":"REST"},{"floor":11.0,"key":"REST"},{"data":"bronze:FineTuning","floor":13,"key":"SMITH"},{"data":"bronze:HardenedForm","floor":18,"key":"SMITH"}],"circlet_count":0,"master_deck":["bronze:Strike","bronze:Strike","bronze:Strike","bronze:Strike","bronze:Defend","bronze:Defend","bronze:Defend","bronze:Defend","bronze:Replicate","bronze:Goto","bronze:WhirlingStrike","bronze:FineTuning+1","bronze:BronzeOrb","bronze:Iterate","bronze:Branch","bronze:HardenedForm+1","bronze:CutThrough","bronze:SpaghettiCode+1","bronze:Boost+1"],"relics":["bronze:BronzeCore","PreservedInsect","Toxic Egg 2","Anchor","Turnip","downfall:HeartBlessingRed","downfall:HeartBlessingGreen","Black Star"],"acts_visited":["Exordium","TheCity"],"potions_floor_usage":[],"damage_taken":[{"damage":1.0,"enemies":"Jaw Worm","floor":2.0,"turns":4.0},{"damage":0.0,"enemies":"2 Louse","floor":4.0,"turns":3.0},{"damage":1.0,"enemies":"Cultist","floor":5.0,"turns":3.0},{"damage":25.0,"enemies":"3 Sentries","floor":6.0,"turns":10.0},{"damage":21.0,"enemies":"Lagavulin","floor":8.0,"turns":7.0},{"damage":0.0,"enemies":"2 Fungi Beasts","floor":10.0,"turns":2.0},{"damage":0,"enemies":"downfall:FleeingMerchant","floor":12,"turns":4},{"damage":0,"enemies":"Blue Slaver","floor":15,"turns":2},{"damage":12,"enemies":"WA_ARCHETYPE_RETAIN","floor":16,"turns":5},{"damage":1,"enemies":"Chosen","floor":19,"turns":4},{"damage":43,"enemies":"Snecko","floor":21,"turns":6},{"damage":30,"enemies":"3 Cultists","floor":22,"turns":4}],"seed_played":"-1991657238586237708","potions_obtained":[{"floor":4.0,"key":"Ancient Potion"},{"floor":6.0,"key":"GamblersBrew"},{"floor":15,"key":"Dexterity Potion"}],"is_trial":false,"path_per_floor":["R","M","?","M","M","E","T","E","R","M","R","$","R","?","M","B",null,"R","M","?","M","M"],"character_chosen":"THE_AUTOMATON","items_purchased":["bronze:HardenedForm"],"campfire_rested":2,"item_purchase_floors":[12],"current_hp_per_floor":[70,69,57,57,56,31,31,10,31,31,52,52,52,52,52,40,70,70,69,69,26,0,0,0],"gold":150,"neow_bonus":"HUNDRED_GOLD","is_daily":false,"chose_seed":false,"campfire_upgraded":2,"win_rate":0.0,"timestamp":1611113447,"path_taken":["R","M","?","M","M","E","T","E","R","M","R","$","R","?","M","BOSS","R","M","?","M","?"],"items_purchased_type":["Card"],"build_version":"2020-12-22","purchased_purges":0,"victory":false,"max_hp_per_floor":[70,70,70,70,70,70,70,70,70,70,70,70,70,70,70,70,70,70,70,70,70,70,70,70],"relic_stats":{"counters":[12,54],"PreservedInsect":159,"Turnip":[0],"Black Star":0,"obtain_stats":[{"Anchor":7,"bronze:BronzeCore":0,"downfall:HeartBlessingRed":9,"downfall:HeartBlessingGreen":9,"PreservedInsect":3,"Turnip":8,"Black Star":17,"Toxic Egg 2":6},{"Anchor":4,"bronze:BronzeCore":0,"downfall:HeartBlessingRed":5,"downfall:HeartBlessingGreen":5,"PreservedInsect":1,"Turnip":5,"Black Star":9,"Toxic Egg 2":4},{"Anchor":20,"bronze:BronzeCore":0,"downfall:HeartBlessingRed":27,"downfall:HeartBlessingGreen":27,"PreservedInsect":4,"Turnip":27,"Black Star":40,"Toxic Egg 2":20}]},"card_choices":[{"not_picked":["bronze:Deprecate","bronze:Backtrace"],"picked":"bronze:WhirlingStrike","floor":2.0},{"not_picked":["bronze:OilSpill","bronze:BuggyMess"],"picked":"bronze:FineTuning","floor":4.0},{"not_picked":["bronze:Optimize","bronze:Overheat"],"picked":"bronze:BronzeOrb","floor":5.0},{"not_picked":["bronze:ItsAFeature","bronze:ForceShield+1","bronze:Invalidate+1"],"picked":"SKIP","floor":6.0},{"not_picked":["bronze:GetLatest+1","bronze:BugBarrage"],"picked":"bronze:Iterate","floor":8.0},{"not_picked":["bronze:DigitalCarnage","bronze:Deprecate+1","bronze:Backtrace"],"picked":"SKIP","floor":10.0},{"not_picked":["bronze:Overheat","bronze:Repulsor"],"picked":"bronze:Branch","floor":12},{"not_picked":["bronze:BitShift+1","bronze:DelayedSlice"],"picked":"bronze:CutThrough","floor":15},{"not_picked":["bronze:ShipIt","bronze:HardenedForm"],"picked":"bronze:SpaghettiCode+1","floor":16},{"not_picked":["bronze:BronzeArmor+1","bronze:ForLoop+1","bronze:ItsAFeature"],"picked":"SKIP","floor":19},{"not_picked":["bronze:DelayedGuard+1","bronze:ClassDefault+1"],"picked":"bronze:Boost+1","floor":21}],"player_experience":2605612,"relics_obtained":[{"floor":6.0,"key":"Toxic Egg 2"},{"floor":7.0,"key":"Anchor"},{"floor":8.0,"key":"Turnip"}],"event_choices":[{"damage_healed":0.0,"max_hp_gain":0.0,"max_hp_loss":0.0,"gold_gain":0.0,"event_name":"Scrap Ooze","player_choice":"Success","floor":3.0,"gold_loss":0.0,"damage_taken":12.0,"relics_obtained":["PreservedInsect"]}],"is_beta":false,"boss_relics":[{"not_picked":["Calling Bell","bronze:MakeshiftBattery"],"picked":"Black Star"}],"items_purged_floors":[],"is_endless":false,"potions_floor_spawned":[4,6,15,16,19,21],"killed_by":"3 Cultists","ascension_level":0}}