{"host":"j7au2ovow4c9pz79","time":1611182923,"event":{"mods":["AchievementEnabler","BaseMod","Better Third Choice","BetterRewards","Colored Powertips","Defuse TimeMaze Blight","Energized Spire","Googly Eyes","Hubris","Infinite Spire","Minty Spire (QoL Compilation)","Quick Restart","Replay The Spire","Spicy Shops","StSLib","SuperFastMode","Transform Curses"],"gold_per_floor":[110,32,32,32,32,32,32,43,43,77,77,77,77,112,112,212,212,231,231,243,317,330,330,364,396,396,311,311,345,545,564,564,664,714,731,731,285,285,285,285,285],"floor_reached":40,"language":"ENG","playtime":1061,"items_purged":[],"score":594,"play_id":"51a6dea0-692f-4ca1-b21b-6b7a761a2f0e","local_time":"20210120234843","daily_mods":["Specialized","Vintage","Allstar","Diverse","Colorless Cards","Heirloom","Time Dilation","Flight","Elite Swarm","Lethality"],"is_ascension_mode":false,"campfire_choices":[{"data":"Corpse Explosion","floor":6,"key":"SMITH"},{"data":"Corpse Explosion","floor":7,"key":"SMITH"},{"data":"DevaForm","floor":11,"key":"SMITH"},{"data":"The Bomb","floor":12,"key":"SMITH"},{"data":"Echo Form","floor":15,"key":"SMITH"},{"data":"infinitespire:FutureSight","floor":23,"key":"SMITH"},{"floor":28,"key":"REST"}],"circlet_count":0,"master_deck":["Demon Form+1","Wraith Form v2","Echo Form+1","DevaForm+1","Strike_R","Strike_R","Strike_R","Strike_R","Strike_R","Defend_R","Defend_R","Defend_R+1","Defend_R","Bash","Corpse Explosion+1","Corpse Explosion+1","Corpse Explosion","Corpse Explosion","Corpse Explosion+1","hubris:Insight","Blind","The Bomb+1","Mayhem","Specialist","Voices","Barricade+1","Violence","Feed+1","infinitespire:FutureSight+1","infinitespire:FinalStrike+1","Amplify","hubris:Prefetch","Doppelganger","Demon Form","Master of Strategy","Headbutt+1","Cleave+1","Sunder+1","Inflame","hubris:Fate","Madness","Madness"],"relics":["Burning Blood","hubris:GlazedTorus","hubris:SlimyHat","Toolbox","Ring of Fury","ReplayTheSpireMod:Ring of Exchange","Red Skull","hubris:PeanutButter","Replay:PocketPolymizer","hubris:BottledRain","Bag of Marbles","energizedSpire:MagnifyingGlass","Molten Egg 2","Black Blood","Another Sword","War Paint","Chameleon Ring","Ginger","Torii","Darkstone Periapt","hubris:ChampionShield","Gambling Chip","Smiling Mask","Tiny House","Meat on the Bone","hubris:Icosahedron","Mercury Hourglass","MealTicket"],"acts_visited":["Exordium","TheCity","TheBeyond"],"potions_floor_usage":[16,18,40,40],"damage_taken":[{"damage":9,"enemies":"Jaw Worm","floor":1,"turns":3},{"damage":0,"enemies":"Small Slimes","floor":8,"turns":2},{"damage":18,"enemies":"Gremlin Nob","floor":10,"turns":4},{"damage":14,"enemies":"Lagavulin","floor":14,"turns":6},{"damage":31,"enemies":"Fading Forest","floor":16,"turns":11},{"damage":77,"enemies":"3 Byrds","floor":18,"turns":3},{"damage":10,"enemies":"2 Thieves","floor":20,"turns":3},{"damage":0,"enemies":"Cultist and Chosen","floor":22,"turns":4},{"damage":0,"enemies":"Gremlin Leader","floor":24,"turns":1},{"damage":50,"enemies":"Book of Stabbing","floor":25,"turns":4},{"damage":25,"enemies":"Gremlin Leader","floor":29,"turns":6},{"damage":21,"enemies":"Snake Plant","floor":31,"turns":2},{"damage":55,"enemies":"hubris:MusketHawk","floor":33,"turns":7},{"damage":0,"enemies":"Orb Walker","floor":35,"turns":1},{"damage":58,"enemies":"Nemesis","floor":40,"turns":5}],"seed_played":"574325270892187045","potions_obtained":[{"floor":8,"key":"Weak Potion"},{"floor":10,"key":"DistilledChaos"},{"floor":16,"key":"Energy Potion"},{"floor":18,"key":"Elixir"},{"floor":20,"key":"PowerPotion"}],"is_trial":true,"path_per_floor":["M","$","?","?","$","R","R","M","T","E","R","R","T","E","R","B",null,"M","AVR","M","T","M","R","E","E","T","?","R","E","?","M","R","B",null,"M","?","$","?","?","E"],"character_chosen":"IRONCLAD","items_purchased":["Toolbox","Mercury Hourglass","Cleave+1","Sunder+1","MealTicket","Inflame"],"campfire_rested":1,"item_purchase_floors":[2,37,37,37,37,37],"current_hp_per_floor":[77,77,77,77,77,77,77,80,80,68,68,68,68,60,60,35,80,12,12,23,23,41,41,59,27,27,27,52,45,45,42,67,30,91,91,91,91,69,58,0,0],"gold":285,"neow_bonus":"","is_daily":false,"chose_seed":false,"campfire_upgraded":6,"win_rate":0.0,"timestamp":1611182923,"path_taken":["M","$","?","?","?","R","R","?","T","E","R","R","?","E","R","BOSS","M","AVR","?","?","?","R","E","E","T","?","R","E","?","?","R","BOSS","M","?","$","?","?","E"],"items_purchased_type":["Relic","Relic","Card","Card","Relic","Card"],"build_version":"2020-12-22","purchased_purges":0,"victory":false,"max_hp_per_floor":[80,80,80,80,80,80,80,80,80,80,80,80,80,80,80,80,80,83,83,86,86,86,86,86,86,86,86,86,86,86,86,86,86,91,91,91,91,91,91,91,91],"card_choices":[{"not_picked":["Reaper","ReplayTheSpireMod:Fabricate Wheel"],"picked":"Barricade","floor":10},{"not_picked":["hubris:SpecializedCircuitry","Devotion"],"picked":"Violence","floor":14},{"not_picked":["Meteor Strike","Storm of Steel"],"picked":"Feed","floor":16},{"not_picked":["hubris:DoWhile","SpiritShield"],"picked":"Amplify","floor":24},{"not_picked":["Replay:AllIn","Poison Darts"],"picked":"hubris:Prefetch","floor":25},{"not_picked":["hubris:Prefetch","hubris:EnhanceAbility"],"picked":"Doppelganger","floor":29},{"not_picked":["ReplayTheSpireMod:Brewmster","Chrysalis"],"picked":"Demon Form","floor":30},{"not_picked":["Rainbow","Wraith Form v2"],"picked":"Master of Strategy","floor":33},{"not_picked":["Sucker Punch+1","Halt"],"picked":"Headbutt+1","floor":34},{"not_picked":["infinitespire:Oblivion","ReplayTheSpireMod:Black Plague"],"picked":"hubris:Fate","floor":38}],"player_experience":1901738,"relics_obtained":[{"floor":1,"key":"hubris:SlimyHat"},{"floor":3,"key":"Ring of Fury"},{"floor":3,"key":"ReplayTheSpireMod:Ring of Exchange"},{"floor":8,"key":"Red Skull"},{"floor":9,"key":"hubris:PeanutButter"},{"floor":10,"key":"Replay:PocketPolymizer"},{"floor":13,"key":"hubris:BottledRain"},{"floor":14,"key":"Bag of Marbles"},{"floor":18,"key":"Molten Egg 2"},{"floor":20,"key":"War Paint"},{"floor":21,"key":"Chameleon Ring"},{"floor":22,"key":"Ginger"},{"floor":24,"key":"Torii"},{"floor":25,"key":"Darkstone Periapt"},{"floor":26,"key":"Pet Ghost"},{"floor":29,"key":"Gambling Chip"},{"floor":31,"key":"Smiling Mask"},{"floor":35,"key":"Meat on the Bone"}],"event_choices":[{"damage_healed":0,"gold_gain":0,"player_choice":"Grow","damage_taken":0,"max_hp_gain":0,"max_hp_loss":0,"event_name":"Living Wall","floor":4,"gold_loss":0,"cards_upgraded":["Demon Form"]},{"damage_healed":0,"gold_gain":0,"player_choice":"Obtained Relic","damage_taken":0,"relics_obtained":["hubris:ChampionShield"],"max_hp_gain":0,"max_hp_loss":0,"event_name":"Addict","floor":27,"gold_loss":85},{"damage_healed":0,"gold_gain":0,"player_choice":"Embrace Madness","damage_taken":11,"max_hp_gain":0,"max_hp_loss":0,"event_name":"Winding Halls","floor":39,"gold_loss":0,"cards_obtained":["Madness","Madness"]}],"is_beta":false,"boss_relics":[{"not_picked":["ReplayTheSpireMod:DimensionalGlitch","Snecko Heart"],"picked":"energizedSpire:MagnifyingGlass"},{"not_picked":["energizedSpire:TabascoSauce","Replay:Bronze Core"],"picked":"Tiny House"}],"items_purged_floors":[],"is_endless":false,"potions_floor_spawned":[8,10,16,18,20,25,29,31,35],"killed_by":"Nemesis","ascension_level":0}}