{"host":"vfh4a5lsno7fg1vy","time":1611177034,"event":{"mods":["BaseMod","Minty Spire (QoL Compilation)","StSLib","Synergy Search"],"gold_per_floor":[110,110,110,126,126,126,142,142,142,154,154,170,193,217,217,343,343,361,361,44,44,44,83,108,126,150,150,163,163,78,92,92,222,222,235,235,18,32,32,32,46,46,46,46,62,106,120,43,43,43],"floor_reached":51,"language":"KOR","playtime":2342,"items_purged":["Regret","Strike_R","Strike_R"],"score":828,"play_id":"3816526a-5d3f-4287-bc23-2985ff34ce06","local_time":"20210121061034","is_ascension_mode":true,"campfire_choices":[{"data":"Whirlwind","floor":6.0,"key":"SMITH"},{"data":"Cleave","floor":8.0,"key":"SMITH"},{"data":"Pommel Strike","floor":15.0,"key":"SMITH"},{"data":"Armaments","floor":29.0,"key":"SMITH"},{"data":"Whirlwind","floor":32.0,"key":"SMITH"},{"data":"Reaper","floor":40.0,"key":"SMITH"},{"data":"Immolate","floor":42.0,"key":"SMITH"},{"data":"Inflame","floor":44.0,"key":"SMITH"},{"data":"Flex","floor":49,"key":"SMITH"}],"circlet_count":0,"master_deck":["Strike_R","Defend_R","Defend_R","Defend_R","Defend_R","Bash+1","Whirlwind+1","Cleave+1","Pommel Strike+1","Injury","Anger","Immolate+1","Clothesline","Reaper","Flex+1","Dramatic Entrance","Ghostly","Ghostly","Ghostly","Ghostly","Ghostly","Spot Weakness","Whirlwind+1","Dropkick","Necronomicurse","Armaments+1","Heavy Blade","Reaper+1","Clothesline","Dramatic Entrance","Inflame+1","Spot Weakness","Pommel Strike+1","Second Wind","Blood for Blood+1","Heavy Blade+1","Spot Weakness+1","Bloodletting+1","Cleave"],"relics":["Burning Blood","Gambling Chip","Self Forming Clay","Golden Idol","Sozu","MutagenicStrength","Toolbox","Mercury Hourglass","Strawberry","Necronomicon","Kunai","Velvet Choker","Mummified Hand","Smiling Mask"],"acts_visited":["Exordium","TheCity","TheBeyond"],"potions_floor_usage":[50],"damage_taken":[{"damage":14.0,"enemies":"2 Louse","floor":1.0,"turns":4.0},{"damage":6.0,"enemies":"Cultist","floor":4.0,"turns":3.0},{"damage":12.0,"enemies":"Jaw Worm","floor":7.0,"turns":2.0},{"damage":11.0,"enemies":"Looter","floor":10.0,"turns":2.0},{"damage":14.0,"enemies":"3 Louse","floor":12.0,"turns":2.0},{"damage":0.0,"enemies":"Large Slime","floor":13.0,"turns":2.0},{"damage":12.0,"enemies":"Red Slaver","floor":14.0,"turns":3.0},{"damage":51.0,"enemies":"Hexaghost","floor":16.0,"turns":8.0},{"damage":28.0,"enemies":"Shell Parasite","floor":18.0,"turns":4.0},{"damage":31.0,"enemies":"Book of Stabbing","floor":23.0,"turns":6.0},{"damage":1.0,"enemies":"Spheric Guardian","floor":24.0,"turns":3.0},{"damage":12.0,"enemies":"Cultist and Chosen","floor":25.0,"turns":2.0},{"damage":0.0,"enemies":"Centurion and Healer","floor":28.0,"turns":2.0},{"damage":0.0,"enemies":"Snake Plant","floor":31.0,"turns":2.0},{"damage":3.0,"enemies":"Collector","floor":33.0,"turns":6.0},{"damage":11.0,"enemies":"Orb Walker","floor":35.0,"turns":2.0},{"damage":0.0,"enemies":"3 Darklings","floor":38.0,"turns":1.0},{"damage":36.0,"enemies":"4 Shapes","floor":41.0,"turns":2.0},{"damage":33.0,"enemies":"Spire Growth","floor":45.0,"turns":3.0},{"damage":3.0,"enemies":"Reptomancer","floor":46.0,"turns":3.0},{"damage":0,"enemies":"Jaw Worm Horde","floor":47,"turns":1},{"damage":63,"enemies":"Awakened One","floor":50,"turns":7}],"seed_played":"27","potions_obtained":[{"floor":4.0,"key":"EssenceOfSteel"},{"floor":7.0,"key":"Fruit Juice"},{"floor":10.0,"key":"AttackPotion"},{"floor":13.0,"key":"Energy Potion"},{"floor":16.0,"key":"Explosive Potion"}],"is_trial":false,"path_per_floor":["M","?","?","M","?","R","M","R","T","M","?","M","M","M","R","B",null,"M","?","$","?","?","E","M","M","T","?","M","R","?","M","R","B",null,"M","?","$","M","?","R","M","R","T","R","M","E","M","$","R","B",null],"character_chosen":"IRONCLAD","items_purchased":["Toolbox","Dramatic Entrance","Inflame","Spot Weakness","Cleave"],"campfire_rested":0,"item_purchase_floors":[20,20,37,37,48],"current_hp_per_floor":[72,72,77,77,77,77,71,71,71,66,66,58,64,58,58,18,85,63,63,63,42,42,17,25,33,40,24,30,30,30,36,36,39,49,44,44,44,49,49,49,49,49,49,49,40,43,49,49,49,15],"gold":43,"neow_bonus":"ONE_RARE_RELIC","is_daily":false,"chose_seed":true,"campfire_upgraded":9,"win_rate":0.0,"timestamp":1611177034,"path_taken":["M","?","?","?","?","R","M","R","T","?","?","M","M","M","R","BOSS","M","?","$","?","?","E","?","M","T","?","M","R","?","M","R","BOSS","M","?","?","M","?","R","M","R","T","R","M","E","?","?","R","BOSS"],"items_purchased_type":["Relic","Card","Card","Card","Card"],"build_version":"2020-12-22","purchased_purges":3,"victory":true,"max_hp_per_floor":[80,80,80,80,80,80,80,80,80,80,80,80,80,80,80,85,85,85,85,85,42,42,42,42,42,49,49,49,49,49,49,49,49,49,49,49,49,49,49,49,49,49,49,49,49,49,49,49,49,49],"card_choices":[{"not_picked":["Hemokinesis","Clash"],"picked":"Clothesline","floor":1.0},{"not_picked":["True Grit","Headbutt"],"picked":"Whirlwind","floor":4.0},{"not_picked":["Battle Trance","Pummel"],"picked":"Cleave","floor":7.0},{"not_picked":["Warcry","Clash"],"picked":"Pommel Strike","floor":10.0},{"not_picked":["Second Wind","True Grit"],"picked":"Anger","floor":12.0},{"not_picked":["Wild Strike","Shrug It Off"],"picked":"Immolate","floor":13.0},{"not_picked":["Pummel","Sentinel"],"picked":"Clothesline","floor":14.0},{"not_picked":["Limit Break","Juggernaut"],"picked":"Reaper","floor":16.0},{"not_picked":["Thunderclap","Wild Strike"],"picked":"Flex","floor":18.0},{"not_picked":["Cleave","True Grit"],"picked":"Spot Weakness","floor":23.0},{"not_picked":["True Grit","Headbutt"],"picked":"Whirlwind","floor":24.0},{"not_picked":["Rage+1","Havoc"],"picked":"Dropkick","floor":25.0},{"not_picked":["Sentinel","Headbutt"],"picked":"Armaments","floor":28.0},{"not_picked":["Warcry+1","Flame Barrier"],"picked":"Heavy Blade","floor":31.0},{"not_picked":["Corruption","Fiend Fire"],"picked":"Reaper","floor":33.0},{"not_picked":["Twin Strike+1","True Grit"],"picked":"Clothesline","floor":35.0},{"not_picked":["PanicButton","Thinking Ahead"],"picked":"Dramatic Entrance","floor":36.0},{"not_picked":["Clothesline+1","Twin Strike"],"picked":"Pommel Strike+1","floor":38.0},{"not_picked":["Hemokinesis","Pummel"],"picked":"Blood for Blood+1","floor":41.0},{"not_picked":["Entrench+1","Thunderclap"],"picked":"Heavy Blade+1","floor":45.0},{"not_picked":["Perfected Strike+1","Cleave+1"],"picked":"Spot Weakness+1","floor":46},{"not_picked":["Twin Strike+1","Armaments+1"],"picked":"Bloodletting+1","floor":47}],"player_experience":224840,"relics_obtained":[{"floor":9.0,"key":"Self Forming Clay"},{"floor":23.0,"key":"Mercury Hourglass"},{"floor":26.0,"key":"Strawberry"},{"floor":27.0,"key":"Necronomicon"},{"floor":43.0,"key":"Mummified Hand"},{"floor":46,"key":"Smiling Mask"}],"event_choices":[{"damage_healed":0.0,"max_hp_gain":0.0,"max_hp_loss":0.0,"gold_gain":0.0,"event_name":"Living Wall","player_choice":"Grow","floor":2.0,"gold_loss":0.0,"damage_taken":0.0,"cards_upgraded":["Bash"]},{"cards_removed":["Clothesline"],"damage_healed":5.0,"max_hp_gain":0.0,"max_hp_loss":0.0,"gold_gain":0.0,"event_name":"Bonfire Elementals","player_choice":"Offered Common","floor":3.0,"gold_loss":0.0,"damage_taken":0.0},{"cards_removed":["Clothesline"],"damage_healed":5.0,"max_hp_gain":0.0,"max_hp_loss":0.0,"gold_gain":0.0,"event_name":"Bonfire Elementals","player_choice":"Offered Special","floor":3.0,"gold_loss":0.0,"damage_taken":0.0},{"damage_healed":0.0,"max_hp_gain":0.0,"max_hp_loss":0.0,"gold_gain":0.0,"cards_transformed":["Writhe"],"event_name":"Transmorgrifier","player_choice":"Transformed","floor":5.0,"gold_loss":0.0,"damage_taken":0.0,"cards_obtained":["Regret"]},{"damage_healed":0.0,"max_hp_gain":0.0,"max_hp_loss":0.0,"gold_gain":0.0,"event_name":"Golden Idol","player_choice":"Take Wound","floor":11.0,"gold_loss":0.0,"damage_taken":0.0,"relics_obtained":["Golden Idol"],"cards_obtained":["Injury"]},{"damage_healed":0.0,"max_hp_gain":0.0,"max_hp_loss":0.0,"gold_gain":0.0,"event_name":"Drug Dealer","player_choice":"Inject Mutagens","floor":19.0,"gold_loss":0.0,"damage_taken":0.0,"relics_obtained":["MutagenicStrength"]},{"damage_healed":0.0,"max_hp_gain":0.0,"max_hp_loss":43.0,"gold_gain":0.0,"event_name":"Ghosts","player_choice":"Became a Ghost","floor":21.0,"gold_loss":0.0,"damage_taken":0.0,"cards_obtained":["Ghostly","Ghostly","Ghostly","Ghostly","Ghostly"]},{"cards_removed":["Strike_R"],"damage_healed":0.0,"max_hp_gain":0.0,"max_hp_loss":0.0,"gold_gain":0.0,"event_name":"Purifier","player_choice":"Purged","floor":22.0,"gold_loss":0.0,"damage_taken":0.0},{"damage_healed":0.0,"max_hp_gain":0.0,"max_hp_loss":0.0,"gold_gain":0.0,"event_name":"Cursed Tome","player_choice":"Obtained Book","floor":27.0,"gold_loss":0.0,"damage_taken":16.0},{"damage_healed":0.0,"max_hp_gain":0.0,"max_hp_loss":0.0,"gold_gain":0.0,"event_name":"Addict","player_choice":"Obtained Relic","floor":30.0,"gold_loss":85.0,"damage_taken":0.0,"relics_obtained":["Kunai"]},{"damage_healed":0.0,"max_hp_gain":0.0,"max_hp_loss":0.0,"gold_gain":0.0,"event_name":"SensoryStone","player_choice":"Memory 1","floor":36.0,"gold_loss":0.0,"damage_taken":0.0},{"damage_healed":0.0,"max_hp_gain":0.0,"max_hp_loss":0.0,"gold_gain":0.0,"cards_transformed":["Strike_R"],"event_name":"Transmorgrifier","player_choice":"Transformed","floor":39.0,"gold_loss":0.0,"damage_taken":0.0,"cards_obtained":["Second Wind"]}],"is_beta":false,"boss_relics":[{"not_picked":["Ectoplasm","Philosopher\u0027s Stone"],"picked":"Sozu"},{"not_picked":["Fusion Hammer","Cursed Key"],"picked":"Velvet Choker"}],"items_purged_floors":[20,37,48],"is_endless":false,"potions_floor_spawned":[4,7,10,13,16,23,25,28,35,38,46],"ascension_level":2}}