{"host":"ik8ww1p4uabx5gam","time":1611140648,"event":{"mods":["Always Whale","Aspiration","BaseMod","Beaked The Cultist","Better Third Choice","BetterRewards","Colored Map","Colored Powertips","Conspire","Energized Spire","FetchMod","GifTheSpireLib","Hubris","Infinite Spire","Ironclad Rager","Jedi Mod","Minty Spire (QoL Compilation)","Random Character Button","Replay The Spire","Shop Mod","Spicy Shops","Spikes Relics","StSLib","Stuff the Spire","The Blue Laboratory","The Gatherer","Wandering Minibosses","??????REMEMod"],"gold_per_floor":[116,116,136,136,147,178,194,310,337,337,35,55,55,195,195,305,305,333,333,353,253,253,401,401,545,571,733,733,608,608,643,643,773,773,806,826,826,826,872,1020,1038,1214,1214,1257,1301,1354,1498,1498,1498,1522],"floor_reached":51,"language":"ENG","playtime":1746,"items_purged":["Regret","Amnesia","Strike_R"],"score":1109,"play_id":"14e3dbda-1edf-46e0-bddd-5470054035b3","local_time":"20210120050408","is_ascension_mode":true,"campfire_choices":[{"data":"Armaments","floor":10.0,"key":"SMITH"},{"data":"REME_SingleHolding","floor":13.0,"key":"SMITH"},{"data":"Hyperbeam","floor":15.0,"key":"SMITH"},{"data":"Bash","floor":28,"key":"SMITH"},{"data":"Strike_R+1","floor":32,"key":"SMITH"},{"floor":49,"key":"DIG"}],"circlet_count":0,"master_deck":["Strike_R","Strike_R","Strike_R","Strike_R+2","Defend_R","Defend_R","Defend_R+1","Defend_R+1","Bash+1","Hyperbeam+1","Armaments+1","REME_EmptyShield","Carnage+1","jedi:unlimitedpower","ReplayTheSpireMod:Muscle Training+1","Offering+1","Decay","Disarm+1","Madness","Madness"],"relics":["Burning Blood","REME_ComplimentaryCards","infinitespire:Joker Card","StuffTheSpire:RedRose","REME_HourglassOfDeath","StuffTheSpire:TintedRock","Pantograph","Replay:Bandana","Lee\u0027s Waffle","REME_HandOfSuture","StuffTheSpire:SapphireSignet","Sandwich","hubris:Icosahedron","Magic Flower","ReplayTheSpireMod:TigerMarble","Durian","Simple Rune","StuffTheSpire:Gunfinga","infinitespire:Burning Sword","wanderingMiniBosses:Inkheart","hubris:DeckOfHolding","War Paint","Pear","Another Sword","SnailShell","MiniBlackHole"],"acts_visited":["Exordium","TheCity","TheBeyond"],"potions_floor_usage":[33,39,50,50],"damage_taken":[{"damage":0.0,"enemies":"2 Louse","floor":1.0,"turns":1.0},{"damage":40.0,"enemies":"Jaw Worm","floor":3.0,"turns":6.0},{"damage":0.0,"enemies":"Cultist","floor":5.0,"turns":1.0},{"damage":20.0,"enemies":"Lagavulin","floor":6.0,"turns":4.0},{"damage":2.0,"enemies":"Exordium Wildlife","floor":7.0,"turns":4.0},{"damage":9.0,"enemies":"Gremlin Nob","floor":8.0,"turns":3.0},{"damage":0.0,"enemies":"Looter","floor":12.0,"turns":1.0},{"damage":18.0,"enemies":"Lagavulin","floor":14.0,"turns":3.0},{"damage":45,"enemies":"Hexaghost","floor":16,"turns":7},{"damage":0,"enemies":"2 Thieves","floor":18,"turns":2},{"damage":10,"enemies":"3 Byrds","floor":20,"turns":2},{"damage":10,"enemies":"conspire:SneckoGhost","floor":23,"turns":4},{"damage":13,"enemies":"Nightmare","floor":25,"turns":2},{"damage":19,"enemies":"Gremlin Leader","floor":27,"turns":3},{"damage":0,"enemies":"Centurion and Healer","floor":31,"turns":2},{"damage":0,"enemies":"Automaton","floor":33,"turns":4},{"damage":1,"enemies":"3 Shapes","floor":35,"turns":2},{"damage":1,"enemies":"3 Darklings","floor":36,"turns":1},{"damage":22,"enemies":"Maw","floor":39,"turns":5},{"damage":12,"enemies":"Nemesis","floor":40,"turns":1},{"damage":1,"enemies":"Jaw Worm Horde","floor":41,"turns":1},{"damage":34,"enemies":"R_Hoarder","floor":42,"turns":3},{"damage":8,"enemies":"3 Darklings","floor":44,"turns":2},{"damage":6,"enemies":"Maw","floor":45,"turns":2},{"damage":11,"enemies":"conspire:MimicChest","floor":46,"turns":2},{"damage":28,"enemies":"Nemesis","floor":47,"turns":3},{"damage":6,"enemies":"Awakened One","floor":50,"turns":6}],"seed_played":"-4438998891924872011","potions_obtained":[{"floor":3.0,"key":"blueLaboratory:BottleOfRum"},{"floor":5.0,"key":"AttackPotion"},{"floor":8.0,"key":"GamblersBrew"},{"floor":14.0,"key":"Reflective Coating"},{"floor":23,"key":"Strength Potion"},{"floor":33,"key":"Elixir"},{"floor":35,"key":"blueLaboratory:IronCompound"},{"floor":40,"key":"blueLaboratory:SmithPotion"}],"is_trial":false,"path_per_floor":["M","?","M","?","M","E","M","E","T","R","$","M","R","E","R","B",null,"M","?","M","$","?","E","?","NM","T","E","R","$","?","M","R","B",null,"M","M","T","?","M","E","M","E","T","M","M","?","E","?","R_BF","B",null],"character_chosen":"IRONCLAD","items_purchased":["Lee\u0027s Waffle","REME_HandOfSuture"],"campfire_rested":0,"item_purchase_floors":[11,11],"current_hp_per_floor":[80,80,46,34,40,26,30,27,27,27,87,87,87,75,75,48,87,87,87,83,83,83,81,81,82,82,72,72,72,92,92,92,92,92,92,92,92,92,82,79,87,62,72,73,79,88,69,56,56,102],"gold":1522,"neow_bonus":"ONE_RARE_RELIC","is_daily":false,"chose_seed":false,"campfire_upgraded":5,"win_rate":0.0,"timestamp":1611140648,"path_taken":["M","?","M","?","M","E","M","E","T","R","$","M","R","E","R","BOSS","M","?","?","$","?","E","?","NM","T","E","R","$","?","M","R","BOSS","M","M","?","?","M","E","M","E","T","M","?","?","E","?","R_BF","BOSS"],"items_purchased_type":["Relic","Relic"],"build_version":"2020-12-22","purchased_purges":3,"victory":true,"max_hp_per_floor":[80,80,80,80,80,80,80,80,80,80,87,87,87,87,87,87,87,87,87,87,87,87,87,87,92,92,92,92,92,92,92,92,92,92,92,92,92,92,92,92,92,92,102,102,102,102,102,102,102,102],"card_choices":[{"not_picked":["Twin Strike","ReplayTheSpireMod:Strike From Hell","Second Wind"],"picked":"SKIP","floor":1.0},{"not_picked":["Cleave","Iron Wave"],"picked":"Armaments","floor":3.0},{"not_picked":["Clash","Barricade","Seeing Red"],"picked":"SKIP","floor":5.0},{"not_picked":["Bludgeon","Flame Barrier"],"picked":"REME_SingleHolding","floor":6.0},{"not_picked":["StuffTheSpire:Slingshot","Body Slam"],"picked":"Carnage","floor":7.0},{"not_picked":["Searing Blow","StuffTheSpire:Incineration","Anger"],"picked":"SKIP","floor":8.0},{"not_picked":["Wild Strike","Replay:Undeath\u0027s Touch","Run Through"],"picked":"SKIP","floor":12.0},{"not_picked":["Defy Death","jedi:controlledanger","Dark Embrace"],"picked":"SKIP","floor":14.0},{"not_picked":["StuffTheSpire:TitanForm","Double Tap"],"picked":"jedi:unlimitedpower","floor":16},{"not_picked":["Cleave","Defy Death","Ghostly Armor"],"picked":"SKIP","floor":18},{"not_picked":["Cleave","ReplayTheSpireMod:Strike From Hell"],"picked":"ReplayTheSpireMod:Muscle Training+1","floor":20},{"not_picked":["StuffTheSpire:BloodClot","Combust+1","Double Tap"],"picked":"SKIP","floor":23},{"not_picked":["Rampage","Sword Boomerang","StuffTheSpire:RagingBull+1"],"picked":"SKIP","floor":25},{"not_picked":["Sword Boomerang","Burning Pact","Dropkick+1"],"picked":"SKIP","floor":27},{"not_picked":["Cleave","Clash","ReplayTheSpireMod:Strike From Hell"],"picked":"SKIP","floor":31},{"not_picked":["Feed","Barricade"],"picked":"Offering","floor":33},{"not_picked":["Body Slam+1","Shockwave+1","True Grit+1"],"picked":"SKIP","floor":35},{"not_picked":["Shrug It Off","Pommel Strike","Warcry"],"picked":"SKIP","floor":36},{"not_picked":["Dropkick+1","Intimidate+1","StuffTheSpire:Incineration+1"],"picked":"SKIP","floor":39},{"not_picked":["Sever Soul","Flex","Clash"],"picked":"SKIP","floor":40},{"not_picked":["Anger","Armaments+1","Reckless Charge+1"],"picked":"SKIP","floor":41},{"not_picked":["StuffTheSpire:Incineration","Sword Boomerang"],"picked":"Disarm+1","floor":42},{"not_picked":["Pommel Strike+1","Replay:Many Hands","Dropkick"],"picked":"SKIP","floor":44},{"not_picked":["Thunderclap","hubris:CleavingFinish","Anger+1"],"picked":"SKIP","floor":45},{"not_picked":["Second Wind","Clothesline+1","REME_FearOfPain+1"],"picked":"SKIP","floor":47}],"player_experience":1020058,"relics_obtained":[{"floor":6.0,"key":"StuffTheSpire:TintedRock"},{"floor":8.0,"key":"Pantograph"},{"floor":9.0,"key":"Replay:Bandana"},{"floor":14.0,"key":"StuffTheSpire:SapphireSignet"},{"floor":23,"key":"Magic Flower"},{"floor":24,"key":"ReplayTheSpireMod:TigerMarble"},{"floor":25,"key":"Durian"},{"floor":26,"key":"Simple Rune"},{"floor":27,"key":"StuffTheSpire:Gunfinga"},{"floor":39,"key":"wanderingMiniBosses:Inkheart"},{"floor":40,"key":"hubris:DeckOfHolding"},{"floor":42,"key":"War Paint"},{"floor":43,"key":"Pear"},{"floor":46,"key":"Another Sword"},{"floor":47,"key":"SnailShell"},{"floor":49,"key":"MiniBlackHole"}],"event_choices":[{"damage_healed":0,"gold_gain":0,"player_choice":"Forge","damage_taken":0,"max_hp_gain":0,"max_hp_loss":0,"event_name":"Accursed Blacksmith","floor":19,"gold_loss":0,"cards_upgraded":["Carnage"]},{"cards_removed":["REME_SingleHolding"],"damage_healed":20,"gold_gain":0,"player_choice":"Offered Uncommon","damage_taken":0,"max_hp_gain":0,"max_hp_loss":0,"event_name":"Bonfire Elementals","floor":30,"gold_loss":0},{"damage_healed":0,"gold_gain":0,"player_choice":"Cursed","damage_taken":0,"max_hp_gain":0,"max_hp_loss":0,"event_name":"Wheel of Change","floor":38,"gold_loss":0,"cards_obtained":["Decay"]},{"damage_healed":0,"gold_gain":0,"player_choice":"Embrace Madness","damage_taken":13,"max_hp_gain":0,"max_hp_loss":0,"event_name":"Winding Halls","floor":48,"gold_loss":0,"cards_obtained":["Madness","Madness"]}],"is_beta":false,"boss_relics":[{"not_picked":["Fusion Hammer","hubris:CrackedHourglass"],"picked":"Sandwich"},{"not_picked":["REME_DemonsWealth","conspire:RunicOctahedron"],"picked":"infinitespire:Burning Sword"}],"items_purged_floors":[11,21,29],"is_endless":false,"potions_floor_spawned":[3,5,8,14,23,31,33,35,40,42,44,46],"ascension_level":1}}