{"host":"qwp6882a7gaon7u5","time":1611155201,"event":{"mods":["ATMod(阿瑾Mod)","BaseMod","BetterRewards","Minty Spire (QoL Compilation)","Red Circlet Mod","Replay The Spire","RumiaBox-露米娅的神秘盒子","Spicy Shops","StSLib","The Alterego","【功能Mod】混沌之环修复补丁","【遗物卡牌】REMEMod","篝火指南"],"gold_per_floor":[113,125,125,125,136,165,165,191,191,219,233,309,334,131,131,232,232,242,242,256,266,9,43,54,83,83,95,110,163,163,194,194,294,294,310,324,324,376,395,395,415,542,566,618,635,770,828,828,34,279,279,629,70,328,489],"floor_reached":56,"language":"ZHS","playtime":2539,"items_purged":["Voices","Voices","Delirium"],"score":1542,"play_id":"b8fdd899-cfbb-40a7-abcd-58f67c728056","local_time":"20210120230641","is_ascension_mode":false,"campfire_choices":[{"data":"alterego_mod:ClassAdvantage","floor":7,"key":"SMITH"},{"floor":15,"key":"RECALL"},{"data":"alterego_mod:Support","floor":30,"key":"SMITH"},{"floor":32,"key":"DIG"},{"data":"AT_EmpoweredMortalDraw","floor":40,"key":"SMITH"}],"circlet_count":0,"master_deck":["alterego_mod:Strike+1","alterego_mod:Strike","alterego_mod:Defend","alterego_mod:Defend","alterego_mod:Impale+1","alterego_mod:BigMeatyClaws","alterego_mod:BrynhildrsRune","REME_Fury+1","AT_MachinaRedman+1","alterego_mod:Birthday","alterego_mod:Support+1","alterego_mod:PresenceConcealment+1","alterego_mod:RidiculouslyBig","alterego_mod:ClassAdvantage+1","alterego_mod:Cooking","alterego_mod:IdEs","alterego_mod:Weigh+1","alterego_mod:RingBreak+1","alterego_mod:Clap+1","alterego_mod:SakuraPetals+1","alterego_mod:TrashNCrash","alterego_mod:ClassAdvantage+1","alterego_mod:TrashNCrash+1","alterego_mod:Birthday","alterego_mod:Nekomimi+1","AT_EmpoweredMortalDraw+1","Survey Options","alterego_mod:BiFurious+1","alterego_mod:Birthday+1","alterego_mod:Birthday+1","alterego_mod:SideboobHour","alterego_mod:DiscoLights+1","Sickly","ReplayTheSpireMod:Doomed","Replay:Hysterical Blindness","ReplayTheSpireMod:Splinters"],"relics":["alterego_mod:MasochisticConstitution","REME_ComplimentaryCards","AT_ATBox","Guide Book","Tiny Chest","Replay:Kaleidoscope","Strange Spoon","AT_EbonyIvory","AT_Manta","Darkstone Periapt","HornCleat","Counterbalance","REME_PuzzleBoxRelic","AT_BladeRuinedKing","ReplayTheSpireMod:CursedCoin","ReplayTheSpireMod:TigerMarble","Replay:Bottled Snecko","Astrolabe","Frozen Egg 2","ZombieArmy","ReplayTheSpireMod:Lightbulb","AT_ForceNature","Potion Belt","Red Mask","AT_MortalBlade","AT_TheCollector","BranchBurnRelic","Replay:Multitool","Replay:Rubber Ducky","Regal Pillow","REME_ArchaeologicalTools","AT_BellowingDragoncrestRing","Whetstone","REME_LimitBreaker","Ring of Peace","Ring of Greed","Old Coin","Blue Doll","Frozen Eye","GodSword6","AT_MibuBalloonWealth"],"acts_visited":["Exordium","TheCity","TheBeyond","TheEnding"],"potions_floor_usage":[8,10,38,38,38,55],"damage_taken":[{"damage":0,"enemies":"Small Slimes","floor":1,"turns":1},{"damage":5,"enemies":"2 Louse","floor":2,"turns":2},{"damage":1,"enemies":"Jaw Worm","floor":5,"turns":2},{"damage":0,"enemies":"Replay:BlueRogue","floor":6,"turns":4},{"damage":0,"enemies":"Gremlin Nob","floor":8,"turns":3},{"damage":0,"enemies":"3 Sentries","floor":10,"turns":3},{"damage":0,"enemies":"3 Louse","floor":11,"turns":3},{"damage":0,"enemies":"Slime Boss","floor":16,"turns":2},{"damage":0,"enemies":"Chosen","floor":18,"turns":1},{"damage":3,"enemies":"Spheric Guardian","floor":20,"turns":3},{"damage":0,"enemies":"Shelled Parasite and Fungi","floor":21,"turns":1},{"damage":0,"enemies":"Book of Stabbing","floor":23,"turns":1},{"damage":0,"enemies":"Snake Plant","floor":24,"turns":2},{"damage":0,"enemies":"REME_1_Revenger","floor":25,"turns":2},{"damage":12,"enemies":"Centurion and Healer","floor":27,"turns":2},{"damage":10,"enemies":"Chosen and Byrds","floor":28,"turns":2},{"damage":0,"enemies":"Masked Bandits","floor":31,"turns":2},{"damage":0,"enemies":"Automaton","floor":33,"turns":3},{"damage":16,"enemies":"Orb Walker","floor":35,"turns":2},{"damage":0,"enemies":"3 Darklings","floor":36,"turns":2},{"damage":10,"enemies":"2 Orb Walkers","floor":38,"turns":2},{"damage":3,"enemies":"Transient","floor":39,"turns":4},{"damage":23,"enemies":"Writhing Mass","floor":41,"turns":3},{"damage":31,"enemies":"Nemesis","floor":42,"turns":3},{"damage":11,"enemies":"Jaw Worm Horde","floor":45,"turns":2},{"damage":0,"enemies":"R_Hoarder","floor":46,"turns":4},{"damage":0,"enemies":"3 Darklings","floor":47,"turns":1},{"damage":0,"enemies":"Replay:Hell Engine","floor":50,"turns":2},{"damage":0,"enemies":"Shield and Spear","floor":54,"turns":3},{"damage":22,"enemies":"The Heart","floor":55,"turns":5}],"seed_played":"1694177836279933278","potions_obtained":[{"floor":2,"key":"SteroidPotion"},{"floor":5,"key":"Dexterity Potion"},{"floor":6,"key":"ColorlessPotion"},{"floor":8,"key":"Ancient Potion"},{"floor":20,"key":"EssenceOfSteel"},{"floor":21,"key":"PowerPotion"},{"floor":38,"key":"Weak Potion"},{"floor":41,"key":"Ancient Potion"},{"floor":42,"key":"Explosive Potion"}],"is_trial":false,"path_per_floor":["M","M","?","?","M","E","R","E","T","E","M","?","T","$","R","B",null,"M","?","M","M","$","E","M","E","T","M","M","T","R","?","R","B",null,"M","M","?","?","M","R","M","E","T","T","M","E","M","?","R","B",null,"R","$","E","B",null],"character_chosen":"The_Alterego","items_purchased":["Guide Book","Tiny Chest","Replay:Kaleidoscope","Strange Spoon","AT_EbonyIvory","ReplayTheSpireMod:CursedCoin","ReplayTheSpireMod:TigerMarble","Replay:Bottled Snecko","Frozen Egg 2","AT_BellowingDragoncrestRing","Whetstone","REME_LimitBreaker","alterego_mod:DiscoLights+1","Frozen Eye","GodSword6"],"campfire_rested":0,"item_purchase_floors":[0,0,0,0,0,14,14,14,22,49,49,49,49,53,53],"current_hp_per_floor":[38,34,34,22,26,26,26,30,30,48,52,34,34,40,40,40,78,78,78,76,76,76,79,79,79,79,68,65,65,65,69,69,79,81,66,66,66,63,67,67,58,44,44,44,42,71,75,75,75,83,83,101,101,113,110],"gold":489,"neow_bonus":"","is_daily":false,"chose_seed":false,"campfire_upgraded":3,"win_rate":0.0,"timestamp":1611155201,"path_taken":["M","M","?","?","M","E","R","E","T","E","M","?","?","?","R","BOSS","M","?","M","M","$","E","M","E","T","M","?","?","R","?","R","BOSS","M","M","?","?","M","R","M","E","T","?","M","E","M","?","R","BOSS","R","$","E","BOSS"],"items_purchased_type":["Relic","Relic","Relic","Relic","Relic","Relic","Relic","Relic","Relic","Relic","Relic","Relic","Card","Relic","Relic"],"build_version":"2020-12-22","purchased_purges":3,"victory":true,"max_hp_per_floor":[70,71,71,71,72,72,72,72,72,72,72,72,72,78,78,78,78,78,78,79,79,79,79,79,79,79,80,81,81,81,81,81,81,81,82,82,82,83,84,84,85,86,86,86,87,87,87,83,83,83,83,101,101,113,120],"card_choices":[{"not_picked":["alterego_mod:DeftHands","alterego_mod:Cycle"],"picked":"alterego_mod:Birthday","floor":1},{"not_picked":["alterego_mod:GachaTicket","alterego_mod:Clones"],"picked":"alterego_mod:Support","floor":2},{"not_picked":["alterego_mod:SakuraLabyrinth","alterego_mod:Clap"],"picked":"alterego_mod:RidiculouslyBig","floor":5},{"not_picked":["alterego_mod:Undulate","alterego_mod:DiscoLights"],"picked":"alterego_mod:ClassAdvantage","floor":6},{"not_picked":["alterego_mod:PresenceConcealment","alterego_mod:Pet","alterego_mod:GoddessCore"],"picked":"SKIP","floor":8},{"not_picked":["alterego_mod:DiscoLights","alterego_mod:Undulate","alterego_mod:GoddessCore"],"picked":"SKIP","floor":10},{"not_picked":["alterego_mod:Complex","alterego_mod:Maid","alterego_mod:RidiculouslyBig"],"picked":"SKIP","floor":11},{"not_picked":["alterego_mod:DeftHands","alterego_mod:Punishment"],"picked":"alterego_mod:Cooking","floor":12},{"not_picked":["alterego_mod:Exercise","alterego_mod:Jiggle"],"picked":"alterego_mod:IdEs","floor":12},{"not_picked":["alterego_mod:Alter","alterego_mod:STier"],"picked":"alterego_mod:Weigh","floor":16},{"not_picked":["alterego_mod:DustData","alterego_mod:PerceptionDisorder","alterego_mod:DiscoLights"],"picked":"SKIP","floor":18},{"not_picked":["alterego_mod:DestructionOfProperty","alterego_mod:Birthday"],"picked":"alterego_mod:TrashNCrash","floor":20},{"not_picked":["alterego_mod:Tantrum","alterego_mod:Bounce","alterego_mod:BusterCard"],"picked":"SKIP","floor":21},{"not_picked":["alterego_mod:Punishment+1","alterego_mod:Santa"],"picked":"alterego_mod:ClassAdvantage+1","floor":23},{"not_picked":["alterego_mod:PresenceConcealment+1","alterego_mod:Pet"],"picked":"alterego_mod:TrashNCrash+1","floor":24},{"not_picked":["alterego_mod:Skirt","alterego_mod:Punishment+1","alterego_mod:Bounce"],"picked":"SKIP","floor":25},{"not_picked":["alterego_mod:SakuraFive","alterego_mod:BoobPocket"],"picked":"alterego_mod:Birthday","floor":27},{"not_picked":["alterego_mod:GoddessCore","alterego_mod:Table+1","alterego_mod:Maid"],"picked":"SKIP","floor":28},{"not_picked":["alterego_mod:Belle","alterego_mod:Crossover"],"picked":"alterego_mod:Nekomimi+1","floor":31},{"not_picked":["alterego_mod:DeftHands","alterego_mod:Cycle+1","alterego_mod:SakuraPetals+1"],"picked":"SKIP","floor":35},{"not_picked":["alterego_mod:MaintainEyeContact+1","alterego_mod:Jiggle","alterego_mod:DestructionOfProperty+1"],"picked":"SKIP","floor":36},{"not_picked":["Secret Technique","Replay:Parry"],"picked":"Survey Options","floor":37},{"not_picked":["alterego_mod:PerceptionDisorder+1","alterego_mod:MaintainEyeContact"],"picked":"alterego_mod:BiFurious+1","floor":38},{"not_picked":["alterego_mod:Skirt","alterego_mod:Jiggle"],"picked":"alterego_mod:Birthday+1","floor":39},{"not_picked":["alterego_mod:MagicResistance+1","alterego_mod:Skirt","alterego_mod:Exercise+1"],"picked":"SKIP","floor":41},{"not_picked":["alterego_mod:Bloomers+1","alterego_mod:MaintainEyeContact+1"],"picked":"alterego_mod:Birthday+1","floor":42},{"not_picked":["alterego_mod:DeftHands","alterego_mod:1TonWallop+1","alterego_mod:Punishment+1"],"picked":"SKIP","floor":45},{"not_picked":["alterego_mod:HighServant+1","alterego_mod:SakuraFive"],"picked":"alterego_mod:SideboobHour","floor":46},{"not_picked":["alterego_mod:SakuraFive","alterego_mod:GoddessCore","alterego_mod:Jiggle"],"picked":"SKIP","floor":47},{"not_picked":["alterego_mod:RocketPunch+1","alterego_mod:Stockings","alterego_mod:Clap+1"],"picked":"SKIP","floor":54}],"player_experience":169229,"relics_obtained":[{"floor":6,"key":"Darkstone Periapt"},{"floor":8,"key":"HornCleat"},{"floor":10,"key":"Counterbalance"},{"floor":12,"key":"REME_PuzzleBoxRelic"},{"floor":13,"key":"AT_BladeRuinedKing"},{"floor":23,"key":"ZombieArmy"},{"floor":25,"key":"ReplayTheSpireMod:Lightbulb"},{"floor":26,"key":"AT_ForceNature"},{"floor":29,"key":"Potion Belt"},{"floor":31,"key":"Red Mask"},{"floor":32,"key":"Dead Branch"},{"floor":38,"key":"AT_TheCollector"},{"floor":42,"key":"Replay:Multitool"},{"floor":43,"key":"Replay:Rubber Ducky"},{"floor":44,"key":"Regal Pillow"},{"floor":46,"key":"REME_ArchaeologicalTools"},{"floor":52,"key":"Ring of Peace"},{"floor":52,"key":"Ring of Greed"},{"floor":52,"key":"Old Coin"},{"floor":52,"key":"Blue Doll"},{"floor":54,"key":"AT_MibuBalloonWealth"}],"event_choices":[{"damage_healed":0,"gold_gain":0,"player_choice":"Success","damage_taken":12,"relics_obtained":["AT_Manta"],"max_hp_gain":0,"max_hp_loss":0,"event_name":"Scrap Ooze","floor":4,"gold_loss":0},{"damage_healed":0,"gold_gain":0,"player_choice":"Upgraded","damage_taken":0,"max_hp_gain":0,"max_hp_loss":0,"event_name":"Upgrade Shrine","floor":19,"gold_loss":0,"cards_upgraded":["alterego_mod:Impale"]},{"damage_healed":0,"gold_gain":0,"player_choice":"Fought Bandits","damage_taken":0,"max_hp_gain":0,"max_hp_loss":0,"event_name":"Masked Bandits","floor":31,"gold_loss":0},{"damage_healed":0,"gold_gain":0,"player_choice":"Memory 1","damage_taken":0,"max_hp_gain":0,"max_hp_loss":0,"event_name":"SensoryStone","floor":37,"gold_loss":0},{"damage_healed":0,"gold_gain":0,"player_choice":"Fight","damage_taken":0,"max_hp_gain":0,"max_hp_loss":0,"event_name":"Mysterious Sphere","floor":38,"gold_loss":0},{"damage_healed":0,"gold_gain":0,"player_choice":"Max HP","damage_taken":0,"max_hp_gain":0,"max_hp_loss":4,"event_name":"Winding Halls","floor":48,"gold_loss":0}],"is_beta":false,"boss_relics":[{"not_picked":["Abe\u0027s Treasure","Honey Jar"],"picked":"Astrolabe"},{"not_picked":["ChewingGum","Busted Crown"],"picked":"AT_MortalBlade"}],"items_purged_floors":[14,53,53],"is_endless":false,"potions_floor_spawned":[2,5,6,8,20,21,23,38,41,42,46],"ascension_level":0}}