{"host":"sc0o2qwpf9j16a4i","time":1611178741,"event":{"mods":["AchievementEnabler","BaseMod","BetterRewards","Block Reminder","Colored Map","Colored Powertips","Custom Start","Highlight Path","Minty Spire (QoL Compilation)","Relic Stats"],"gold_per_floor":[110,75,75,93,18,51,51,86,86,86,100,21,49,124,124,196,196,213,213,230,14,26,26,53,72,72,72,72,72,72,91,91,165,165,204,224,62,81,159,176,219,219,219,260,310,328,366,404,404,404,404,404,404,17,48,48],"floor_reached":57,"language":"ENG","playtime":2681,"items_purged":["Strike_P","Strike_P+1"],"score":3473,"play_id":"148b2329-e3ea-402b-ab61-f9579f610e66","local_time":"20210120233901","is_ascension_mode":true,"campfire_choices":[{"floor":7,"key":"REST"},{"data":"Worship","floor":10,"key":"SMITH"},{"data":"Prostrate","floor":15,"key":"SMITH"},{"data":"Fasting2","floor":23,"key":"SMITH"},{"data":"SpiritShield","floor":28,"key":"SMITH"},{"data":"MentalFortress","floor":30,"key":"SMITH"},{"data":"LikeWater","floor":32,"key":"SMITH"},{"floor":42,"key":"RECALL"},{"data":"Wish","floor":49,"key":"SMITH"},{"data":"Ragnarok","floor":53,"key":"SMITH"}],"circlet_count":0,"master_deck":["AscendersBane","Strike_P+1","Strike_P+1","Defend_P+1","Defend_P+1","Defend_P+1","Defend_P+1","Eruption+1","Vigilance","Worship+1","Wallop","Wireheading","FlyingSleeves","LikeWater+1","Prostrate+1","WindmillStrike","CarveReality","Consecrate","Indignation","Wallop","TalkToTheHand+1","Ragnarok+1","ThirdEye","Fasting2+1","Crescendo+1","Worship+1","MentalFortress+1","ClearTheMind","Prostrate","SpiritShield+1","Protect","Wish+1","Nirvana+1","Nirvana+1","Meditate","Study"],"relics":["PureWater","ClockworkSouvenir","HornCleat","Matryoshka","OrangePellets","Shuriken","Lantern","Singing Bowl","Torii","Prayer Wheel","Whetstone","Bronze Scales","Eternal Feather","Sundial","Runic Pyramid","DollysMirror","Nunchaku","Yang","InkBottle","MutagenicStrength","Busted Crown","Bag of Preparation","Kunai","Peace Pipe","Membership Card","Orichalcum","Akabeko"],"acts_visited":["Exordium","TheCity","TheBeyond","TheEnding"],"potions_floor_usage":[6,13,18,24,35,38,44,46,56,56],"damage_taken":[{"damage":0,"enemies":"2 Louse","floor":1,"turns":3},{"damage":6,"enemies":"Jaw Worm","floor":4,"turns":4},{"damage":15,"enemies":"3 Sentries","floor":6,"turns":5},{"damage":1,"enemies":"Gremlin Nob","floor":8,"turns":3},{"damage":1,"enemies":"Small Slimes","floor":11,"turns":3},{"damage":1,"enemies":"3 Sentries","floor":13,"turns":8},{"damage":0,"enemies":"Slime Boss","floor":16,"turns":6},{"damage":24,"enemies":"3 Byrds","floor":18,"turns":3},{"damage":1,"enemies":"2 Thieves","floor":20,"turns":4},{"damage":1,"enemies":"Snake Plant","floor":22,"turns":3},{"damage":30,"enemies":"Slavers","floor":24,"turns":4},{"damage":1,"enemies":"Centurion and Healer","floor":25,"turns":5},{"damage":0,"enemies":"3 Cultists","floor":31,"turns":3},{"damage":28,"enemies":"Collector","floor":33,"turns":9},{"damage":0,"enemies":"3 Darklings","floor":35,"turns":5},{"damage":1,"enemies":"3 Shapes","floor":36,"turns":4},{"damage":13,"enemies":"Jaw Worm Horde","floor":38,"turns":2},{"damage":0,"enemies":"Spire Growth","floor":40,"turns":4},{"damage":6,"enemies":"4 Shapes","floor":41,"turns":4},{"damage":0,"enemies":"Maw","floor":44,"turns":6},{"damage":11,"enemies":"Giant Head","floor":45,"turns":8},{"damage":10,"enemies":"3 Darklings","floor":46,"turns":5},{"damage":8,"enemies":"Transient","floor":47,"turns":6},{"damage":8,"enemies":"Sphere and 2 Shapes","floor":48,"turns":7},{"damage":28,"enemies":"Time Eater","floor":50,"turns":11},{"damage":54,"enemies":"Awakened One","floor":51,"turns":10},{"damage":30,"enemies":"Shield and Spear","floor":55,"turns":6},{"damage":11,"enemies":"The Heart","floor":56,"turns":9}],"seed_played":"3791404584097713321","potions_obtained":[{"floor":4,"key":"EssenceOfSteel"},{"floor":11,"key":"Fire Potion"},{"floor":20,"key":"AttackPotion"},{"floor":25,"key":"SneckoOil"},{"floor":33,"key":"SkillPotion"},{"floor":36,"key":"AttackPotion"},{"floor":38,"key":"Ancient Potion"},{"floor":44,"key":"Fire Potion"}],"is_trial":false,"path_per_floor":["M","?","?","M","$","E","R","E","T","R","M","$","E","?","R","B",null,"M","?","M","$","M","R","E","M","T","?","R","?","R","M","R","B",null,"M","M","$","M","T","M","M","R","T","M","E","M","M","M","R","B","B",null,"R","$","E","B",null],"character_chosen":"WATCHER","items_purchased":["ClockworkSouvenir","HornCleat","Matryoshka","Worship","Wallop","OrangePellets","Shuriken","Lantern","Wireheading","Singing Bowl","Torii","FlyingSleeves","LikeWater","SteroidPotion","TalkToTheHand","DollysMirror","MentalFortress","Bag of Preparation","Membership Card","Meditate","Orichalcum","PowerPotion","Study"],"campfire_rested":1,"item_purchase_floors":[0,0,0,0,0,0,0,0,0,0,0,0,0,0,12,21,21,37,54,54,54,54,54],"current_hp_per_floor":[19,36,58,52,52,37,57,56,56,65,64,64,65,54,66,66,69,47,47,46,46,47,62,32,33,33,33,51,51,69,71,78,50,71,75,76,76,67,67,69,67,88,88,92,83,77,73,69,90,62,8,86,107,107,79,68],"gold":48,"neow_bonus":"","is_daily":false,"chose_seed":false,"campfire_upgraded":8,"win_rate":0.0,"timestamp":1611178741,"path_taken":["M","?","?","M","?","E","R","E","T","R","M","$","E","?","R","BOSS","M","?","M","$","M","R","E","M","T","?","R","?","R","M","R","BOSS","M","M","$","M","?","M","M","R","T","M","E","?","M","M","R","BOSS","BOSS","R","$","E","BOSS"],"items_purchased_type":["Relic","Relic","Relic","Card","Card","Relic","Relic","Relic","Card","Relic","Relic","Card","Card","Potion","Card","Relic","Card","Relic","Relic","Card","Relic","Potion","Card"],"build_version":"2020-12-22","purchased_purges":2,"victory":true,"max_hp_per_floor":[68,68,68,68,68,68,68,68,68,68,68,68,70,70,70,70,70,72,72,72,72,74,74,74,76,76,76,76,76,76,78,78,78,78,82,84,84,88,88,90,94,94,94,98,100,104,108,112,112,112,112,112,112,112,114,114],"relic_stats":{"Singing Bowl":46,"Torii":54,"counters":[212,1009],"Eternal Feather":147,"Yang":[159],"Bag of Preparation":[118],"Whetstone":["Strike_P","Eruption"],"Orichalcum":[12],"Peace Pipe":0,"OrangePellets":[55],"Nunchaku":[16],"Busted Crown":40,"Shuriken":[31],"Sundial":[22],"Bronze Scales":[833],"Prayer Wheel":15,"Kunai":[51],"obtain_stats":[{"Ice Cream":28,"Gremlin Horn":31,"CeramicFish":9,"Vajra":29,"Whetstone":6,"Old Coin":24,"Blood Vial":0,"Centennial Puzzle":44,"HornCleat":7,"FaceOfCleric":12,"Sundial":24,"DollysMirror":21,"MealTicket":7,"Prayer Wheel":0,"VioletLotus":34,"Kunai":40,"Girya":0,"Pear":30,"Happy Flower":9,"Blue Candle":30,"Astrolabe":34,"Oddly Smooth Stone":7,"Eternal Feather":24,"Pen Nib":6,"Akabeko":0,"WarpedTongs":2,"SlaversCollar":34,"OrangePellets":0,"Shuriken":0,"Bronze Scales":9,"Bird Faced Urn":0,"MutagenicStrength":27,"Snecko Eye":17,"Pandora\u0027s Box":34,"Molten Egg 2":46,"NlothsMask":4,"Meat on the Bone":0,"Lantern":0,"Regal Pillow":14,"Torii":47,"Singing Bowl":40,"Melange":0,"StoneCalendar":7,"Mango":19,"Yang":26,"Bag of Preparation":29,"Incense Burner":0,"Juzu Bracelet":10,"Ancient Tea Set":0,"Smiling Mask":28,"ClockworkSouvenir":0,"Frozen Eye":0,"Dream Catcher":0,"Nunchaku":24,"Shovel":37,"Matryoshka":0,"Mummified Hand":26,"Pantograph":9,"Tiny Chest":0,"Red Mask":28,"InkBottle":53,"Runic Pyramid":17,"Lee\u0027s Waffle":0,"Golden Idol":8,"Damaru":44,"PreservedInsect":9,"The Courier":26,"Omamori":0,"Orichalcum":11,"Odd Mushroom":13,"GoldenEye":8,"MawBank":26,"Mercury Hourglass":0,"Peace Pipe":31,"Strange Spoon":30,"Anchor":42,"CaptainsWheel":48,"Busted Crown":17,"Ornamental Fan":9,"Orrery":20,"Bag of Marbles":0,"Membership Card":13,"Bottled Lightning":27,"PureWater":0,"TungstenRod":36,"Toy Ornithopter":49},{"Ice Cream":86,"Gremlin Horn":32,"CeramicFish":103,"Vajra":169,"Whetstone":4,"Old Coin":26,"Blood Vial":99,"Centennial Puzzle":66,"HornCleat":49,"FaceOfCleric":77,"Sundial":167,"DollysMirror":193,"MealTicket":20,"Prayer Wheel":99,"VioletLotus":61,"Kunai":64,"Girya":71,"Pear":30,"Happy Flower":132,"Blue Candle":112,"Astrolabe":172,"Oddly Smooth Stone":11,"Eternal Feather":57,"Pen Nib":159,"Akabeko":128,"WarpedTongs":16,"SlaversCollar":114,"OrangePellets":128,"Shuriken":71,"Bronze Scales":49,"Bird Faced Urn":71,"MutagenicStrength":196,"Snecko Eye":23,"Pandora\u0027s Box":89,"Molten Egg 2":122,"NlothsMask":36,"Meat on the Bone":45,"Lantern":99,"Regal Pillow":136,"Torii":68,"Singing Bowl":93,"Melange":155,"StoneCalendar":75,"Mango":165,"Yang":196,"Bag of Preparation":59,"Incense Burner":128,"Juzu Bracelet":161,"Ancient Tea Set":0,"Smiling Mask":29,"ClockworkSouvenir":71,"Frozen Eye":140,"Dream Catcher":7,"Nunchaku":153,"Shovel":117,"Matryoshka":155,"Mummified Hand":111,"Pantograph":5,"Tiny Chest":128,"Red Mask":59,"InkBottle":126,"Runic Pyramid":43,"Lee\u0027s Waffle":45,"Golden Idol":11,"Damaru":66,"PreservedInsect":11,"The Courier":84,"Omamori":99,"Orichalcum":40,"Odd Mushroom":105,"GoldenEye":5,"MawBank":27,"Mercury Hourglass":71,"Peace Pipe":32,"Strange Spoon":87,"Anchor":66,"CaptainsWheel":180,"Busted Crown":80,"Ornamental Fan":20,"Orrery":82,"Bag of Marbles":33,"Membership Card":21,"Bottled Lightning":58,"PureWater":0,"TungstenRod":91,"Toy Ornithopter":124},{"Ice Cream":408,"Gremlin Horn":154,"CeramicFish":492,"Vajra":780,"Whetstone":15,"Old Coin":132,"Blood Vial":480,"Centennial Puzzle":317,"HornCleat":239,"FaceOfCleric":377,"Sundial":772,"DollysMirror":898,"MealTicket":104,"Prayer Wheel":480,"VioletLotus":288,"Kunai":302,"Girya":358,"Pear":147,"Happy Flower":621,"Blue Candle":529,"Astrolabe":793,"Oddly Smooth Stone":57,"Eternal Feather":271,"Pen Nib":730,"Akabeko":614,"WarpedTongs":84,"SlaversCollar":540,"OrangePellets":614,"Shuriken":358,"Bronze Scales":239,"Bird Faced Urn":358,"MutagenicStrength":910,"Snecko Eye":118,"Pandora\u0027s Box":424,"Molten Egg 2":574,"NlothsMask":172,"Meat on the Bone":227,"Lantern":480,"Regal Pillow":631,"Torii":328,"Singing Bowl":445,"Melange":716,"StoneCalendar":367,"Mango":761,"Yang":910,"Bag of Preparation":276,"Incense Burner":614,"Juzu Bracelet":742,"Ancient Tea Set":0,"Smiling Mask":142,"ClockworkSouvenir":358,"Frozen Eye":653,"Dream Catcher":28,"Nunchaku":706,"Shovel":549,"Matryoshka":716,"Mummified Hand":523,"Pantograph":22,"Tiny Chest":614,"Red Mask":276,"InkBottle":605,"Runic Pyramid":214,"Lee\u0027s Waffle":227,"Golden Idol":57,"Damaru":317,"PreservedInsect":57,"The Courier":397,"Omamori":480,"Orichalcum":195,"Odd Mushroom":499,"GoldenEye":22,"MawBank":135,"Mercury Hourglass":358,"Peace Pipe":154,"Strange Spoon":412,"Anchor":317,"CaptainsWheel":831,"Busted Crown":388,"Ornamental Fan":104,"Orrery":392,"Bag of Marbles":162,"Membership Card":106,"Bottled Lightning":273,"PureWater":0,"TungstenRod":436,"Toy Ornithopter":585}],"InkBottle":[36]},"card_choices":[{"not_picked":["JustLucky","EmptyFist"],"picked":"Prostrate","floor":1},{"not_picked":["CrushJoints","JustLucky"],"picked":"WindmillStrike","floor":4},{"not_picked":["FollowUp","CutThroughFate"],"picked":"CarveReality","floor":6},{"not_picked":["ForeignInfluence","Swivel"],"picked":"Consecrate","floor":8},{"not_picked":["JustLucky","ThirdEye"],"picked":"Indignation","floor":11},{"not_picked":["EmptyFist","SashWhip"],"picked":"Wallop","floor":11},{"not_picked":["CrushJoints","Consecrate","CutThroughFate"],"picked":"Singing Bowl","floor":13},{"not_picked":["Alpha","ConjureBlade"],"picked":"Ragnarok","floor":16},{"not_picked":["JustLucky","WindmillStrike","EmptyBody"],"picked":"Singing Bowl","floor":18},{"not_picked":["FollowUp","BowlingBash"],"picked":"ThirdEye","floor":18},{"not_picked":["Evaluate","EmptyBody"],"picked":"Fasting2","floor":20},{"not_picked":["CrushJoints","Conclude"],"picked":"Crescendo+1","floor":20},{"not_picked":["FollowUp","Wireheading"],"picked":"ClearTheMind","floor":22},{"not_picked":["CrushJoints","SashWhip","BowlingBash"],"picked":"Singing Bowl","floor":22},{"not_picked":["SignatureMove","Evaluate"],"picked":"Prostrate","floor":24},{"not_picked":["Prostrate","Halt"],"picked":"SpiritShield","floor":25},{"not_picked":["Sanctity","Swivel","Evaluate+1"],"picked":"Singing Bowl","floor":25},{"not_picked":["ReachHeaven","CutThroughFate"],"picked":"Protect","floor":31},{"not_picked":["SandsOfTime","Perseverance","SpiritShield"],"picked":"Singing Bowl","floor":31},{"not_picked":["Judgement","Brilliance"],"picked":"Wish","floor":33},{"not_picked":["Evaluate"],"picked":"Singing Bowl","floor":35},{"not_picked":["Evaluate+1"],"picked":"Singing Bowl","floor":35},{"not_picked":[],"picked":"Nirvana+1","floor":36},{"not_picked":["Halt+1"],"picked":"Singing Bowl","floor":36},{"not_picked":["FlyingSleeves"],"picked":"Singing Bowl","floor":38},{"not_picked":["Evaluate"],"picked":"Singing Bowl","floor":38},{"not_picked":[],"picked":"Nirvana+1","floor":40},{"not_picked":["EmptyFist"],"picked":"Singing Bowl","floor":40},{"not_picked":["FollowUp"],"picked":"Singing Bowl","floor":41},{"not_picked":["ThirdEye"],"picked":"Singing Bowl","floor":41},{"not_picked":["Evaluate"],"picked":"Singing Bowl","floor":44},{"not_picked":["CutThroughFate"],"picked":"Singing Bowl","floor":44},{"not_picked":["FlurryOfBlows"],"picked":"Singing Bowl","floor":45},{"not_picked":["JustLucky"],"picked":"Singing Bowl","floor":46},{"not_picked":["MasterReality"],"picked":"Singing Bowl","floor":46},{"not_picked":["CrushJoints+1"],"picked":"Singing Bowl","floor":47},{"not_picked":["Halt+1"],"picked":"Singing Bowl","floor":47},{"not_picked":["FlurryOfBlows"],"picked":"Singing Bowl","floor":48},{"not_picked":["Wireheading"],"picked":"Singing Bowl","floor":48},{"not_picked":["EmptyFist"],"picked":"Singing Bowl","floor":55}],"player_experience":812493,"relics_obtained":[{"floor":6,"key":"Prayer Wheel"},{"floor":8,"key":"Whetstone"},{"floor":9,"key":"Bronze Scales"},{"floor":9,"key":"Eternal Feather"},{"floor":13,"key":"Sundial"},{"floor":24,"key":"Nunchaku"},{"floor":26,"key":"Yang"},{"floor":26,"key":"InkBottle"},{"floor":39,"key":"Kunai"},{"floor":45,"key":"Peace Pipe"},{"floor":55,"key":"Akabeko"}],"event_choices":[{"damage_healed":17,"gold_gain":0,"player_choice":"Healed","damage_taken":0,"max_hp_gain":0,"max_hp_loss":0,"event_name":"The Cleric","floor":2,"gold_loss":35},{"damage_healed":22,"gold_gain":0,"player_choice":"Banana","damage_taken":0,"max_hp_gain":0,"max_hp_loss":0,"event_name":"Big Fish","floor":3,"gold_loss":0},{"damage_healed":0,"gold_gain":75,"player_choice":"Gather Gold","damage_taken":11,"max_hp_gain":0,"max_hp_loss":0,"event_name":"World of Goop","floor":14,"gold_loss":0},{"damage_healed":0,"gold_gain":0,"player_choice":"Simplicity","damage_taken":0,"max_hp_gain":0,"max_hp_loss":0,"event_name":"Back to Basics","floor":19,"gold_loss":0,"cards_upgraded":["Strike_P","Strike_P","Defend_P","Defend_P","Defend_P","Defend_P"]},{"damage_healed":0,"gold_gain":0,"player_choice":"Inject Mutagens","damage_taken":0,"relics_obtained":["MutagenicStrength"],"max_hp_gain":0,"max_hp_loss":0,"event_name":"Drug Dealer","floor":27,"gold_loss":0},{"damage_healed":0,"gold_gain":0,"player_choice":"Upgraded","damage_taken":0,"max_hp_gain":0,"max_hp_loss":0,"event_name":"Upgrade Shrine","floor":29,"gold_loss":0,"cards_upgraded":["TalkToTheHand"]}],"is_beta":false,"boss_relics":[{"not_picked":["VioletLotus","SlaversCollar"],"picked":"Runic Pyramid"},{"not_picked":["Fusion Hammer","Velvet Choker"],"picked":"Busted Crown"}],"items_purged_floors":[5,54],"is_endless":false,"potions_floor_spawned":[4,11,20,25,33,36,38,44,45],"ascension_level":20}}