{"host":"rspt8ghchagqewrq","time":1611158629,"event":{"mods":["AchievementEnabler","BaseMod","Colored Map","Colored Powertips","Minty Spire (QoL Compilation)","Quick Restart"],"gold_per_floor":[109,109,109,109,109,136,146,160,187,187,32,46,46,56,56,159,159,176,176,50,62,79,93,122,134,134,134,154,154,69,88,88,184,184,195,195,155,174,224,224,249,249,249,267,322,322,322,322,322,322,322],"floor_reached":50,"language":"FRA","playtime":2268,"items_purged":[],"score":565,"play_id":"f2a94909-0847-4a82-a52b-f7209ea2687a","local_time":"20210120170349","is_ascension_mode":false,"campfire_choices":[{"floor":13.0,"key":"REST"},{"data":"Masterful Stab","floor":15.0,"key":"SMITH"},{"floor":27.0,"key":"REST"},{"floor":32.0,"key":"REST"},{"data":"Blade Dance","floor":40.0,"key":"SMITH"},{"data":"Die Die Die","floor":42.0,"key":"SMITH"},{"data":"Accuracy","floor":46.0,"key":"SMITH"},{"data":"Neutralize","floor":49.0,"key":"SMITH"}],"circlet_count":0,"master_deck":["Strike_G","Strike_G","Strike_G","Strike_G","Strike_G","Defend_G","Defend_G","Defend_G","Defend_G","Survivor","Neutralize+1","Dagger Spray","Backflip","Bane","Slice","Masterful Stab+1","Accuracy+1","Unload","CurseOfTheBell","Reflex+1","Cloak And Dagger+1","All Out Attack","Prepared","Blade Dance+1","Flying Knee","Writhe","Die Die Die+1","Leg Sweep","Blade Dance+1","Flechettes+1","Accuracy+1","PiercingWail","Forethought"],"relics":["WristBlade","Bag of Preparation","Bottled Flame","Bag of Marbles","Membership Card","Calling Bell","Snake Skull","Eternal Feather","Ice Cream","Bottled Tornado","Juzu Bracelet","Regal Pillow","Ancient Tea Set","Lantern","SlaversCollar","Du-Vu Doll","Mango","Gremlin Horn","Gambling Chip"],"acts_visited":["Exordium","TheCity","TheBeyond"],"potions_floor_usage":[50],"damage_taken":[{"damage":0.0,"enemies":"2 Louse","floor":1.0,"turns":3.0},{"damage":40.0,"enemies":"Gremlin Nob","floor":6.0,"turns":6.0},{"damage":0.0,"enemies":"Cultist","floor":7.0,"turns":3.0},{"damage":0.0,"enemies":"Small Slimes","floor":8.0,"turns":3.0},{"damage":1.0,"enemies":"Gremlin Gang","floor":12.0,"turns":3.0},{"damage":0.0,"enemies":"Exordium Wildlife","floor":14.0,"turns":2.0},{"damage":46.0,"enemies":"The Guardian","floor":16.0,"turns":14.0},{"damage":1.0,"enemies":"Chosen","floor":18.0,"turns":4.0},{"damage":14.0,"enemies":"Shell Parasite","floor":21.0,"turns":6.0},{"damage":0.0,"enemies":"Sentry and Sphere","floor":22.0,"turns":4.0},{"damage":8.0,"enemies":"Centurion and Healer","floor":23.0,"turns":4.0},{"damage":7.0,"enemies":"Slavers","floor":24.0,"turns":2.0},{"damage":18.0,"enemies":"Shelled Parasite and Fungi","floor":25.0,"turns":3.0},{"damage":26.0,"enemies":"Snake Plant","floor":28.0,"turns":4.0},{"damage":3.0,"enemies":"3 Cultists","floor":31.0,"turns":4.0},{"damage":72.0,"enemies":"Champ","floor":33.0,"turns":8.0},{"damage":0.0,"enemies":"Orb Walker","floor":35.0,"turns":1.0},{"damage":15.0,"enemies":"3 Darklings","floor":38.0,"turns":3.0},{"damage":20.0,"enemies":"Mind Bloom Boss Battle","floor":39.0,"turns":7.0},{"damage":0.0,"enemies":"Reptomancer","floor":41.0,"turns":2.0},{"damage":0.0,"enemies":"Jaw Worm Horde","floor":44.0,"turns":1.0},{"damage":24.0,"enemies":"2 Orb Walkers","floor":45.0,"turns":3.0},{"damage":99,"enemies":"Time Eater","floor":50,"turns":7}],"seed_played":"-2242198699714081914","potions_obtained":[{"floor":7.0,"key":"Fire Potion"},{"floor":8.0,"key":"GhostInAJar"},{"floor":14.0,"key":"FearPotion"},{"floor":16.0,"key":"SkillPotion"},{"floor":22.0,"key":"SteroidPotion"},{"floor":23.0,"key":"Fruit Juice"},{"floor":31.0,"key":"GamblersBrew"},{"floor":33.0,"key":"Swift Potion"},{"floor":35.0,"key":"Swift Potion"},{"floor":39.0,"key":"Strength Potion"}],"is_trial":false,"path_per_floor":["M","?","$","T","?","E","M","M","T","?","$","M","R","M","R","B",null,"M","?","$","M","M","M","E","M","T","R","M","?","?","M","R","B",null,"M","?","?","M","?","R","E","R","T","M","?","R","?","?","R","B"],"character_chosen":"THE_SILENT","items_purchased":["Membership Card","Bottled Tornado"],"campfire_rested":3,"item_purchase_floors":[11,20],"current_hp_per_floor":[70,70,70,70,70,30,30,30,30,30,30,29,50,50,50,4,70,69,69,69,55,55,52,45,27,27,75,49,49,49,46,75,3,75,75,75,75,60,40,55,69,87,87,87,63,81,81,81,89,0,0],"gold":322,"neow_bonus":"BOSS_RELIC","is_daily":false,"chose_seed":false,"campfire_upgraded":5,"win_rate":0.0,"timestamp":1611158629,"path_taken":["M","?","$","?","?","E","M","?","T","?","?","M","R","M","R","BOSS","M","?","$","M","M","M","E","M","T","R","M","?","?","M","R","BOSS","M","?","?","M","?","R","E","R","T","M","?","R","?","?","R","BOSS"],"items_purchased_type":["Relic","Relic"],"build_version":"2020-12-22","purchased_purges":0,"victory":false,"max_hp_per_floor":[70,70,70,70,70,70,70,70,70,70,70,70,70,70,70,70,70,70,70,70,70,70,75,75,75,75,75,75,75,75,75,75,75,75,75,75,75,75,75,75,89,89,89,89,89,89,89,89,89,89,89],"card_choices":[{"not_picked":["Sucker Punch","Backflip"],"picked":"Dagger Spray","floor":1.0},{"not_picked":["Malaise","Dagger Spray"],"picked":"Backflip","floor":6.0},{"not_picked":["Sucker Punch","Backflip"],"picked":"Bane","floor":7.0},{"not_picked":["Dodge and Roll","Backflip"],"picked":"Slice","floor":8.0},{"not_picked":["Prepared","Underhanded Strike"],"picked":"Masterful Stab","floor":12.0},{"not_picked":["Acrobatics","Underhanded Strike"],"picked":"Accuracy","floor":14.0},{"not_picked":["Wraith Form v2","Venomology"],"picked":"Unload","floor":16.0},{"not_picked":["Expertise","Sucker Punch"],"picked":"Reflex+1","floor":18.0},{"not_picked":["Prepared","Well Laid Plans+1"],"picked":"Cloak And Dagger+1","floor":21.0},{"not_picked":["Dagger Spray","Outmaneuver+1"],"picked":"All Out Attack","floor":22.0},{"not_picked":["Flying Knee","Sucker Punch"],"picked":"Prepared","floor":23.0},{"not_picked":["Blur","Bullet Time"],"picked":"Blade Dance+1","floor":24.0},{"not_picked":["Dagger Spray","Noxious Fumes"],"picked":"Flying Knee","floor":25.0},{"not_picked":["Dagger Spray","Backflip+1"],"picked":"Flying Knee","floor":28.0},{"not_picked":["Underhanded Strike","Dagger Spray","Dash+1"],"picked":"SKIP","floor":31.0},{"not_picked":["Malaise","Tools of the Trade"],"picked":"Die Die Die","floor":33.0},{"not_picked":["Poisoned Stab","Dash"],"picked":"Leg Sweep","floor":35.0},{"not_picked":["Caltrops","Dagger Throw"],"picked":"Blade Dance","floor":38.0},{"not_picked":["Deadly Poison+1","Outmaneuver+1"],"picked":"Flechettes+1","floor":41.0},{"not_picked":["Reflex+1","Outmaneuver+1"],"picked":"Accuracy","floor":44.0},{"not_picked":["Outmaneuver+1","Poisoned Stab"],"picked":"PiercingWail","floor":45.0},{"not_picked":["Trip","Enlightenment"],"picked":"Forethought","floor":47.0}],"player_experience":61619,"relics_obtained":[{"floor":4.0,"key":"Bag of Preparation"},{"floor":6.0,"key":"Bottled Flame"},{"floor":9.0,"key":"Bag of Marbles"},{"floor":17.0,"key":"Snake Skull"},{"floor":17.0,"key":"Eternal Feather"},{"floor":17.0,"key":"Ice Cream"},{"floor":24.0,"key":"Juzu Bracelet"},{"floor":26.0,"key":"Regal Pillow"},{"floor":39.0,"key":"Du-Vu Doll"},{"floor":41.0,"key":"Mango"},{"floor":43.0,"key":"Gremlin Horn"},{"floor":45.0,"key":"Gambling Chip"}],"event_choices":[{"damage_healed":0.0,"max_hp_gain":0.0,"max_hp_loss":0.0,"gold_gain":0.0,"event_name":"Purifier","player_choice":"Ignored","floor":2.0,"gold_loss":0.0,"damage_taken":0.0},{"cards_removed":["Defend_G"],"damage_healed":0.0,"max_hp_gain":0.0,"max_hp_loss":0.0,"gold_gain":0.0,"event_name":"Wheel of Change","player_choice":"Card Removal","floor":5.0,"gold_loss":0.0,"damage_taken":0.0},{"damage_healed":0.0,"max_hp_gain":0.0,"max_hp_loss":0.0,"gold_gain":0.0,"event_name":"The Woman in Blue","player_choice":"Bought 0 Potions","floor":10.0,"gold_loss":0.0,"damage_taken":0.0},{"damage_healed":0.0,"max_hp_gain":0.0,"max_hp_loss":0.0,"gold_gain":0.0,"event_name":"Ghosts","player_choice":"Ignored","floor":19.0,"gold_loss":0.0,"damage_taken":0.0},{"damage_healed":0.0,"max_hp_gain":0.0,"max_hp_loss":0.0,"gold_gain":0.0,"event_name":"The Mausoleum","player_choice":"Opened","floor":29.0,"gold_loss":0.0,"damage_taken":0.0,"relics_obtained":["Ancient Tea Set"],"cards_obtained":["Writhe"]},{"damage_healed":0.0,"max_hp_gain":0.0,"max_hp_loss":0.0,"gold_gain":0.0,"event_name":"Addict","player_choice":"Obtained Relic","floor":30.0,"gold_loss":85.0,"damage_taken":0.0,"relics_obtained":["Lantern"]},{"cards_removed":["Flying Knee"],"damage_healed":0.0,"max_hp_gain":0.0,"max_hp_loss":0.0,"gold_gain":0.0,"event_name":"Falling","player_choice":"Removed Attack","floor":36.0,"gold_loss":0.0,"damage_taken":0.0},{"damage_healed":0.0,"max_hp_gain":0.0,"max_hp_loss":0.0,"gold_gain":0.0,"event_name":"Designer","player_choice":"Upgrade","floor":37.0,"gold_loss":40.0,"damage_taken":0.0,"cards_upgraded":["Accuracy"]},{"damage_healed":0.0,"max_hp_gain":0.0,"max_hp_loss":0.0,"gold_gain":0.0,"event_name":"MindBloom","player_choice":"Fight","floor":39.0,"gold_loss":0.0,"damage_taken":0.0},{"damage_healed":0.0,"max_hp_gain":0.0,"max_hp_loss":0.0,"gold_gain":0.0,"event_name":"Mysterious Sphere","player_choice":"Fight","floor":45.0,"gold_loss":0.0,"damage_taken":0.0},{"damage_healed":0.0,"max_hp_gain":0.0,"max_hp_loss":0.0,"gold_gain":0.0,"event_name":"SensoryStone","player_choice":"Memory 1","floor":47.0,"gold_loss":0.0,"damage_taken":0.0},{"damage_healed":0.0,"max_hp_gain":0.0,"max_hp_loss":0.0,"gold_gain":0.0,"event_name":"Tomb of Lord Red Mask","player_choice":"Ignored","floor":48.0,"gold_loss":0.0,"damage_taken":0.0}],"is_beta":false,"boss_relics":[{"not_picked":["Philosopher\u0027s Stone","Runic Dome"],"picked":"Calling Bell"},{"not_picked":["Black Star","Runic Pyramid"],"picked":"SlaversCollar"}],"items_purged_floors":[],"is_endless":false,"potions_floor_spawned":[7,8,14,16,22,23,31,33,35,39],"killed_by":"Time Eater","ascension_level":0}}