{"host":"dwyzfvnzfcqffr30","time":1611141450,"event":{"mods":["2.2 Compatiblity","Act Like it!","Aspiration","BaseMod","Beaked The Cultist","Better Altar","Better Match","Better Note","Better Sensory Stone","Better Skull","Better Third Choice","Clockwork Mod","Colored Map","Colored Powertips","Conspire","Elementarium","GifTheSpireLib","Halation","Hermit","Hubris","Infinite Spire","Ironclad Rager","Jedi Mod","Menagerie","Mimic Mod","Minty Spire (QoL Compilation)","Permanent Neow","Random Character Button","Replay The Spire","Spicy Shops","Spikes Relics","StSLib","Stuff the Spire","The Construct","The Disciple","The Druid","The Marked","TheFirefly","Trackpad","Wandering Minibosses","vexMod"],"gold_per_floor":[224,256,283,38,51,82,107,142,142,142,168,21,60,60,60,148,148,179,36,91,131,177,192,192],"floor_reached":23,"language":"ENG","playtime":2188,"items_purged":["Parasite","theDruid:Strike_O+1"],"score":345,"play_id":"4056e358-a96e-452b-9143-b1ea6ecdbb65","local_time":"20210120031730","is_ascension_mode":true,"campfire_choices":[{"floor":10.0,"key":"REST"},{"floor":15.0,"key":"REST"}],"circlet_count":0,"master_deck":["AscendersBane","infinitespire:UltimateForm+2","theDruid:Strike_O+1","theDruid:Strike_O+1","theDruid:Strike_O+1","theDruid:Defend_O+1","theDruid:Defend_O+1","theDruid:Defend_O+1","theDruid:Defend_O+1","theDruid:BriarArmor+1","theDruid:WildSlash+1","MasterReality+1","Apotheosis+1","theDruid:IronClaw+1","theDruid:FuriousSlash+1","theDruid:Resupply+1","theDruid:ThornStrike+1","theDruid:CelestialSurge+1","theDruid:Adaptation+1","theDruid:HerbalismKit+1","theDruid:Recoil+1","theDruid:FullMoon+1","theDruid:SurvivalInstincts+1","theDruid:Starfall+1"],"relics":["theDruid:CrownOfTheWilds","Bottled Tornado","conspire:InfiniteJournal","infinitespire:EvilPickle","Quantum Egg","Molten Egg 2","Toxic Egg 2","Frozen Egg 2","vexMod:HeadHunter","construct:BoolHorns","vexMod:InvisibilityCloak","halation:IllGainedPizza","aspiration:ChemicalBlood","Menagerie:HuntersKnife","hubris:HollowSoul","SnailShell"],"acts_visited":["Menagerie:Menagerie","TheCity"],"potions_floor_usage":[18,20,20,21,21,21,22,22,22,23,23],"damage_taken":[{"damage":2.0,"enemies":"Menagerie:StygianBoar","floor":1.0,"turns":2.0},{"damage":0.0,"enemies":"Menagerie:MonstrousExperiment","floor":2.0,"turns":3.0},{"damage":0.0,"enemies":"Menagerie:WhisperingWraith","floor":3.0,"turns":6.0},{"damage":0.0,"enemies":"Menagerie:EntropyWarlock","floor":5.0,"turns":3.0},{"damage":1.0,"enemies":"Menagerie:MaskedSummoner","floor":6.0,"turns":8.0},{"damage":10.0,"enemies":"Menagerie:RedMage","floor":7.0,"turns":3.0},{"damage":15.0,"enemies":"Menagerie:VoidReaper","floor":8.0,"turns":5.0},{"damage":0.0,"enemies":"Menagerie:MeltingSalamander","floor":11.0,"turns":3.0},{"damage":9.0,"enemies":"Menagerie:Hydra","floor":13.0,"turns":4.0},{"damage":16.0,"enemies":"Menagerie:Suneater","floor":16.0,"turns":5.0},{"damage":1,"enemies":"Chosen","floor":18,"turns":5},{"damage":0,"enemies":"3 Byrds","floor":20,"turns":2},{"damage":8,"enemies":"Snake Plant","floor":21,"turns":6},{"damage":29,"enemies":"Shelled Parasite and Fungi","floor":22,"turns":5},{"damage":15,"enemies":"Slavers","floor":23,"turns":3}],"seed_played":"-4905451490491180779","potions_obtained":[{"floor":1.0,"key":"Reflective Coating"},{"floor":6.0,"key":"Strength Potion"},{"floor":21,"key":"Block Potion"}],"is_trial":false,"path_per_floor":["M","M","M","$","M","E","M","E","T","R","M","$","E","?","R","B",null,"M","$","M","M","M","E"],"character_chosen":"DRUID","items_purchased":["vexMod:HeadHunter","theDruid:ThornStrike+1","halation:IllGainedPizza","SnailShell"],"campfire_rested":2,"item_purchase_floors":[4,4,12,19],"current_hp_per_floor":[59,59,59,59,59,58,48,33,33,52,52,52,43,43,60,44,56,55,55,55,47,18,0,0],"gold":192,"neow_bonus":"HUNDRED_GOLD","is_daily":false,"chose_seed":false,"campfire_upgraded":0,"win_rate":0.0,"timestamp":1611141450,"path_taken":["M","M","M","$","M","E","M","E","T","R","M","$","E","?","R","BOSS","M","$","M","M","M","E"],"items_purchased_type":["Relic","Card","Relic","Relic"],"build_version":"2020-12-22","purchased_purges":2,"victory":false,"max_hp_per_floor":[68,68,68,65,65,65,65,65,65,65,65,65,65,60,60,60,60,60,60,60,60,60,60,60],"card_choices":[{"not_picked":["theDruid:FelineGrace+1","theDruid:Scavenge+1"],"picked":"theDruid:IronClaw+1","floor":1.0},{"not_picked":["theDruid:ExposingSlash+1","theDruid:FelineGrace+1"],"picked":"theDruid:FuriousSlash+1","floor":2.0},{"not_picked":["theDruid:BloodiedFur+1","theDruid:Entangle+1"],"picked":"theDruid:Resupply+1","floor":3.0},{"not_picked":["theDruid:Rummage+1","theDruid:WildArmor+1","theDruid:ExposingSlash+1"],"picked":"SKIP","floor":5.0},{"not_picked":["theDruid:Mutilate","theDruid:SurvivalCache"],"picked":"theDruid:CelestialSurge","floor":6.0},{"not_picked":["theDruid:Resourcefulness+1","theDruid:BrambleLash+1","theDruid:WildArmor+1"],"picked":"SKIP","floor":6.0},{"not_picked":["theDruid:Pathfinder+1","theDruid:ExposingSlash+1"],"picked":"theDruid:Adaptation+1","floor":7.0},{"not_picked":["theDruid:Rabid","theDruid:IronbarkArmor"],"picked":"theDruid:HerbalismKit","floor":8.0},{"not_picked":["theDruid:WallofRoots+1","theDruid:Guidance+1"],"picked":"theDruid:Recoil+1","floor":8.0},{"not_picked":["theDruid:Guidance+1","theDruid:Slingshot+1"],"picked":"theDruid:FullMoon+1","floor":11.0},{"not_picked":["theDruid:SurvivalCache","theDruid:Restoration"],"picked":"theDruid:SurvivalInstincts","floor":13.0},{"not_picked":["theDruid:PlagueClaw+1","theDruid:ApexPredator+1","theDruid:BloodiedFur+1"],"picked":"SKIP","floor":13.0},{"not_picked":["theDruid:ForestsSoul+1","theDruid:WallofRoots+1","theDruid:BrambleLash+1"],"picked":"SKIP","floor":18},{"not_picked":["theDruid:Starfall+1","theDruid:Scavenge+1","theDruid:FelineGrace+1"],"picked":"SKIP","floor":20},{"not_picked":["theDruid:Scavenge+1","theDruid:FelineGrace+1"],"picked":"theDruid:Starfall+1","floor":20},{"not_picked":["theDruid:Infestation+1","theDruid:WallofRoots+1","theDruid:PouncingStrike+1"],"picked":"SKIP","floor":21},{"not_picked":["theDruid:FelineGrace+1","theDruid:Resupply+1","theDruid:BloodiedFur+1"],"picked":"SKIP","floor":22}],"player_experience":2188363,"relics_obtained":[{"floor":8.0,"key":"construct:BoolHorns"},{"floor":9.0,"key":"vexMod:InvisibilityCloak"},{"floor":13.0,"key":"aspiration:ChemicalBlood"}],"event_choices":[{"damage_healed":0.0,"max_hp_gain":0.0,"max_hp_loss":0.0,"gold_gain":0.0,"event_name":"betterThird:BetterWriting","player_choice":"Simplicity","floor":0.0,"gold_loss":0.0,"damage_taken":0.0},{"damage_healed":0.0,"max_hp_gain":0.0,"max_hp_loss":5.0,"gold_gain":0.0,"event_name":"Menagerie:BigGameHunter","player_choice":"Take","floor":14.0,"gold_loss":0.0,"damage_taken":0.0,"relics_obtained":["Menagerie:HuntersKnife"]}],"is_beta":false,"boss_relics":[{"not_picked":["Abe\u0027s Treasure","halation:PlatinumPhoenix"],"picked":"hubris:HollowSoul"}],"items_purged_floors":[4,12],"is_endless":false,"potions_floor_spawned":[1,3,6,16,20,21],"killed_by":"Slavers","ascension_level":14}}