{"host":"g1wmg2w41xhsnw8g","time":1611113815,"event":{"mods":["2.2 Compatiblity","Act Like it!","BaseMod","Better Altar","Better Match","Better Note","Better Sensory Stone","Better Skull","Better Third Choice","BetterRewards","Booster Modes","CapriCore","Colored Map","Colored Powertips","Defuse TimeMaze Blight","Displayed Cursed Tome","Evolution","Fox Events","Friendly Minions","GifTheSpireLib","Good Game Mod","Googly Eyes","Infinite Spire","Minty Spire (QoL Compilation)","Red Circlet Mod","Relic Sorter","SCP261 Mod","Shop Mod","Spicy Shops","StSLib","The Marked","The Poker Player","The Sage","Transform Curses","Wandering Minibosses","????"],"gold_per_floor":[116,116,134,148,167,202,202,227,275,287,287,34,57,87,87,87,87],"floor_reached":16,"language":"ENG","playtime":684,"items_purged":[],"score":152,"play_id":"69012c65-1b13-4436-aaac-7e594e6d9f77","local_time":"20210119223654","daily_mods":["Heirloom","Elite Swarm"],"is_ascension_mode":true,"campfire_choices":[{"data":"theMarked:SoldierOfQuellstein","floor":7,"key":"SMITH"},{"data":"theMarked:Parkour","floor":15,"key":"SMITH"}],"circlet_count":0,"master_deck":["theMarked:ResourceFulStrike","theMarked:WastefulAttack","theMarked:ChainLightning","theMarked:Parkour+1","theMarked:BanishingStrike","theMarked:WastefulDefense","theMarked:HeightenedSenses+1","theMarked:RepellingDischarge","theMarked:WardOff","theMarked:SoldierOfQuellstein+1","theMarked:ParalyzingBlade+1","Hyperbeam","theMarked:WardOff","theMarked:Static","theMarked:SwordAndMagic","theMarked:Abjuration+1","theMarked:MuscleMemory","theMarked:DispelDoubt"],"relics":["theMarked:ArtifactOfAir","REME:ComplimentaryCards","EVO:Axolotl","Unceasing Top","Gremlin Horn","Frozen Egg 2","Smiling Mask","Mummified Hand","War Paint","Happy Flower"],"acts_visited":["Exordium"],"potions_floor_usage":[4,6,10],"damage_taken":[{"damage":0,"enemies":"Cultist","floor":1,"turns":3},{"damage":0,"enemies":"2 Louse","floor":3,"turns":2},{"damage":0,"enemies":"Jaw Worm","floor":4,"turns":1},{"damage":7,"enemies":"Looter","floor":5,"turns":3},{"damage":24,"enemies":"Lagavulin","floor":6,"turns":4},{"damage":0,"enemies":"3 Sentries","floor":8,"turns":3},{"damage":6,"enemies":"Large Slime","floor":10,"turns":2},{"damage":6,"enemies":"Gremlin Nob","floor":14,"turns":3},{"damage":36,"enemies":"The Guardian","floor":16,"turns":7}],"seed_played":"2184620102291782861","potions_obtained":[{"floor":3,"key":"Fire Potion"},{"floor":4,"key":"EssenceOfSteel"},{"floor":5,"key":"SCP261:GirlTearsPotion"}],"is_trial":true,"path_per_floor":["M","$","M","M","M","E","R","E","T","M","?","R","T","E","R","B"],"character_chosen":"THE_DEFAULT","items_purchased":["Mummified Hand"],"campfire_rested":0,"item_purchase_floors":[12],"current_hp_per_floor":[78,78,78,78,71,47,47,47,47,41,41,41,41,35,35,0,0],"gold":87,"neow_bonus":"","is_daily":false,"chose_seed":false,"campfire_upgraded":2,"win_rate":0.0,"timestamp":1611113814,"path_taken":["M","?","M","M","M","E","R","E","T","?","?","R","?","E","R","BOSS"],"items_purchased_type":["Relic"],"build_version":"2020-12-22","purchased_purges":0,"victory":false,"max_hp_per_floor":[78,78,78,78,78,78,78,78,78,78,78,78,78,78,78,78,78],"card_choices":[{"not_picked":["theMarked:LightningStrikesTwice","theMarked:ShockingTouch"],"picked":"theMarked:ParalyzingBlade","floor":1},{"not_picked":["theMarked:SwordAndMagic","theMarked:Indomitable"],"picked":"theMarked:WardOff","floor":3},{"not_picked":["theMarked:WardOff","theMarked:WastefulAttack"],"picked":"theMarked:Static","floor":4},{"not_picked":["theMarked:TakeCover","theMarked:Indomitable"],"picked":"theMarked:SwordAndMagic","floor":5},{"not_picked":["theMarked:Defy","theMarked:ChannelForce"],"picked":"theMarked:Abjuration","floor":6},{"not_picked":["theMarked:UnarmedFury","theMarked:Challenge"],"picked":"theMarked:MuscleMemory","floor":8},{"not_picked":["theMarked:GodGivenPower+1","theMarked:ResourceFulStrike","theMarked:StartUp"],"picked":"SKIP","floor":10},{"not_picked":["theMarked:UnarmedFury","theMarked:TurnInvisible"],"picked":"theMarked:DispelDoubt","floor":14}],"player_experience":1154364,"relics_obtained":[{"floor":6,"key":"Gremlin Horn"},{"floor":8,"key":"Frozen Egg 2"},{"floor":9,"key":"Smiling Mask"},{"floor":13,"key":"War Paint"},{"floor":14,"key":"Happy Flower"}],"event_choices":[{"damage_healed":0,"gold_gain":0,"player_choice":"Grow","damage_taken":0,"max_hp_gain":0,"max_hp_loss":0,"event_name":"Living Wall","floor":11,"gold_loss":0,"cards_upgraded":["theMarked:Abjuration"]}],"is_beta":false,"boss_relics":[],"items_purged_floors":[],"is_endless":false,"potions_floor_spawned":[3,4,5],"killed_by":"The Guardian","ascension_level":1}}