{"host":"owz3koe8l53nyxsy","time":1611149502,"event":{"mods":["BaseMod","Minty Spire (QoL Compilation)","StSLib","[功能]功能增强和修复MOD"],"gold_per_floor":[118,193,108,108,62,62,32,65,92,120,120,130,165,340,340,435,435,449,449,449,389,314,341,360,360,360,360,324,352,352,378,378,479,479,492,492,492,453,453,453,503,503,527,527,574,540,540,499,499,499],"floor_reached":51,"language":"ZHS","playtime":2086,"items_purged":["Strike_B","Strike_B","Defend_B","Defend_B","Doubt","Regret","Strike_B","Defend_B","Strike_B","Defend_B+1","Doubt","Regret","Streamline","Pain","Pain"],"score":981,"play_id":"47ebf162-6b1a-43b0-af8b-a94fe9c6ca7e","local_time":"20210120213142","is_ascension_mode":true,"campfire_choices":[{"data":"Hello World","floor":6,"key":"SMITH"},{"data":"Zap","floor":15,"key":"SMITH"},{"data":"Storm","floor":30,"key":"SMITH"},{"data":"Electrodynamics","floor":32,"key":"SMITH"},{"data":"Creative AI","floor":40,"key":"SMITH"},{"data":"Heatsinks","floor":42,"key":"SMITH"},{"data":"Loop","floor":49,"key":"SMITH"}],"circlet_count":0,"master_deck":["Zap+1","Dualcast+1","Biased Cognition","Self Repair","White Noise","Hello World+1","Turbo","Hello World","Sunder","Ball Lightning","White Noise","Buffer+1","Storm+1","Heatsinks+1","Biased Cognition","Loop+1","Electrodynamics+1","Creative AI+1","Capacitor","Thunder Strike","Storm+1","Apotheosis+1"],"relics":["Cracked Core","Vajra","Pear","Membership Card","Toy Ornithopter","Frozen Eye","Dream Catcher","Bottled Lightning","Regal Pillow","Strawberry","Sling","Juzu Bracelet","Anchor","Matryoshka","Bottled Flame","Cursed Key","Orichalcum","StoneCalendar","Lee\u0027s Waffle","PreservedInsect","CaptainsWheel","Bag of Marbles","Kunai","Lantern","TheAbacus","Cables","Toxic Egg 2","Runic Pyramid","Bag of Preparation","Happy Flower","Strange Spoon","Ice Cream","Molten Egg 2","DataDisk","Incense Burner","Ancient Tea Set","Bottled Tornado","DollysMirror","WarpedTongs","Centennial Puzzle","Meat on the Bone","OrangePellets"],"acts_visited":["Exordium","TheCity","TheBeyond"],"potions_floor_usage":[13,16,24,33,33,41,41],"damage_taken":[{"damage":11,"enemies":"Small Slimes","floor":1,"turns":3},{"damage":6,"enemies":"Gremlin Nob","floor":8,"turns":3},{"damage":0,"enemies":"3 Sentries","floor":10,"turns":3},{"damage":2,"enemies":"Jaw Worm","floor":12,"turns":2},{"damage":6,"enemies":"Lagavulin","floor":13,"turns":5},{"damage":0,"enemies":"Slime Boss","floor":16,"turns":4},{"damage":0,"enemies":"Spheric Guardian","floor":18,"turns":3},{"damage":34,"enemies":"Gremlin Leader","floor":23,"turns":4},{"damage":16,"enemies":"3 Byrds","floor":24,"turns":3},{"damage":0,"enemies":"Book of Stabbing","floor":29,"turns":3},{"damage":9,"enemies":"Gremlin Leader","floor":31,"turns":3},{"damage":6,"enemies":"Champ","floor":33,"turns":5},{"damage":1,"enemies":"Orb Walker","floor":35,"turns":2},{"damage":40,"enemies":"Mind Bloom Boss Battle","floor":41,"turns":3},{"damage":30,"enemies":"2 Orb Walkers","floor":45,"turns":2},{"damage":36,"enemies":"Time Eater","floor":50,"turns":3}],"seed_played":"-8146457013470634660","potions_obtained":[{"floor":1,"key":"Strength Potion"},{"floor":8,"key":"Energy Potion"},{"floor":13,"key":"DuplicationPotion"},{"floor":23,"key":"SkillPotion"},{"floor":24,"key":"Strength Potion"},{"floor":33,"key":"LiquidMemories"},{"floor":33,"key":"AttackPotion"}],"is_trial":false,"path_per_floor":["M","?","$","?","$","R","$","E","T","E","?","M","E","?","R","B",null,"M","?","?","$","?","E","M","?","T","?","$","E","R","E","R","B",null,"M","?","?","$","?","R","?","R","T","?","?","$","?","$","R","B",null],"character_chosen":"DEFECT","items_purchased":["Vajra","Pear","Membership Card","Self Repair","White Noise","Frozen Eye","Dream Catcher","Hello World","Turbo","Bottled Lightning","Explosive Potion","FairyPotion","Hello World","Regal Pillow","Strawberry","Sling","Sunder","Orichalcum","StoneCalendar","Lee\u0027s Waffle","FTL","Kunai","Lantern","TheAbacus","Loop","Bag of Preparation","Happy Flower","Strange Spoon","Capacitor","Thunder Strike","Ancient Tea Set","Bottled Tornado","DollysMirror","Centennial Puzzle","Meat on the Bone","OrangePellets","Apotheosis+1"],"campfire_rested":0,"item_purchase_floors":[3,3,3,3,3,5,5,5,5,5,5,5,7,7,7,7,7,21,21,21,21,28,28,28,28,38,38,38,38,38,46,46,46,48,48,48,48],"current_hp_per_floor":[64,53,63,63,63,63,70,64,64,64,46,44,50,50,50,55,92,92,92,92,99,99,72,68,48,48,48,48,55,55,53,53,64,104,103,99,89,89,89,89,59,59,59,59,29,29,29,29,29,51],"gold":499,"neow_bonus":"THREE_RARE_CARDS","is_daily":false,"chose_seed":false,"campfire_upgraded":7,"win_rate":0.0,"timestamp":1611149502,"path_taken":["M","?","$","?","$","R","?","E","T","E","?","M","E","?","R","BOSS","M","?","?","?","?","E","M","?","T","?","$","E","R","E","R","BOSS","M","?","?","$","?","R","?","R","T","?","?","$","?","?","R","BOSS"],"items_purchased_type":["Relic","Relic","Relic","Card","Card","Relic","Relic","Card","Card","Relic","Potion","Potion","Card","Relic","Relic","Relic","Card","Relic","Relic","Relic","Card","Relic","Relic","Relic","Card","Relic","Relic","Relic","Card","Card","Relic","Relic","Relic","Relic","Relic","Relic","Card"],"build_version":"2020-12-22","purchased_purges":15,"victory":true,"max_hp_per_floor":[75,75,85,85,85,85,92,92,92,92,92,92,92,92,92,92,92,92,92,92,99,99,99,99,104,104,104,104,104,104,104,104,104,104,104,99,99,99,99,99,99,99,99,99,99,99,99,99,99,99],"card_choices":[{"not_picked":["Multi-Cast","Buffer"],"picked":"Biased Cognition","floor":0},{"not_picked":["Rip and Tear","Coolheaded"],"picked":"Streamline","floor":1},{"not_picked":["Cold Snap","Coolheaded"],"picked":"Ball Lightning","floor":8},{"not_picked":["Rebound","Chaos","Cold Snap"],"picked":"SKIP","floor":10},{"not_picked":["Coolheaded","Go for the Eyes"],"picked":"Hologram","floor":12},{"not_picked":["Aggregate","Sweeping Beam"],"picked":"White Noise","floor":13},{"not_picked":["Core Surge","Biased Cognition"],"picked":"Buffer","floor":16},{"not_picked":["Barrage+1","Beam Cell+1","Go for the Eyes+1"],"picked":"SKIP","floor":18},{"not_picked":["Glacier+1","Streamline"],"picked":"Storm","floor":23},{"not_picked":["Reprogram","Streamline"],"picked":"Heatsinks","floor":24},{"not_picked":["Steam","Streamline","Barrage+1"],"picked":"SKIP","floor":29},{"not_picked":["Beam Cell","Auto Shields+1"],"picked":"Electrodynamics","floor":31},{"not_picked":["Reboot+1","Echo Form"],"picked":"Creative AI","floor":33},{"not_picked":["FTL+1","Genetic Algorithm+1","Ball Lightning"],"picked":"SKIP","floor":35}],"player_experience":28930,"relics_obtained":[{"floor":8,"key":"Juzu Bracelet"},{"floor":9,"key":"Anchor"},{"floor":10,"key":"Matryoshka"},{"floor":13,"key":"Bottled Flame"},{"floor":23,"key":"PreservedInsect"},{"floor":26,"key":"CaptainsWheel"},{"floor":26,"key":"Bag of Marbles"},{"floor":29,"key":"Cables"},{"floor":31,"key":"Toxic Egg 2"},{"floor":41,"key":"Ice Cream"},{"floor":43,"key":"Molten Egg 2"},{"floor":43,"key":"DataDisk"},{"floor":45,"key":"Incense Burner"}],"event_choices":[{"damage_healed":0,"gold_gain":75,"player_choice":"Gather Gold","damage_taken":11,"max_hp_gain":0,"max_hp_loss":0,"event_name":"World of Goop","floor":2,"gold_loss":0},{"damage_healed":0,"gold_gain":0,"player_choice":"Box","damage_taken":0,"relics_obtained":["Toy Ornithopter"],"max_hp_gain":0,"max_hp_loss":0,"event_name":"Big Fish","floor":4,"gold_loss":0,"cards_obtained":["Regret"]},{"damage_healed":0,"gold_gain":0,"player_choice":"Entered Light","damage_taken":18,"max_hp_gain":0,"max_hp_loss":0,"event_name":"Shining Light","floor":11,"gold_loss":0,"cards_upgraded":["Defend_B","Dualcast"]},{"damage_healed":0,"gold_gain":175,"player_choice":"AGREE","damage_taken":0,"max_hp_gain":0,"max_hp_loss":0,"event_name":"Liars Game","floor":14,"gold_loss":0,"cards_obtained":["Doubt"]},{"damage_healed":0,"gold_gain":0,"player_choice":"0 cards matched","damage_taken":0,"max_hp_gain":0,"max_hp_loss":0,"event_name":"Match and Keep!","floor":19,"gold_loss":0,"cards_obtained":[]},{"damage_healed":0,"gold_gain":0,"player_choice":"Ignored","damage_taken":0,"max_hp_gain":0,"max_hp_loss":0,"event_name":"N\u0027loth","floor":20,"gold_loss":0},{"cards_removed":["Hologram"],"damage_healed":0,"gold_gain":0,"player_choice":"Gave Gold","damage_taken":0,"max_hp_gain":0,"max_hp_loss":0,"event_name":"Beggar","floor":22,"gold_loss":75},{"damage_healed":0,"gold_gain":0,"player_choice":"Shed Blood","damage_taken":25,"max_hp_gain":5,"max_hp_loss":0,"event_name":"Forgotten Altar","floor":25,"gold_loss":0},{"damage_healed":0,"gold_gain":0,"cards_transformed":["FTL"],"player_choice":"Transformed","damage_taken":0,"max_hp_gain":0,"max_hp_loss":0,"event_name":"Transmorgrifier","floor":27,"gold_loss":0,"cards_obtained":["Biased Cognition"]},{"damage_healed":0,"gold_gain":0,"player_choice":"Max HP","damage_taken":0,"max_hp_gain":0,"max_hp_loss":5,"event_name":"Winding Halls","floor":36,"gold_loss":0},{"damage_healed":0,"gold_gain":0,"player_choice":"Memory 3","damage_taken":10,"max_hp_gain":0,"max_hp_loss":0,"event_name":"SensoryStone","floor":37,"gold_loss":0},{"damage_healed":0,"gold_gain":0,"player_choice":"Bought 0 Potions","damage_taken":0,"max_hp_gain":0,"max_hp_loss":0,"event_name":"The Woman in Blue","floor":39,"gold_loss":0},{"damage_healed":0,"gold_gain":0,"player_choice":"Fight","damage_taken":0,"max_hp_gain":0,"max_hp_loss":0,"event_name":"MindBloom","floor":41,"gold_loss":0},{"damage_healed":0,"gold_gain":0,"player_choice":"Upgraded","damage_taken":0,"max_hp_gain":0,"max_hp_loss":0,"event_name":"Upgrade Shrine","floor":44,"gold_loss":0,"cards_upgraded":["Buffer"]},{"damage_healed":0,"gold_gain":0,"player_choice":"Fight","damage_taken":0,"max_hp_gain":0,"max_hp_loss":0,"event_name":"Mysterious Sphere","floor":45,"gold_loss":0},{"damage_healed":0,"gold_gain":0,"player_choice":"Rummage","damage_taken":0,"relics_obtained":["WarpedTongs"],"max_hp_gain":0,"max_hp_loss":0,"event_name":"Accursed Blacksmith","floor":47,"gold_loss":0,"cards_obtained":["Pain"]}],"is_beta":false,"boss_relics":[{"not_picked":["Busted Crown","Nuclear Battery"],"picked":"Cursed Key"},{"not_picked":["Snecko Eye","Velvet Choker"],"picked":"Runic Pyramid"}],"items_purged_floors":[3,3,3,3,3,5,21,21,21,21,21,28,38,46,48],"is_endless":false,"potions_floor_spawned":[1,8,10,10,12,12,13,23,23,24,29,29,31,33,33,35,35],"ascension_level":2}}