{"host":"dhyczjm99amxd3qx","time":1611103591,"event":{"mods":["BaseMod","Colored Map","Googly Eyes","Highlight Path","Minty Spire (QoL Compilation)","Quick Restart","StSLib"],"gold_per_floor":[116,116,129,60,74,104,118,118,197,231,231,259,273,286,286,386,386,402,151,161,180,195,195,195],"floor_reached":23,"language":"ENG","playtime":1395,"items_purged":["Defend_B"],"score":280,"play_id":"d13f49e3-5d7f-4990-a80e-adebcd76b890","local_time":"20210119194631","is_ascension_mode":true,"campfire_choices":[{"data":"Genetic Algorithm","floor":8.0,"key":"SMITH"},{"floor":11.0,"key":"REST"},{"floor":15.0,"key":"REST"}],"circlet_count":0,"master_deck":["Strike_B","Strike_B","Strike_B","Defend_B","Defend_B","Defend_B","Zap+1","Dualcast","FTL","Genetic Algorithm+1","Loop","Ball Lightning","Conserve Battery","Redo","Buffer","Machine Learning","Ball Lightning","Compile Driver","Self Repair","Loop"],"relics":["Cracked Core","Calipers","Kunai","Strawberry","PreservedInsect","Sozu","Lantern"],"acts_visited":["Exordium","TheCity"],"potions_floor_usage":[16,23],"damage_taken":[{"damage":0.0,"enemies":"2 Louse","floor":1.0,"turns":3.0},{"damage":0.0,"enemies":"Cultist","floor":3.0,"turns":3.0},{"damage":2.0,"enemies":"Jaw Worm","floor":5.0,"turns":3.0},{"damage":17.0,"enemies":"Gremlin Nob","floor":6.0,"turns":3.0},{"damage":9.0,"enemies":"Red Slaver","floor":7.0,"turns":3.0},{"damage":26.0,"enemies":"3 Sentries","floor":10.0,"turns":5.0},{"damage":12.0,"enemies":"Gremlin Nob","floor":12.0,"turns":4.0},{"damage":1.0,"enemies":"3 Louse","floor":13.0,"turns":4.0},{"damage":10.0,"enemies":"2 Fungi Beasts","floor":14.0,"turns":4.0},{"damage":26,"enemies":"The Guardian","floor":16,"turns":10},{"damage":17,"enemies":"2 Thieves","floor":18,"turns":4},{"damage":11,"enemies":"Spheric Guardian","floor":20,"turns":4},{"damage":0,"enemies":"Centurion and Healer","floor":21,"turns":6},{"damage":36,"enemies":"Snake Plant","floor":22,"turns":5},{"damage":21,"enemies":"Slavers","floor":23,"turns":1}],"seed_played":"7292051369499347255","potions_obtained":[{"floor":1.0,"key":"ColorlessPotion"},{"floor":5.0,"key":"FearPotion"},{"floor":6.0,"key":"ColorlessPotion"},{"floor":13.0,"key":"FearPotion"},{"floor":16,"key":"PowerPotion"}],"is_trial":false,"path_per_floor":["M","?","M","$","M","E","M","R","T","E","R","E","M","M","R","B",null,"M","$","M","M","M","E"],"character_chosen":"DEFECT","items_purchased":["Genetic Algorithm","Lantern","Compile Driver"],"campfire_rested":2,"item_purchase_floors":[4,19,19],"current_hp_per_floor":[68,68,68,68,66,49,40,40,40,21,45,33,32,22,46,20,67,50,50,39,46,17,0,0],"gold":195,"neow_bonus":"UPGRADE_CARD","is_daily":false,"chose_seed":false,"campfire_upgraded":1,"win_rate":0.0,"timestamp":1611103591,"path_taken":["M","?","?","?","M","E","M","R","T","E","R","E","M","?","R","BOSS","M","$","M","M","?","E"],"items_purchased_type":["Card","Relic","Card"],"build_version":"2020-12-22","purchased_purges":1,"victory":false,"max_hp_per_floor":[75,75,75,75,75,75,75,75,75,82,82,82,82,82,82,82,82,82,82,82,82,82,82,82],"card_choices":[{"not_picked":["Rip and Tear","Coolheaded"],"picked":"FTL","floor":1.0},{"not_picked":["Coolheaded","Beam Cell","Hello World"],"picked":"SKIP","floor":3.0},{"not_picked":["Genetic Algorithm","Tempest"],"picked":"Loop","floor":5.0},{"not_picked":["Barrage","Heatsinks"],"picked":"Ball Lightning","floor":6.0},{"not_picked":["Steam","Melter"],"picked":"Conserve Battery","floor":7.0},{"not_picked":["Compile Driver","Conserve Battery"],"picked":"Redo","floor":10.0},{"not_picked":["Meteor Strike","Darkness"],"picked":"Buffer","floor":12.0},{"not_picked":["Coolheaded","Rebound","Streamline"],"picked":"SKIP","floor":13.0},{"not_picked":["Steam","Reinforced Body","Sweeping Beam"],"picked":"SKIP","floor":14.0},{"not_picked":["All For One","Reboot"],"picked":"Machine Learning","floor":16},{"not_picked":["Tempest","Beam Cell+1"],"picked":"Ball Lightning","floor":18},{"not_picked":["Sweeping Beam","Rebound"],"picked":"Self Repair","floor":20},{"not_picked":["Rebound","Hologram","Turbo"],"picked":"SKIP","floor":21},{"not_picked":["Compile Driver","Ball Lightning"],"picked":"Loop","floor":22}],"player_experience":333682,"relics_obtained":[{"floor":6.0,"key":"Calipers"},{"floor":9.0,"key":"Kunai"},{"floor":10.0,"key":"Strawberry"},{"floor":12.0,"key":"PreservedInsect"}],"event_choices":[{"cards_removed":["Strike_B"],"damage_healed":0.0,"max_hp_gain":0.0,"max_hp_loss":0.0,"gold_gain":0.0,"event_name":"Purifier","player_choice":"Purged","floor":2.0,"gold_loss":0.0,"damage_taken":0.0}],"is_beta":false,"boss_relics":[{"not_picked":["Tiny House","Runic Dome"],"picked":"Sozu"}],"items_purged_floors":[19],"is_endless":false,"potions_floor_spawned":[1,5,6,13,16,20,21],"killed_by":"Slavers","ascension_level":6}}