{"host":"hszimsrtxxc2k25w","time":1611184598,"event":{"mods":["AchievementEnabler","BaseMod","Colored Map","DeckTracker","Minty Spire (QoL Compilation)","Rare Cards Sparkle","SuperFastMode"],"gold_per_floor":[109,34,34,34,34,34,65,89,113,137,160,60,60,81,81,179,179,193,68,68,88,114,114,153,178,178,178,191,191,41,55,55,55,55],"floor_reached":33,"language":"KOR","playtime":614,"items_purged":["Strike_R","Strike_R","Strike_R","Strike_R"],"score":580,"play_id":"a38e0bd8-8cef-4c3e-adba-de23652e81a9","local_time":"20210121081638","is_ascension_mode":true,"campfire_choices":[{"data":"Searing Blow","floor":6.0,"key":"SMITH"},{"data":"Searing Blow+1","floor":13.0,"key":"SMITH"},{"data":"Searing Blow+2","floor":15.0,"key":"SMITH"},{"data":"Searing Blow+3","floor":23,"key":"SMITH"},{"data":"Searing Blow+4","floor":29,"key":"SMITH"},{"data":"Searing Blow+5","floor":32,"key":"SMITH"}],"circlet_count":0,"master_deck":["AscendersBane","Defend_R","Defend_R","Defend_R","Defend_R","Bash","Searing Blow+6","Battle Trance","Armaments","Offering","Shockwave"],"relics":["Burning Blood","NeowsBlessing","Golden Idol","Peace Pipe","Blood Vial","Busted Crown","Oddly Smooth Stone","Orichalcum","Molten Egg 2","Enchiridion"],"acts_visited":["Exordium","TheCity"],"potions_floor_usage":[24,28],"damage_taken":[{"damage":0.0,"enemies":"Jaw Worm","floor":1.0,"turns":1.0},{"damage":0.0,"enemies":"3 Sentries","floor":7.0,"turns":2.0},{"damage":0.0,"enemies":"Small Slimes","floor":8.0,"turns":1.0},{"damage":6.0,"enemies":"Cultist","floor":10.0,"turns":3.0},{"damage":38.0,"enemies":"Exordium Thugs","floor":11.0,"turns":5.0},{"damage":6.0,"enemies":"Looter","floor":14.0,"turns":2.0},{"damage":33.0,"enemies":"The Guardian","floor":16.0,"turns":8.0},{"damage":17.0,"enemies":"Shell Parasite","floor":18.0,"turns":2.0},{"damage":15,"enemies":"3 Byrds","floor":21,"turns":6},{"damage":16,"enemies":"Gremlin Leader","floor":24,"turns":2},{"damage":18,"enemies":"Snake Plant","floor":25,"turns":2},{"damage":0,"enemies":"Snecko","floor":28,"turns":4},{"damage":0,"enemies":"Centurion and Healer","floor":31,"turns":3},{"damage":24,"enemies":"Collector","floor":33,"turns":3}],"seed_played":"-184380969442349622","potions_obtained":[{"floor":1.0,"key":"Ancient Potion"},{"floor":8.0,"key":"Strength Potion"},{"floor":16.0,"key":"Energy Potion"},{"floor":18.0,"key":"Fruit Juice"},{"floor":21,"key":"Fire Potion"},{"floor":25,"key":"AttackPotion"}],"is_trial":false,"path_per_floor":["M","$","?","$","?","R","E","M","T","M","M","$","R","M","R","B",null,"M","$","?","M","T","R","E","M","T","?","M","R","$","M","R","B"],"character_chosen":"IRONCLAD","items_purchased":[],"campfire_rested":0,"item_purchase_floors":[],"current_hp_per_floor":[74,74,68,68,68,68,68,68,68,68,36,36,36,38,38,13,54,50,50,50,43,43,43,35,25,25,4,12,12,12,20,20,0,0],"gold":55,"neow_bonus":"THREE_ENEMY_KILL","is_daily":false,"chose_seed":false,"campfire_upgraded":6,"win_rate":0.0,"timestamp":1611184598,"path_taken":["M","$","?","$","?","R","E","M","T","?","M","?","R","M","R","BOSS","M","$","?","M","?","R","E","M","T","?","M","R","$","M","R","BOSS"],"items_purchased_type":[],"build_version":"2020-12-22","purchased_purges":4,"victory":false,"max_hp_per_floor":[75,75,68,68,68,68,68,68,68,68,68,68,68,68,68,68,68,73,73,73,73,73,73,73,73,73,73,73,73,73,73,73,73,73],"card_choices":[{"not_picked":["Clash","Shockwave"],"picked":"Searing Blow","floor":1.0},{"not_picked":["Blood for Blood","Clothesline"],"picked":"Battle Trance","floor":7.0},{"not_picked":["Anger","Sword Boomerang"],"picked":"Armaments","floor":8.0},{"not_picked":["Shockwave","Clash","Anger"],"picked":"SKIP","floor":10.0},{"not_picked":["Shockwave","Clash","Anger"],"picked":"SKIP","floor":10.0},{"not_picked":["Metallicize","Rampage","Dropkick"],"picked":"SKIP","floor":11.0},{"not_picked":["Pommel Strike","Heavy Blade","Headbutt"],"picked":"SKIP","floor":14.0},{"not_picked":["Fiend Fire","Impervious"],"picked":"Offering","floor":16.0},{"not_picked":["Entrench"],"picked":"SKIP","floor":18.0},{"not_picked":["Entrench"],"picked":"SKIP","floor":21},{"not_picked":[],"picked":"Shockwave","floor":24},{"not_picked":["Clothesline"],"picked":"SKIP","floor":25},{"not_picked":["Clothesline+1"],"picked":"SKIP","floor":28},{"not_picked":["Disarm"],"picked":"SKIP","floor":31}],"player_experience":631767,"relics_obtained":[{"floor":7.0,"key":"Peace Pipe"},{"floor":9.0,"key":"Blood Vial"},{"floor":22,"key":"Oddly Smooth Stone"},{"floor":24,"key":"Orichalcum"},{"floor":26,"key":"Molten Egg 2"},{"floor":27,"key":"Enchiridion"}],"event_choices":[{"damage_healed":0.0,"max_hp_gain":0.0,"max_hp_loss":7.0,"gold_gain":0.0,"event_name":"Golden Idol","player_choice":"Lose Max HP","floor":3.0,"gold_loss":0.0,"damage_taken":0.0,"relics_obtained":["Golden Idol"]},{"cards_removed":["Strike_R"],"damage_healed":0.0,"max_hp_gain":0.0,"max_hp_loss":0.0,"gold_gain":0.0,"event_name":"Bonfire Elementals","player_choice":"Offered Basic","floor":5.0,"gold_loss":0.0,"damage_taken":0.0},{"damage_healed":0.0,"max_hp_gain":0.0,"max_hp_loss":0.0,"gold_gain":0.0,"event_name":"The Mausoleum","player_choice":"Ignored","floor":20.0,"gold_loss":0.0,"damage_taken":0.0},{"damage_healed":0,"gold_gain":0,"player_choice":"Obtained Book","damage_taken":21,"max_hp_gain":0,"max_hp_loss":0,"event_name":"Cursed Tome","floor":27,"gold_loss":0}],"is_beta":false,"boss_relics":[{"not_picked":["SacredBark","Philosopher\u0027s Stone"],"picked":"Busted Crown"}],"items_purged_floors":[2,12,19,30],"is_endless":false,"potions_floor_spawned":[1,8,10,16,18,21,25],"killed_by":"Collector","ascension_level":20}}