{"host":"Ringo","time":1611152659,"event":{"mods":["BaseMod","Colored Map","Conspire","Dota2Spire","Minty Spire (QoL Compilation)","StSLib","[IsaacMod]ÒÔÈö¼âËþ","¡¾ÒÅÎï¿¨ÅÆ¡¿REMEMod"],"gold_per_floor":[109,120,134,149,168,168,168],"floor_reached":6,"language":"ZHS","playtime":179,"items_purged":[],"score":80,"play_id":"f90a3f77-a034-428a-ba0c-dd942e6757f9","local_time":"20210120222419","daily_mods":["SealedDeck","Vintage","Heirloom","Time Dilation","Flight","DeadlyEvents","Elite Swarm","Lethality","Binary"],"is_ascension_mode":true,"campfire_choices":[],"circlet_count":0,"master_deck":["AscendersBane","Sweeping Beam","Leap","Ball Lightning","Cold Snap","Beam Cell","Double Energy","Beam Cell","White Noise","BootSequence","Genetic Algorithm","Adrenaline"],"relics":["Cracked Core","Busted Crown","HushsDoor","REME_ComplimentaryCards","YumHeart","DeathBook","Dota2Spire:MagicBottle","AnarchistCookbook","GnawedLeaf","Damocles","Art of War","Tiny Chest"],"acts_visited":["Exordium"],"potions_floor_usage":[3,5],"damage_taken":[{"damage":0,"enemies":"Cultist","floor":1,"turns":2},{"damage":0,"enemies":"Jaw Worm","floor":2,"turns":1},{"damage":0,"enemies":"2 Louse","floor":3,"turns":2},{"damage":0,"enemies":"Blue Slaver","floor":4,"turns":1},{"damage":0,"enemies":"Looter","floor":5,"turns":1},{"damage":11,"enemies":"Lagavulin","floor":6,"turns":2}],"seed_played":"8557889253880375069","potions_obtained":[{"floor":1,"key":"Dota2Spire:Clarity"},{"floor":2,"key":"PotionOfCapacity"},{"floor":5,"key":"REME_GoldPotion"}],"is_trial":true,"path_per_floor":["M","M","M","M","M","E"],"character_chosen":"DEFECT","items_purchased":[],"campfire_rested":0,"item_purchase_floors":[],"current_hp_per_floor":[64,64,64,64,64,0,0],"gold":168,"neow_bonus":"","is_daily":false,"chose_seed":false,"campfire_upgraded":0,"win_rate":0.0,"timestamp":1611152659,"path_taken":["M","M","M","M","M","E"],"items_purchased_type":[],"build_version":"2020-12-18","purchased_purges":0,"victory":false,"max_hp_per_floor":[71,71,71,71,71,71,71],"card_choices":[{"not_picked":[],"picked":"Bomb","floor":0}],"player_experience":534996,"relics_obtained":[{"floor":1,"key":"Dota2Spire:MagicBottle"},{"floor":2,"key":"AnarchistCookbook"},{"floor":3,"key":"GnawedLeaf"},{"floor":4,"key":"Damocles"},{"floor":5,"key":"Art of War"},{"floor":5,"key":"Tiny Chest"}],"event_choices":[],"is_beta":true,"boss_relics":[],"items_purged_floors":[],"is_endless":false,"potions_floor_spawned":[1,2,5],"killed_by":"Lagavulin","ascension_level":20}}