{"host":"moon9xuhyn08cqjw","time":1611137886,"event":{"mods":["2.2 Compatiblity","AchievementEnabler","BaseMod","Better Third Choice","Conspire","Downfall","Grow up Mod","GungeonMod","Hubris","Infinite Spire","Jedi Mod","Jorbs\u0027s Wanderer Trilogy","Lobotomy","LobotomyExtend","Marisa????????","Minty Spire (QoL Compilation)","Robot Space Explorer","StSLib","Td1madao Mod","The Blackbeard","The Forsaken","The Hierophant","The Necromancer","The Runesmith","The Saiyan","The Senshi","TheBandit","Transform Curses","[IsaacMod]????"],"gold_per_floor":[116,131,144,164,180,180,195,195,195,214,242,242,270,281,281,376,376,376,387,203,203,219,219,244,244,297,297,81,101,101,114,114,212,212,232,154,204,204,119,119,129,156,202,202,202,219,125,125,125,125],"floor_reached":51,"language":"RUS","playtime":6216,"items_purged":[],"score":755,"play_id":"395573ef-87c8-4f9a-912c-6de99ca0546a","local_time":"20210120181806","is_ascension_mode":false,"campfire_choices":[{"data":"theSenshi:SailorCosmosAssists","floor":6,"key":"SMITH"},{"floor":12,"key":"REST"},{"floor":15,"key":"REST"},{"data":"Enlightenment","floor":23,"key":"SMITH"},{"floor":25,"key":"REST"},{"floor":27,"key":"REST"},{"data":"theSenshi:MoonlightKnight","floor":32,"key":"SMITH"},{"data":"theSenshi:SilverMoonCrystalPowerKiss","floor":40,"key":"SMITH"},{"floor":45,"key":"REST"},{"floor":49,"key":"REST"}],"circlet_count":0,"master_deck":["theSenshi:SailorKick","theSenshi:SailorKick","theSenshi:SailorBlock","theSenshi:SailorBlock","theSenshi:SailorBlock","theSenshi:RoseThrow","theSenshi:MoonPrismPowerMakeUp","DoctorFetus","theSenshi:SupersonicWaves+1","theSenshi:SailorCosmosAssists+1","theSenshi:TuxedoSmokingBomber","theSenshi:MoonPower","theSenshi:DramaticEntrance","theSenshi:SailorV","theSenshi:MoonSpiralHeartAttack","theSenshi:SilverMoonCrystalPowerKiss+1","theSenshi:GlimpseOfThePast","theSenshi:MoonPunch","theSenshi:SailorStarHealerAssists+1","theSenshi:MoonCosmicPowerMakeUp+1","theSenshi:RainbowMoonHeartAche+1","theSenshi:TuxedoSmokingBomber+1","Panache","theSenshi:SailorUranusAssists","theSenshi:InTheNickOfTime","Enlightenment+1","theSenshi:LunasBite","theSenshi:TallSilhouette","theSenshi:GatheringStrength+1","theSenshi:MoonlightKnight+1","theSenshi:SaturnsMystery","theSenshi:RainbowMoonHeartAche+1","theSenshi:LunasBite","theSenshi:JupitersPower","theSenshi:TuxedoMaskAssists","theSenshi:Sidestep+1","infinitespire:Fortify+1","theSenshi:HesSoDreamy+1","theSenshi:PlutosSolemnity+1","theSenshi:CrisisMakeUp+1","theSenshi:GlimpseOfThePast","theSenshi:SupersonicWaves","theSenshi:MoonCrisisMakeUp"],"relics":["theSenshi:TransformationBroochRelic","HushsDoor","BFFS","LetterFromLob","theSenshi:CrescentMoonWandRelic","Bottled Lightning","Sundial","Astrolabe","JudasShadow","Pantograph","Juzu Bracelet","theForsaken:PaleLantern","Bottled Flame","War Paint","Omamori","theSenshi:TiaraRelic","hubris:Icosahedron"],"acts_visited":["Exordium","TheCity","TheBeyond"],"potions_floor_usage":[4,11,13,13,16,16,31,33,35,39,41,42,46],"damage_taken":[{"damage":0,"enemies":"Jaw Worm","floor":1,"turns":4},{"damage":2,"enemies":"2 Louse","floor":2,"turns":3},{"damage":0,"enemies":"Cultist","floor":3,"turns":5},{"damage":2,"enemies":"2 Fungi Beasts","floor":4,"turns":3},{"damage":16,"enemies":"Gremlin Gang","floor":5,"turns":4},{"damage":11,"enemies":"3 Louse","floor":7,"turns":3},{"damage":22,"enemies":"Exordium Thugs","floor":10,"turns":5},{"damage":52,"enemies":"Gremlin Nob","floor":11,"turns":6},{"damage":18,"enemies":"Lagavulin","floor":13,"turns":7},{"damage":23,"enemies":"conspire:2 RoseBushes","floor":14,"turns":7},{"damage":195,"enemies":"Hexaghost","floor":16,"turns":16},{"damage":47,"enemies":"conspire:FuzzyDice","floor":19,"turns":8},{"damage":18,"enemies":"Shell Parasite","floor":22,"turns":9},{"damage":75,"enemies":"conspire:Head Lice","floor":24,"turns":10},{"damage":36,"enemies":"Snake Plant","floor":29,"turns":8},{"damage":50,"enemies":"Centurion and Healer","floor":31,"turns":11},{"damage":180,"enemies":"conspire:MysteriousRune","floor":33,"turns":15},{"damage":89,"enemies":"3 Darklings","floor":35,"turns":12},{"damage":83,"enemies":"Mind Bloom Boss Battle","floor":37,"turns":14},{"damage":22,"enemies":"Hiden Room Battle","floor":39,"turns":5},{"damage":94,"enemies":"Orb Walker","floor":41,"turns":9},{"damage":60,"enemies":"Reptomancer","floor":42,"turns":5},{"damage":114,"enemies":"infinitespire:Three Voidlings","floor":44,"turns":9},{"damage":93,"enemies":"Sphere and 2 Shapes","floor":46,"turns":9},{"damage":228,"enemies":"infinitespire:MassOfShapes","floor":50,"turns":20}],"seed_played":"-4021498677746863663","potions_obtained":[{"floor":0,"key":"BlessingOfTheForge"},{"floor":0,"key":"DuplicationPotion"},{"floor":0,"key":"Slimebound:ThreeZeroPotion"},{"floor":1,"key":"Fire Potion"},{"floor":10,"key":"CultistPotion"},{"floor":11,"key":"Swift Potion"},{"floor":13,"key":"AttackPotion"},{"floor":14,"key":"Ancient Potion"},{"floor":16,"key":"SteroidPotion"},{"floor":29,"key":"Explosive Potion"},{"floor":31,"key":"Swift Potion"},{"floor":33,"key":"Fire Potion"},{"floor":37,"key":"Weak Potion"},{"floor":39,"key":"FearPotion"},{"floor":41,"key":"ColorlessPotion"}],"is_trial":false,"path_per_floor":["M","M","M","M","M","R","M","?","T","M","E","R","E","M","R","B",null,"M","M","$","?","M","R","E","R","T","R","$","M","?","M","R","B",null,"M","$","?","AVR","?","R","M","E","T","?","R","M","$","?","R","B",null],"character_chosen":"THE_SENSHI","items_purchased":["Panache","JudasShadow","theSenshi:SailorUranusAssists","Enlightenment","theSenshi:LunasBite","theSenshi:TallSilhouette","Juzu Bracelet","theSenshi:SaturnsMystery","theSenshi:TuxedoMaskAssists","theSenshi:SupersonicWaves","theSenshi:MoonCrisisMakeUp"],"campfire_rested":6,"item_purchase_floors":[17,17,17,20,20,20,28,28,36,47,47],"current_hp_per_floor":[95,103,113,121,115,125,124,134,144,132,90,158,150,137,214,39,235,245,213,223,233,230,240,180,281,291,335,345,327,337,302,312,162,405,331,341,308,318,311,321,252,207,217,159,320,242,252,262,435,263],"gold":125,"neow_bonus":"THREE_SMALL_POTIONS","is_daily":false,"chose_seed":false,"campfire_upgraded":4,"win_rate":0.0,"timestamp":1611137886,"path_taken":["M","M","M","M","M","R","M","?","T","?","E","R","E","M","R","BOSS","M","M","$","?","M","R","E","R","T","R","?","M","?","M","R","BOSS","M","$","?","AVR","?","R","M","E","T","?","R","M","?","?","R","BOSS"],"items_purchased_type":["Card","Relic","Card","Card","Card","Card","Relic","Card","Card","Card","Card"],"build_version":"2020-12-22","purchased_purges":0,"victory":true,"max_hp_per_floor":[95,105,115,125,135,145,155,165,175,185,195,205,215,225,235,245,235,245,255,265,275,285,295,305,315,325,335,345,355,365,375,385,395,405,415,425,435,445,455,465,475,485,495,505,515,525,535,545,555,565],"card_choices":[{"not_picked":[],"picked":"DoctorFetus","floor":0},{"not_picked":["theSenshi:MoonPower","theSenshi:MoonPrincessHalation"],"picked":"theSenshi:SupersonicWaves","floor":0},{"not_picked":["theSenshi:PlutosSolemnity","theSenshi:LunasBite"],"picked":"theSenshi:SailorCosmosAssists","floor":1},{"not_picked":["theSenshi:SailorMercuryAssists","theSenshi:MoonPower"],"picked":"theSenshi:TuxedoSmokingBomber","floor":2},{"not_picked":["theSenshi:SupersonicWaves","theSenshi:SchoolBag"],"picked":"theSenshi:MoonPower","floor":3},{"not_picked":["theSenshi:SteeledNerves","theSenshi:SailorMercuryAssists"],"picked":"theSenshi:DramaticEntrance","floor":4},{"not_picked":["theSenshi:MoonTiaraMagic","theSenshi:TuxedoSmokingBomber"],"picked":"theSenshi:SailorV","floor":5},{"not_picked":["theSenshi:SailorMercuryAssists","theSenshi:HesSoDreamy"],"picked":"theSenshi:MoonSpiralHeartAttack","floor":7},{"not_picked":["theSenshi:EncouragingSpeech","theSenshi:SailorMarsAssists"],"picked":"theSenshi:SilverMoonCrystalPowerKiss","floor":10},{"not_picked":["theSenshi:RainbowMoonHeartAche","theSenshi:MoonsReflection"],"picked":"theSenshi:GlimpseOfThePast","floor":11},{"not_picked":["theSenshi:GatheringStrength","theSenshi:Sidestep"],"picked":"theSenshi:MoonPunch","floor":13},{"not_picked":["theSenshi:LunasBite","theSenshi:MoonPrincessHalation"],"picked":"Bomb","floor":14},{"not_picked":["theSenshi:SailorCosmosAssists","theSenshi:StudyParty"],"picked":"theSenshi:SailorStarHealerAssists","floor":16},{"not_picked":["theSenshi:LunaWiseMentor","theSenshi:MoonsReflection"],"picked":"theSenshi:InTheNickOfTime","floor":19},{"not_picked":["theSenshi:EncouragingSpeech","theSenshi:KlutzyLuck"],"picked":"theSenshi:GatheringStrength+1","floor":22},{"not_picked":["theSenshi:SailorChibiMoonAssists","theSenshi:TallSilhouette"],"picked":"theSenshi:MoonlightKnight","floor":24},{"not_picked":["theSenshi:SailorVenusAssists","theSenshi:SailorChibiMoonAssists"],"picked":"theSenshi:RainbowMoonHeartAche+1","floor":29},{"not_picked":["theSenshi:SailorChibiMoonAssists","theSenshi:SailorPlutoAssists"],"picked":"theSenshi:LunasBite","floor":31},{"not_picked":["theSenshi:StudyParty","theSenshi:LunaSensingAllies"],"picked":"theSenshi:JupitersPower","floor":33},{"not_picked":["theSenshi:MoonsReflection","theSenshi:SailorV","theSenshi:SailorMercuryAssists+1"],"picked":"SKIP","floor":35},{"not_picked":["theSenshi:GatheringStrength","theSenshi:SchoolBag"],"picked":"theSenshi:Sidestep+1","floor":37},{"not_picked":["theSenshi:SailorStarFighterAssists","theSenshi:LunasBite+1"],"picked":"theSenshi:HesSoDreamy+1","floor":39},{"not_picked":["theSenshi:SailorMarsAssists","theSenshi:MoonPower"],"picked":"theSenshi:PlutosSolemnity+1","floor":41},{"not_picked":["theSenshi:SupersonicWaves","theSenshi:EncouragingSpeech"],"picked":"theSenshi:CrisisMakeUp+1","floor":42},{"not_picked":["theSenshi:RainbowMoonHeartAche+1","theSenshi:SailorStarMakerAssists+1"],"picked":"theSenshi:GlimpseOfThePast","floor":46}],"player_experience":1185706,"relics_obtained":[{"floor":1,"key":"LetterFromLob"},{"floor":9,"key":"theSenshi:CrescentMoonWandRelic"},{"floor":11,"key":"Bottled Lightning"},{"floor":13,"key":"Sundial"},{"floor":24,"key":"Pantograph"},{"floor":39,"key":"Bottled Flame"},{"floor":39,"key":"War Paint"},{"floor":42,"key":"Omamori"},{"floor":43,"key":"theSenshi:TiaraRelic"}],"event_choices":[{"damage_healed":0,"gold_gain":0,"player_choice":"Ignored","damage_taken":0,"max_hp_gain":0,"max_hp_loss":0,"event_name":"Beggar","floor":30,"gold_loss":0},{"damage_healed":0,"gold_gain":0,"player_choice":"Fight","damage_taken":0,"max_hp_gain":0,"max_hp_loss":0,"event_name":"MindBloom","floor":37,"gold_loss":0},{"damage_healed":0,"gold_gain":0,"player_choice":"Fight","damage_taken":0,"max_hp_gain":0,"max_hp_loss":0,"event_name":"HidenRoomEvent","floor":39,"gold_loss":0}],"is_beta":false,"boss_relics":[{"not_picked":["jedi:hotpepper","Runesmith:UraniumAnvil"],"picked":"Astrolabe"},{"not_picked":[]},{"not_picked":["Philosopher\u0027s Stone","hubris:VirtuousBlindfold","Snecko Eye"]}],"items_purged_floors":[],"is_endless":false,"potions_floor_spawned":[1,10,11,13,14,16,29,31,33,37,39,41,44],"ascension_level":0}}