{"host":"1mv6gj0zv8k9e9tz","time":1611161336,"event":{"mods":["AchievementEnabler","BaseMod","Better Third Choice","Colored Map","KOR Keyword Fix","Minty Spire (QoL Compilation)","Permanent Neow","Rare Cards Sparkle","StSLib"],"gold_per_floor":[132,57,57,93,153,153,207,95,95,95,150,150,170,170,170,267,567,604,604,639,19,58,58,74,141,166,166,34,34,34,72,72,145,145,162,33,52,52,67,67,67,67,139,139,154,154,91,91,91,116,116,116,24,58,58],"floor_reached":56,"language":"KOR","playtime":2125,"items_purged":["Strike_G","Strike_G","Writhe"],"score":1840,"play_id":"a6b38a5b-51ab-45f6-94d0-211203430006","local_time":"20210121014856","is_ascension_mode":true,"campfire_choices":[{"data":"HandOfGreed","floor":6.0,"key":"SMITH"},{"data":"Accuracy","floor":10.0,"key":"SMITH"},{"data":"Blade Dance","floor":12.0,"key":"SMITH"},{"data":"Cloak And Dagger","floor":15.0,"key":"SMITH"},{"data":"Blade Dance","floor":23.0,"key":"SMITH"},{"data":"Blade Dance","floor":27.0,"key":"SMITH"},{"data":"Footwork","floor":30.0,"key":"SMITH"},{"data":"Leg Sweep","floor":32.0,"key":"SMITH"},{"data":"Phantasmal Killer","floor":40.0,"key":"SMITH"},{"data":"Accuracy","floor":42.0,"key":"SMITH"},{"data":"Acrobatics","floor":46.0,"key":"SMITH"},{"floor":49.0,"key":"RECALL"},{"data":"Footwork","floor":52.0,"key":"SMITH"}],"circlet_count":0,"master_deck":["AscendersBane","Survivor","Neutralize","HandOfGreed+1","Poisoned Stab","Accuracy+1","Blade Dance+1","Cloak And Dagger+1","Blade Dance+1","Footwork+1","CurseOfTheBell","Leg Sweep+1","Blade Dance+1","PiercingWail","Endless Agony","Dodge and Roll","Blur","Acrobatics+1","All Out Attack","Phantasmal Killer+1","Accuracy+1","Leg Sweep","Footwork+1","Backflip+1","Deflect+1","Dark Shackles","Acrobatics+1"],"relics":["Ring of the Snake","Pear","Mummified Hand","Calling Bell","Old Coin","Centennial Puzzle","The Courier","Du-Vu Doll","Potion Belt","Strawberry","Bronze Scales","Pandora\u0027s Box","Membership Card","Singing Bowl","Ice Cream"],"acts_visited":["Exordium","TheCity","TheBeyond","TheEnding"],"potions_floor_usage":[55,55,55,55],"damage_taken":[{"damage":1.0,"enemies":"Jaw Worm","floor":1.0,"turns":6.0},{"damage":4.0,"enemies":"Cultist","floor":4.0,"turns":5.0},{"damage":0.0,"enemies":"2 Louse","floor":5.0,"turns":3.0},{"damage":16.0,"enemies":"Gremlin Nob","floor":7.0,"turns":3.0},{"damage":12.0,"enemies":"Lagavulin","floor":11.0,"turns":5.0},{"damage":0.0,"enemies":"Large Slime","floor":13.0,"turns":1.0},{"damage":5.0,"enemies":"Hexaghost","floor":16.0,"turns":8.0},{"damage":2.0,"enemies":"Shell Parasite","floor":18.0,"turns":5.0},{"damage":15.0,"enemies":"2 Thieves","floor":20.0,"turns":4.0},{"damage":3.0,"enemies":"Centurion and Healer","floor":22.0,"turns":4.0},{"damage":13.0,"enemies":"Snecko","floor":24.0,"turns":3.0},{"damage":4.0,"enemies":"Shelled Parasite and Fungi","floor":25.0,"turns":5.0},{"damage":2.0,"enemies":"3 Cultists","floor":31.0,"turns":4.0},{"damage":58.0,"enemies":"Automaton","floor":33.0,"turns":7.0},{"damage":2.0,"enemies":"3 Darklings","floor":35.0,"turns":2.0},{"damage":0.0,"enemies":"Orb Walker","floor":37.0,"turns":3.0},{"damage":0.0,"enemies":"Transient","floor":39.0,"turns":5.0},{"damage":0.0,"enemies":"Sphere and 2 Shapes","floor":45.0,"turns":3.0},{"damage":12.0,"enemies":"Donu and Deca","floor":50.0,"turns":8.0},{"damage":6.0,"enemies":"Shield and Spear","floor":54.0,"turns":3.0},{"damage":63,"enemies":"The Heart","floor":55,"turns":6}],"seed_played":"-3402377908473613336","potions_obtained":[{"floor":5.0,"key":"LiquidMemories"},{"floor":7.0,"key":"GamblersBrew"},{"floor":13.0,"key":"Poison Potion"},{"floor":19.0,"key":"PowerPotion"},{"floor":19.0,"key":"Explosive Potion"},{"floor":20.0,"key":"LiquidBronze"},{"floor":24.0,"key":"Explosive Potion"},{"floor":31.0,"key":"LiquidBronze"},{"floor":39.0,"key":"Poison Potion"},{"floor":45.0,"key":"DistilledChaos"}],"is_trial":false,"path_per_floor":["M","$","?","M","M","R","E","$","T","R","E","R","M","?","R","B",null,"M","?","M","$","M","R","M","M","T","R","$","?","R","M","R","B",null,"M","$","M","?","M","R","?","R","T","?","M","R","$","?","R","B",null,"R","$","E","B",null],"character_chosen":"THE_SILENT","items_purchased":["Blade Dance","Cloak And Dagger","Du-Vu Doll","Fruit Juice","Potion Belt","FairyPotion","Bronze Scales","Membership Card","CultistPotion","SkillPotion","CunningPotion"],"campfire_rested":0,"item_purchase_floors":[8,8,21,21,21,21,28,36,53,53,53],"current_hp_per_floor":[43,43,43,39,39,39,33,33,33,33,21,21,21,21,21,16,61,59,59,44,49,46,46,33,29,36,36,36,36,36,34,34,26,73,71,71,71,71,71,71,71,71,71,88,90,90,90,90,90,78,87,87,87,81,18],"gold":58,"neow_bonus":"RANDOM_COLORLESS_2","is_daily":false,"chose_seed":false,"campfire_upgraded":12,"win_rate":0.0,"timestamp":1611161336,"path_taken":["M","$","?","M","M","R","E","$","T","R","E","R","?","?","R","BOSS","M","?","M","$","M","R","?","M","T","R","$","?","R","M","R","BOSS","M","$","?","?","M","R","?","R","T","?","M","R","$","?","R","BOSS","R","$","E","BOSS"],"items_purchased_type":["Card","Card","Relic","Potion","Relic","Potion","Relic","Relic","Potion","Potion","Potion"],"build_version":"2020-12-22","purchased_purges":3,"victory":true,"max_hp_per_floor":[66,66,66,66,66,66,76,76,76,76,76,76,76,76,76,76,76,76,76,76,81,81,81,81,81,88,88,88,88,88,88,88,88,88,88,88,88,88,88,88,88,88,88,88,90,90,90,90,90,90,90,90,90,90,90],"card_choices":[{"not_picked":["Metamorphosis","Secret Technique"],"picked":"HandOfGreed","floor":0.0},{"not_picked":["Riddle With Holes","Bane"],"picked":"Poisoned Stab","floor":1.0},{"not_picked":["Reflex","Acrobatics","Slice"],"picked":"SKIP","floor":4.0},{"not_picked":["Slice","Reflex"],"picked":"Accuracy","floor":5.0},{"not_picked":["Noxious Fumes","Expertise","Quick Slash"],"picked":"SKIP","floor":7.0},{"not_picked":["Backstab","Endless Agony"],"picked":"Blade Dance","floor":11.0},{"not_picked":["Deadly Poison","Leg Sweep"],"picked":"Footwork","floor":13.0},{"not_picked":["Acrobatics","Prepared"],"picked":"Leg Sweep","floor":18.0},{"not_picked":["Sucker Punch","Reflex","Riddle With Holes"],"picked":"SKIP","floor":20.0},{"not_picked":["Dagger Throw","Slice"],"picked":"Blade Dance","floor":22.0},{"not_picked":["Bane","Well Laid Plans+1"],"picked":"PiercingWail","floor":24.0},{"not_picked":["Grand Finale","Slice+1","Flying Knee"],"picked":"SKIP","floor":25.0},{"not_picked":["Deflect","Outmaneuver"],"picked":"Dodge and Roll","floor":31.0},{"not_picked":["Blade Dance","Infinite Blades"],"picked":"Footwork","floor":35.0},{"not_picked":["Eviscerate","Dodge and Roll"],"picked":"Backflip+1","floor":37.0},{"not_picked":["Deadly Poison","Leg Sweep"],"picked":"Deflect+1","floor":39.0},{"not_picked":["HandOfGreed","Thinking Ahead"],"picked":"Dark Shackles","floor":41.0},{"not_picked":["Concentrate","Underhanded Strike","Acrobatics"],"picked":"Singing Bowl","floor":45.0},{"not_picked":["Distraction","Corpse Explosion"],"picked":"Acrobatics+1","floor":54.0}],"player_experience":534324,"relics_obtained":[{"floor":7.0,"key":"Pear"},{"floor":11.0,"key":"Mummified Hand"},{"floor":17.0,"key":"Old Coin"},{"floor":17.0,"key":"Centennial Puzzle"},{"floor":17.0,"key":"The Courier"},{"floor":26.0,"key":"Strawberry"},{"floor":43.0,"key":"Singing Bowl"},{"floor":54.0,"key":"Ice Cream"}],"event_choices":[{"cards_removed":["Defend_G"],"damage_healed":0.0,"max_hp_gain":0.0,"max_hp_loss":0.0,"gold_gain":0.0,"event_name":"Purifier","player_choice":"Purged","floor":3.0,"gold_loss":0.0,"damage_taken":0.0},{"damage_healed":21.0,"max_hp_gain":0.0,"max_hp_loss":76.0,"gold_gain":0.0,"event_name":"betterThird:BetterShining","player_choice":"Leave","floor":14.0,"gold_loss":0.0,"damage_taken":0.0},{"damage_healed":0.0,"max_hp_gain":0.0,"max_hp_loss":0.0,"gold_gain":0.0,"event_name":"Lab","player_choice":"Got Potions","floor":19.0,"gold_loss":0.0,"damage_taken":0.0},{"damage_healed":0.0,"max_hp_gain":0.0,"max_hp_loss":0.0,"gold_gain":0.0,"cards_transformed":["Strike_G"],"event_name":"Transmorgrifier","player_choice":"Transformed","floor":29.0,"gold_loss":0.0,"damage_taken":0.0,"cards_obtained":["Endless Agony"]},{"damage_healed":0.0,"max_hp_gain":0.0,"max_hp_loss":0.0,"gold_gain":0.0,"event_name":"Mysterious Sphere","player_choice":"Ignored","floor":38.0,"gold_loss":0.0,"damage_taken":0.0},{"damage_healed":0.0,"max_hp_gain":0.0,"max_hp_loss":0.0,"gold_gain":0.0,"event_name":"SensoryStone","player_choice":"Memory 1","floor":41.0,"gold_loss":0.0,"damage_taken":0.0},{"damage_healed":18.0,"max_hp_gain":0.0,"max_hp_loss":0.0,"gold_gain":0.0,"event_name":"Winding Halls","player_choice":"Writhe","floor":44.0,"gold_loss":0.0,"damage_taken":0.0,"cards_obtained":["Writhe"]},{"damage_healed":0.0,"max_hp_gain":0.0,"max_hp_loss":0.0,"gold_gain":0.0,"event_name":"Tomb of Lord Red Mask","player_choice":"Ignored","floor":48.0,"gold_loss":0.0,"damage_taken":0.0}],"is_beta":false,"boss_relics":[{"not_picked":["Cursed Key","Ectoplasm"],"picked":"Calling Bell"},{"not_picked":["Runic Pyramid","Velvet Choker"],"picked":"Pandora\u0027s Box"}],"items_purged_floors":[2,21,47],"is_endless":false,"potions_floor_spawned":[5,7,13,20,24,31,39,45,54],"ascension_level":16}}