{"host":"6wux4armhsntp4yb","time":1611144736,"event":{"mods":["BaseMod","Colored Map","DeckTracker","Minty Spire (QoL Compilation)","Relic Stats"],"gold_per_floor":[157,157,193,227,257,257,300,153,177,177,201,201,348,348,348,453,453,491,510,142,142,213,213,272,272,298,333,392,392,445,498,498,610,682,727,727,279,371,407,407,459,459,459,538,648,699,715,771,771,821,846,846,846,171,198,198],"floor_reached":57,"language":"JPN","playtime":7019,"items_purged":["Strike_G","Strike_G","Quick Slash","HandOfGreed+1"],"score":3439,"play_id":"309c724e-e856-45ca-a6b6-f98ffbbad23a","local_time":"20210120211216","is_ascension_mode":true,"campfire_choices":[{"data":"HandOfGreed","floor":6.0,"key":"SMITH"},{"data":"Bullet Time","floor":10.0,"key":"SMITH"},{"data":"Calculated Gamble","floor":12.0,"key":"SMITH"},{"data":"Acrobatics","floor":15.0,"key":"SMITH"},{"data":"Bullet Time","floor":23.0,"key":"SMITH"},{"data":"Tactician","floor":25.0,"key":"SMITH"},{"data":"Footwork","floor":32.0,"key":"SMITH"},{"data":"Phantasmal Killer","floor":40.0,"key":"SMITH"},{"data":"Expertise","floor":42.0,"key":"SMITH"},{"floor":49.0,"key":"RECALL"},{"data":"Reflex","floor":53.0,"key":"SMITH"}],"circlet_count":0,"master_deck":["AscendersBane","Survivor","Neutralize","Acrobatics+1","Dash","Bouncing Flask","Bullet Time+1","Tactician+1","Calculated Gamble+1","Footwork+1","Bullet Time+1","Reflex+1","Blur","PiercingWail","Calculated Gamble+1","Blur","After Image","Deflect","Phantasmal Killer+1","Reflex+1","Backstab","Unload","Deflect","Expertise+1","Eviscerate","Panache","Heel Hook","Calculated Gamble","Footwork"],"relics":["Ring of the Snake","CeramicFish","MealTicket","Toy Ornithopter","Runic Pyramid","Kunai","Bag of Preparation","Dream Catcher","Happy Flower","War Paint","Pandora\u0027s Box","Turnip","Mercury Hourglass","Eternal Feather","Darkstone Periapt","Singing Bowl","Vajra","Membership Card","Anchor","Bird Faced Urn","Centennial Puzzle"],"acts_visited":["Exordium","TheCity","TheBeyond","TheEnding"],"potions_floor_usage":[56,56],"damage_taken":[{"damage":0.0,"enemies":"2 Louse","floor":1.0,"turns":5.0},{"damage":4.0,"enemies":"Jaw Worm","floor":3.0,"turns":4.0},{"damage":0.0,"enemies":"Cultist","floor":4.0,"turns":3.0},{"damage":0.0,"enemies":"Looter","floor":5.0,"turns":3.0},{"damage":6.0,"enemies":"Gremlin Nob","floor":7.0,"turns":3.0},{"damage":0.0,"enemies":"Red Slaver","floor":11.0,"turns":2.0},{"damage":5.0,"enemies":"3 Sentries","floor":13.0,"turns":6.0},{"damage":8.0,"enemies":"Hexaghost","floor":16.0,"turns":9.0},{"damage":11.0,"enemies":"Shell Parasite","floor":18.0,"turns":6.0},{"damage":0.0,"enemies":"Chosen","floor":19.0,"turns":5.0},{"damage":0.0,"enemies":"Centurion and Healer","floor":22.0,"turns":7.0},{"damage":0.0,"enemies":"Gremlin Leader","floor":24.0,"turns":7.0},{"damage":0.0,"enemies":"Snake Plant","floor":27.0,"turns":6.0},{"damage":0.0,"enemies":"Book of Stabbing","floor":28.0,"turns":6.0},{"damage":0.0,"enemies":"Chosen and Byrds","floor":30.0,"turns":9.0},{"damage":0.0,"enemies":"Snecko","floor":31.0,"turns":6.0},{"damage":0.0,"enemies":"Collector","floor":33.0,"turns":14.0},{"damage":0.0,"enemies":"3 Darklings","floor":35.0,"turns":5.0},{"damage":0.0,"enemies":"3 Shapes","floor":38.0,"turns":3.0},{"damage":0.0,"enemies":"Spire Growth","floor":39.0,"turns":3.0},{"damage":0.0,"enemies":"Giant Head","floor":41.0,"turns":2.0},{"damage":0.0,"enemies":"4 Shapes","floor":45.0,"turns":5.0},{"damage":33.0,"enemies":"Reptomancer","floor":46.0,"turns":6.0},{"damage":0.0,"enemies":"Transient","floor":47.0,"turns":6.0},{"damage":0.0,"enemies":"Nemesis","floor":48.0,"turns":9.0},{"damage":0.0,"enemies":"Donu and Deca","floor":50.0,"turns":7.0},{"damage":0.0,"enemies":"Awakened One","floor":51.0,"turns":11.0},{"damage":0.0,"enemies":"Shield and Spear","floor":55.0,"turns":5.0},{"damage":0,"enemies":"The Heart","floor":56,"turns":11}],"seed_played":"7206309173632681220","potions_obtained":[{"floor":3.0,"key":"GamblersBrew"},{"floor":4.0,"key":"SkillPotion"},{"floor":5.0,"key":"Poison Potion"},{"floor":16.0,"key":"DuplicationPotion"},{"floor":22.0,"key":"BlessingOfTheForge"},{"floor":30.0,"key":"SpeedPotion"}],"is_trial":false,"path_per_floor":["M","?","M","M","M","R","E","$","T","R","M","R","?","?","R","B",null,"M","M","$","?","M","R","E","R","T","M","E","?","M","M","R","B",null,"M","?","$","M","M","R","E","R","T","T","M","E","M","E","R","B","B",null,"R","$","E","B",null],"character_chosen":"THE_SILENT","items_purchased":["Tactician","Kunai","Turnip","Membership Card","Anchor","Bird Faced Urn","Panache","Heel Hook","Calculated Gamble","Footwork"],"campfire_rested":0,"item_purchase_floors":[8,20,37,54,54,54,54,54,54,54],"current_hp_per_floor":[44,66,62,62,62,62,56,56,56,56,56,56,51,46,46,38,59,48,48,63,63,63,63,66,66,66,66,66,66,66,66,66,66,66,66,66,66,66,66,66,66,66,66,66,66,35,37,39,54,54,54,68,72,72,74,74],"gold":198,"neow_bonus":"RANDOM_COLORLESS_2","is_daily":false,"chose_seed":false,"campfire_upgraded":10,"win_rate":0.0,"timestamp":1611144736,"path_taken":["M","?","M","M","M","R","E","$","T","R","M","R","?","?","R","BOSS","M","M","$","?","M","R","E","R","T","?","E","?","M","?","R","BOSS","M","?","$","M","M","R","E","R","T","?","M","E","M","E","R","BOSS","BOSS","R","$","E","BOSS"],"items_purchased_type":["Card","Relic","Relic","Relic","Relic","Relic","Card","Card","Card","Card"],"build_version":"2020-12-22","purchased_purges":4,"victory":true,"max_hp_per_floor":[66,66,66,66,66,66,66,66,66,66,66,66,66,66,66,66,66,66,66,66,66,66,66,66,66,66,66,66,66,66,66,66,66,66,66,66,66,66,66,66,66,66,66,66,66,68,70,72,72,72,72,72,72,72,74,74],"relic_stats":{"Darkstone Periapt":0,"Happy Flower":[38],"Singing Bowl":8,"counters":[29,174],"CeramicFish":216,"Eternal Feather":19,"Bag of Preparation":[38],"War Paint":["Defend_G","Defend_G"],"Mercury Hourglass":[235],"Dream Catcher":0,"Centennial Puzzle":[0],"Bird Faced Urn":[0],"MealTicket":15,"Pandora\u0027s Box":["Deflect","Quick Slash","Phantasmal Killer","Reflex","Backstab","Unload","Deflect","Expertise"],"Turnip":[2],"Kunai":[69],"obtain_stats":[{"Darkstone Periapt":44,"Happy Flower":26,"Singing Bowl":46,"CeramicFish":7,"Vajra":48,"Eternal Feather":43,"Bag of Preparation":21,"War Paint":28,"Mercury Hourglass":41,"Dream Catcher":24,"Anchor":54,"Centennial Puzzle":55,"Bird Faced Urn":54,"MealTicket":13,"Pandora\u0027s Box":34,"Turnip":37,"Kunai":20,"Membership Card":54,"Toy Ornithopter":14,"Ring of the Snake":0,"Runic Pyramid":17},{"Darkstone Periapt":21,"Happy Flower":12,"Singing Bowl":23,"CeramicFish":5,"Vajra":25,"Eternal Feather":21,"Bag of Preparation":10,"War Paint":14,"Mercury Hourglass":21,"Dream Catcher":12,"Anchor":27,"Centennial Puzzle":28,"Bird Faced Urn":27,"MealTicket":7,"Pandora\u0027s Box":17,"Turnip":18,"Kunai":10,"Membership Card":27,"Toy Ornithopter":7,"Ring of the Snake":0,"Runic Pyramid":8},{"Darkstone Periapt":114,"Happy Flower":60,"Singing Bowl":125,"CeramicFish":18,"Vajra":140,"Eternal Feather":114,"Bag of Preparation":46,"War Paint":72,"Mercury Hourglass":114,"Dream Catcher":60,"Anchor":158,"Centennial Puzzle":163,"Bird Faced Urn":158,"MealTicket":26,"Pandora\u0027s Box":101,"Turnip":106,"Kunai":46,"Membership Card":158,"Toy Ornithopter":26,"Ring of the Snake":0,"Runic Pyramid":35}],"Toy Ornithopter":3,"Ring of the Snake":[58]},"card_choices":[{"not_picked":["Sadistic Nature","Thinking Ahead"],"picked":"HandOfGreed","floor":0.0},{"not_picked":["Escape Plan","Choke"],"picked":"Flying Knee","floor":1.0},{"not_picked":["Bane","Catalyst"],"picked":"Acrobatics","floor":3.0},{"not_picked":["Dagger Spray","Slice"],"picked":"Dash","floor":4.0},{"not_picked":["Underhanded Strike","Poisoned Stab"],"picked":"Bouncing Flask","floor":5.0},{"not_picked":["Cloak And Dagger","Backstab"],"picked":"Bullet Time","floor":7.0},{"not_picked":["Quick Slash","Masterful Stab"],"picked":"Calculated Gamble","floor":11.0},{"not_picked":["Riddle With Holes","Flying Knee"],"picked":"Footwork","floor":13.0},{"not_picked":["Night Terror","After Image"],"picked":"Bullet Time","floor":16.0},{"not_picked":["Bane","Caltrops","Quick Slash+1"],"picked":"SKIP","floor":18.0},{"not_picked":["Underhanded Strike","Bouncing Flask","Leg Sweep"],"picked":"SKIP","floor":19.0},{"not_picked":["Dodge and Roll","Sucker Punch"],"picked":"Reflex","floor":22.0},{"not_picked":["Bouncing Flask","Sucker Punch"],"picked":"Blur","floor":24.0},{"not_picked":["Bane","Accuracy+1","Quick Slash"],"picked":"SKIP","floor":27.0},{"not_picked":["Dash","Deadly Poison"],"picked":"PiercingWail","floor":28.0},{"not_picked":["Dagger Throw","Accuracy"],"picked":"Calculated Gamble+1","floor":30.0},{"not_picked":["Backflip","Caltrops"],"picked":"Blur","floor":31.0},{"not_picked":["Envenom","Night Terror"],"picked":"After Image","floor":33.0},{"not_picked":["Underhanded Strike","Prepared"],"picked":"Eviscerate","floor":35.0},{"not_picked":["Footwork","Noxious Fumes","Cloak And Dagger"],"picked":"SKIP","floor":38.0},{"not_picked":["Finisher","Backflip","Outmaneuver"],"picked":"SKIP","floor":39.0},{"not_picked":["Dodge and Roll","Well Laid Plans","Expertise+1"],"picked":"SKIP","floor":41.0},{"not_picked":["Blade Dance+1","Noxious Fumes","Bane"],"picked":"SKIP","floor":45.0},{"not_picked":["Poisoned Stab","Bane","Blur"],"picked":"Singing Bowl","floor":46.0},{"not_picked":["Acrobatics+1","Cloak And Dagger","Crippling Poison+1"],"picked":"Singing Bowl","floor":47.0},{"not_picked":["Deflect","Dodge and Roll","Expertise"],"picked":"Singing Bowl","floor":48.0},{"not_picked":["Blade Dance+1","Poisoned Stab","Setup"],"picked":"Singing Bowl","floor":55.0}],"player_experience":5817324,"relics_obtained":[{"floor":7.0,"key":"CeramicFish"},{"floor":13.0,"key":"MealTicket"},{"floor":24.0,"key":"Dream Catcher"},{"floor":26.0,"key":"Happy Flower"},{"floor":28.0,"key":"War Paint"},{"floor":41.0,"key":"Mercury Hourglass"},{"floor":43.0,"key":"Eternal Feather"},{"floor":44.0,"key":"Darkstone Periapt"},{"floor":46.0,"key":"Singing Bowl"},{"floor":48.0,"key":"Vajra"},{"floor":55.0,"key":"Centennial Puzzle"}],"event_choices":[{"damage_healed":22.0,"max_hp_gain":0.0,"max_hp_loss":0.0,"gold_gain":0.0,"event_name":"Big Fish","player_choice":"Banana","floor":2.0,"gold_loss":0.0,"damage_taken":0.0},{"damage_healed":0.0,"max_hp_gain":0.0,"max_hp_loss":0.0,"gold_gain":30.0,"event_name":"Dead Adventurer","player_choice":"Searched \u00273\u0027 times","floor":13.0,"gold_loss":0.0,"damage_taken":0.0},{"damage_healed":0.0,"max_hp_gain":0.0,"max_hp_loss":0.0,"gold_gain":0.0,"event_name":"Scrap Ooze","player_choice":"Success","floor":14.0,"gold_loss":0.0,"damage_taken":5.0,"relics_obtained":["Toy Ornithopter"]},{"cards_removed":["Flying Knee"],"damage_healed":0.0,"max_hp_gain":0.0,"max_hp_loss":0.0,"gold_gain":0.0,"event_name":"WeMeetAgain","player_choice":"Gave Card","floor":21.0,"gold_loss":0.0,"damage_taken":0.0,"relics_obtained":["Bag of Preparation"]},{"damage_healed":0.0,"max_hp_gain":0.0,"max_hp_loss":0.0,"gold_gain":0.0,"event_name":"Upgrade Shrine","player_choice":"Upgraded","floor":29.0,"gold_loss":0.0,"damage_taken":0.0,"cards_upgraded":["Reflex"]},{"damage_healed":0.0,"max_hp_gain":0.0,"max_hp_loss":0.0,"gold_gain":0.0,"event_name":"Tomb of Lord Red Mask","player_choice":"Ignored","floor":36.0,"gold_loss":0.0,"damage_taken":0.0}],"is_beta":false,"boss_relics":[{"not_picked":["SlaversCollar","Astrolabe"],"picked":"Runic Pyramid"},{"not_picked":["Snecko Eye","WristBlade"],"picked":"Pandora\u0027s Box"}],"items_purged_floors":[8,20,37,54],"is_endless":false,"potions_floor_spawned":[3,4,5,16,22,30,35,38,45,55],"ascension_level":20}}