{"host":"nbmmy2ys5j9alw05","time":1611143099,"event":{"mods":["AchievementEnabler","BaseMod","Bestiary","Better Vampires","Colored Map","Colored Powertips","Googly Eyes","Minty Spire (QoL Compilation)","Quick Restart","StSLib","The Hierophant","The IronCluck","everything is the same but u backflip on backflip"],"gold_per_floor":[113,128,148,148,148,181,181,207,275,56,56,66,2,19,19,19,19],"floor_reached":16,"language":"ENG","playtime":608,"items_purged":["Strike_R"],"score":160,"play_id":"54d5e9a6-78ce-4338-8c31-0fb95ad32b6f","local_time":"20210120034459","is_ascension_mode":true,"campfire_choices":[{"floor":7,"key":"REST"},{"floor":15,"key":"REST"}],"circlet_count":0,"master_deck":["Strike_R","Strike_R","Strike_R","Defend_R","Defend_R","Defend_R","Defend_R","Bash","Inflame","Infernal Blade","True Grit","Anger","Cleave","Clothesline","Spot Weakness","Armaments","Power Through"],"relics":["Burning Blood","NeowsBlessing","Turnip","PreservedInsect","Bag of Marbles","Blue Candle","Membership Card"],"acts_visited":["Exordium"],"potions_floor_usage":[6,16],"damage_taken":[{"damage":0,"enemies":"Cultist","floor":1,"turns":1},{"damage":0,"enemies":"Small Slimes","floor":2,"turns":1},{"damage":0,"enemies":"Jaw Worm","floor":3,"turns":1},{"damage":35,"enemies":"Lagavulin","floor":6,"turns":5},{"damage":23,"enemies":"3 Sentries","floor":8,"turns":6},{"damage":10,"enemies":"2 Fungi Beasts","floor":12,"turns":3},{"damage":8,"enemies":"Exordium Wildlife","floor":14,"turns":2},{"damage":62,"enemies":"The Guardian","floor":16,"turns":12}],"seed_played":"-1286364722303297917","potions_obtained":[{"floor":3,"key":"AttackPotion"},{"floor":8,"key":"FearPotion"}],"is_trial":false,"path_per_floor":["M","M","M","?","?","E","R","E","T","$","?","M","$","M","R","B"],"character_chosen":"IRONCLAD","items_purchased":["Membership Card","Spot Weakness","Armaments"],"campfire_rested":2,"item_purchase_floors":[10,13,13],"current_hp_per_floor":[78,80,80,73,66,37,61,44,44,44,44,40,40,38,62,0,0],"gold":19,"neow_bonus":"THREE_ENEMY_KILL","is_daily":false,"chose_seed":false,"campfire_upgraded":0,"win_rate":0.0,"timestamp":1611143099,"path_taken":["M","M","M","?","?","E","R","E","T","?","?","M","$","M","R","BOSS"],"items_purchased_type":["Relic","Card","Card"],"build_version":"2020-12-22","purchased_purges":1,"victory":false,"max_hp_per_floor":[80,80,80,80,80,80,80,80,80,80,80,80,80,80,80,80,80],"card_choices":[{"not_picked":["Perfected Strike","Havoc"],"picked":"Inflame","floor":1},{"not_picked":["Entrench","Fire Breathing"],"picked":"Infernal Blade","floor":2},{"not_picked":["Warcry","Bloodletting"],"picked":"True Grit","floor":3},{"not_picked":["Reckless Charge","Sentinel"],"picked":"Anger","floor":6},{"not_picked":["Metallicize","Inflame"],"picked":"Cleave","floor":8},{"not_picked":["Twin Strike","Headbutt"],"picked":"Clothesline","floor":12},{"not_picked":["Armaments","Ghostly Armor"],"picked":"Power Through","floor":14}],"player_experience":504254,"relics_obtained":[{"floor":6,"key":"PreservedInsect"},{"floor":8,"key":"Bag of Marbles"},{"floor":9,"key":"Blue Candle"}],"event_choices":[{"damage_healed":0,"gold_gain":0,"player_choice":"Success","damage_taken":7,"relics_obtained":["Turnip"],"max_hp_gain":0,"max_hp_loss":0,"event_name":"Scrap Ooze","floor":4,"gold_loss":0},{"cards_removed":["Strike_R"],"damage_healed":0,"gold_gain":0,"player_choice":"Card Removal","damage_taken":7,"max_hp_gain":0,"max_hp_loss":0,"event_name":"Golden Wing","floor":5,"gold_loss":0},{"damage_healed":0,"gold_gain":0,"player_choice":"Leave","damage_taken":0,"max_hp_gain":0,"max_hp_loss":0,"event_name":"The Cleric","floor":11,"gold_loss":0}],"is_beta":false,"boss_relics":[],"items_purged_floors":[10],"is_endless":false,"potions_floor_spawned":[3,8],"killed_by":"The Guardian","ascension_level":9}}