{"host":"l60rmjjsfi0fipmi","time":1611110655,"event":{"mods":["BaseMod","Colored Map","DeckTracker","Highlight Path","Minty Spire (QoL Compilation)","StSLib","The Cursed","The Servant 0.9.4"],"gold_per_floor":[216,216,10,24,44,44,73,73,73,73,92,102,102,122,122,122,122],"floor_reached":16,"language":"ENG","playtime":700,"items_purged":["Strike_G"],"score":130,"play_id":"9dfdccfb-2846-4428-a907-b3a3101711f0","local_time":"20210119214415","is_ascension_mode":true,"campfire_choices":[{"data":"Infinite Blades","floor":6,"key":"SMITH"},{"data":"Cloak And Dagger","floor":8,"key":"SMITH"},{"floor":15,"key":"REST"}],"circlet_count":0,"master_deck":["Strike_G","Strike_G","Strike_G","Defend_G","Defend_G","Defend_G","Defend_G","Defend_G","Survivor","Neutralize","Crippling Poison","Dagger Spray","Infinite Blades+1","Dash","Cloak And Dagger+1","Skewer","Dash","Dodge and Roll"],"relics":["Ring of the Snake","NlothsMask","Incense Burner"],"acts_visited":["Exordium"],"potions_floor_usage":[7,13,16],"damage_taken":[{"damage":2,"enemies":"Small Slimes","floor":1,"turns":4},{"damage":0,"enemies":"Cultist","floor":4,"turns":4},{"damage":0,"enemies":"Jaw Worm","floor":5,"turns":4},{"damage":18,"enemies":"Gremlin Nob","floor":7,"turns":4},{"damage":3,"enemies":"Blue Slaver","floor":11,"turns":4},{"damage":9,"enemies":"3 Louse","floor":12,"turns":2},{"damage":0,"enemies":"Gremlin Gang","floor":13,"turns":3},{"damage":25,"enemies":"Exordium Thugs","floor":14,"turns":5},{"damage":30,"enemies":"Slime Boss","floor":16,"turns":9}],"seed_played":"8917678973074935359","potions_obtained":[{"floor":1,"key":"Dexterity Potion"},{"floor":5,"key":"Strength Potion"},{"floor":7,"key":"SmokeBomb"},{"floor":11,"key":"LiquidMemories"}],"is_trial":false,"path_per_floor":["M","?","$","M","M","R","E","R","T","?","M","M","M","M","R","B"],"character_chosen":"THE_SILENT","items_purchased":["Dagger Spray","Infinite Blades"],"campfire_rested":1,"item_purchase_floors":[3,3],"current_hp_per_floor":[68,68,68,68,68,68,50,50,50,43,40,31,31,6,27,0,0],"gold":122,"neow_bonus":"HUNDRED_GOLD","is_daily":false,"chose_seed":false,"campfire_upgraded":2,"win_rate":0.0,"timestamp":1611110655,"path_taken":["M","?","$","?","M","R","E","R","T","?","M","M","M","M","R","BOSS"],"items_purchased_type":["Card","Card"],"build_version":"2020-12-22","purchased_purges":1,"victory":false,"max_hp_per_floor":[70,70,70,70,70,70,70,70,70,70,70,70,70,70,70,70,70],"card_choices":[{"not_picked":["Skewer","Caltrops"],"picked":"Crippling Poison","floor":1},{"not_picked":["Underhanded Strike","Flechettes"],"picked":"Dash","floor":4},{"not_picked":["Dagger Spray","Tactician"],"picked":"Cloak And Dagger","floor":5},{"not_picked":["Wraith Form v2","Concentrate"],"picked":"Skewer","floor":7},{"not_picked":["Crippling Poison","Eviscerate"],"picked":"Dash","floor":11},{"not_picked":["Escape Plan","Sucker Punch"],"picked":"Dodge and Roll","floor":12},{"not_picked":["Finisher","Flying Knee","Quick Slash"],"picked":"SKIP","floor":14}],"player_experience":508269,"relics_obtained":[{"floor":7,"key":"Incense Burner"}],"event_choices":[{"damage_healed":0,"gold_gain":0,"player_choice":"Trade","damage_taken":0,"relics_obtained":["NlothsMask"],"max_hp_gain":0,"max_hp_loss":0,"event_name":"FaceTrader","floor":2,"gold_loss":0},{"cards_removed":["Strike_G"],"damage_healed":0,"gold_gain":0,"player_choice":"Card Removal","damage_taken":7,"max_hp_gain":0,"max_hp_loss":0,"event_name":"Golden Wing","floor":10,"gold_loss":0}],"is_beta":false,"boss_relics":[],"items_purged_floors":[3],"is_endless":false,"potions_floor_spawned":[1,5,7,11],"killed_by":"Slime Boss","ascension_level":5}}