{"host":"9l1knhxfturzliqa","time":1611107671,"event":{"mods":["BaseMod","Colored Map","Colored Powertips","DeckTracker","Highlight Path","Keyboard Shortcuts","Minty Spire (QoL Compilation)","Random Character Button"],"gold_per_floor":[113,123,138,288,213,213,243,254,279,306,318,338,356,372,372,449,449,465,35,53,68,80,80,109,109,109,125,125,153,164,176,176,251,251,270,270,288,288,288],"floor_reached":38,"language":"KOR","playtime":2749,"items_purged":["Strike_G"],"score":895,"play_id":"f62568cc-7247-45b7-8ddc-dcc4816acf8c","local_time":"20210120105431","is_ascension_mode":true,"campfire_choices":[{"data":"Blade Dance","floor":6.0,"key":"SMITH"},{"data":"Noxious Fumes","floor":15.0,"key":"SMITH"},{"floor":23.0,"key":"REST"},{"floor":25.0,"key":"REST"},{"data":"Night Terror","floor":28.0,"key":"SMITH"},{"floor":32.0,"key":"REST"}],"circlet_count":0,"master_deck":["AscendersBane","Strike_G","Strike_G","Defend_G","Defend_G","Defend_G","Survivor","Neutralize","Blade Dance+1","Backflip","Dagger Throw","Noxious Fumes+1","Blur","Night Terror+1","Finisher","PiercingWail","Cloak And Dagger","Escape Plan","After Image","Infinite Blades","Deflect+1","Reflex","Choke","Expertise+1","Crippling Poison","Burst","Slice+1","Bullet Time"],"relics":["Ring of the Snake","Potion Belt","Strawberry","Oddly Smooth Stone","Cursed Key","White Beast Statue","Orichalcum","Dream Catcher","Empty Cage"],"acts_visited":["Exordium","TheCity","TheBeyond"],"potions_floor_usage":[],"damage_taken":[{"damage":0.0,"enemies":"Jaw Worm","floor":1.0,"turns":5.0},{"damage":0.0,"enemies":"2 Louse","floor":2.0,"turns":2.0},{"damage":4.0,"enemies":"Small Slimes","floor":3.0,"turns":4.0},{"damage":0.0,"enemies":"Gremlin Nob","floor":7.0,"turns":3.0},{"damage":4.0,"enemies":"Looter","floor":8.0,"turns":5.0},{"damage":17.0,"enemies":"3 Sentries","floor":10.0,"turns":9.0},{"damage":1.0,"enemies":"Blue Slaver","floor":11.0,"turns":5.0},{"damage":8.0,"enemies":"3 Louse","floor":12.0,"turns":3.0},{"damage":2.0,"enemies":"Gremlin Gang","floor":13.0,"turns":5.0},{"damage":0.0,"enemies":"Looter","floor":14.0,"turns":1.0},{"damage":17.0,"enemies":"The Guardian","floor":16.0,"turns":11.0},{"damage":8.0,"enemies":"Spheric Guardian","floor":18.0,"turns":7.0},{"damage":2.0,"enemies":"Shell Parasite","floor":20.0,"turns":8.0},{"damage":20.0,"enemies":"3 Cultists","floor":21.0,"turns":7.0},{"damage":19.0,"enemies":"Shelled Parasite and Fungi","floor":22.0,"turns":6.0},{"damage":15.0,"enemies":"Book of Stabbing","floor":24.0,"turns":10.0},{"damage":0.0,"enemies":"Chosen and Byrds","floor":27.0,"turns":7.0},{"damage":2.0,"enemies":"Gremlin Leader","floor":29.0,"turns":8.0},{"damage":18.0,"enemies":"Snake Plant","floor":30.0,"turns":2.0},{"damage":0.0,"enemies":"Centurion and Healer","floor":31.0,"turns":5.0},{"damage":18.0,"enemies":"Automaton","floor":33.0,"turns":12.0},{"damage":10.0,"enemies":"3 Shapes","floor":35.0,"turns":8.0},{"damage":0.0,"enemies":"3 Darklings","floor":37.0,"turns":5.0},{"damage":52,"enemies":"Transient","floor":38,"turns":6}],"seed_played":"-8067482636237926133","potions_obtained":[{"floor":2.0,"key":"SteroidPotion"},{"floor":7.0,"key":"Block Potion"},{"floor":8.0,"key":"SpeedPotion"},{"floor":12.0,"key":"DistilledChaos"},{"floor":16.0,"key":"Swift Potion"},{"floor":20.0,"key":"SkillPotion"},{"floor":21.0,"key":"Energy Potion"},{"floor":22.0,"key":"LiquidMemories"},{"floor":24.0,"key":"DuplicationPotion"},{"floor":27.0,"key":"PowerPotion"},{"floor":29.0,"key":"Explosive Potion"},{"floor":30.0,"key":"LiquidBronze"},{"floor":31.0,"key":"BlessingOfTheForge"},{"floor":33.0,"key":"GhostInAJar"},{"floor":35.0,"key":"CunningPotion"},{"floor":37.0,"key":"Ancient Potion"}],"is_trial":false,"path_per_floor":["M","M","M","?","?","R","E","M","T","E","M","M","M","M","R","B",null,"M","$","M","M","M","R","E","R","T","M","R","E","M","M","R","B",null,"M","?","M","M"],"character_chosen":"THE_SILENT","items_purchased":["White Beast Statue","Infinite Blades"],"campfire_rested":3,"item_purchase_floors":[19,19],"current_hp_per_floor":[59,59,55,55,55,55,55,51,58,41,40,32,30,30,30,13,54,46,46,44,24,5,25,10,30,30,30,30,28,10,10,30,12,53,43,43,43,0,0],"gold":288,"neow_bonus":"REMOVE_TWO","is_daily":false,"chose_seed":false,"campfire_upgraded":3,"win_rate":0.0,"timestamp":1611107671,"path_taken":["M","M","M","?","?","R","E","M","T","E","M","M","M","M","R","BOSS","M","$","M","M","M","R","E","R","T","M","R","E","M","M","R","BOSS","M","?","M","M"],"items_purchased_type":["Relic","Card"],"build_version":"2020-12-22","purchased_purges":1,"victory":false,"max_hp_per_floor":[60,60,60,60,60,60,60,60,67,67,67,67,67,67,67,67,67,67,67,67,67,67,67,67,67,67,67,67,67,67,67,67,67,67,67,67,67,67,67],"card_choices":[{"not_picked":["Cloak And Dagger","Outmaneuver"],"picked":"Blade Dance","floor":1.0},{"not_picked":["Eviscerate","Underhanded Strike"],"picked":"Backflip","floor":2.0},{"not_picked":["Concentrate","Outmaneuver"],"picked":"Dagger Throw","floor":3.0},{"not_picked":["Dodge and Roll","Blur"],"picked":"Noxious Fumes","floor":7.0},{"not_picked":["Acrobatics","Poisoned Stab"],"picked":"Blur","floor":8.0},{"not_picked":["Terror","Blade Dance"],"picked":"Night Terror","floor":10.0},{"not_picked":["Deflect","Bane"],"picked":"Finisher","floor":11.0},{"not_picked":["Eviscerate","Quick Slash"],"picked":"PiercingWail","floor":12.0},{"not_picked":["Reflex","Masterful Stab"],"picked":"Cloak And Dagger","floor":13.0},{"not_picked":["Masterful Stab","Prepared"],"picked":"Escape Plan","floor":14.0},{"not_picked":["Phantasmal Killer","Tools of the Trade"],"picked":"After Image","floor":16.0},{"not_picked":["Poisoned Stab","Deflect","Deadly Poison"],"picked":"SKIP","floor":18.0},{"not_picked":["Predator","Heel Hook"],"picked":"Deflect+1","floor":20.0},{"not_picked":["Dagger Throw","Predator","Poisoned Stab"],"picked":"SKIP","floor":21.0},{"not_picked":["Quick Slash","Skewer"],"picked":"Reflex","floor":22.0},{"not_picked":["Footwork","Slice","Deflect"],"picked":"SKIP","floor":24.0},{"not_picked":["Deadly Poison","Grand Finale"],"picked":"Choke","floor":27.0},{"not_picked":["Riddle With Holes","Deadly Poison+1","Backflip"],"picked":"SKIP","floor":29.0},{"not_picked":["Crippling Poison","Skewer","Sucker Punch"],"picked":"SKIP","floor":30.0},{"not_picked":["Sucker Punch","Deadly Poison"],"picked":"Expertise+1","floor":31.0},{"not_picked":["Backflip","Poisoned Stab"],"picked":"Crippling Poison","floor":32.0},{"not_picked":["Glass Knife","Grand Finale"],"picked":"Burst","floor":33.0},{"not_picked":["Deflect","Slice+1","Dagger Throw"],"picked":"SKIP","floor":35.0},{"not_picked":["Deflect","Dagger Throw"],"picked":"Slice+1","floor":35.0},{"not_picked":["Deflect","Backflip+1"],"picked":"Bullet Time","floor":37.0}],"player_experience":499805,"relics_obtained":[{"floor":7.0,"key":"Potion Belt"},{"floor":9.0,"key":"Strawberry"},{"floor":10.0,"key":"Oddly Smooth Stone"},{"floor":24.0,"key":"Orichalcum"},{"floor":29.0,"key":"Dream Catcher"}],"event_choices":[{"damage_healed":0.0,"max_hp_gain":0.0,"max_hp_loss":0.0,"gold_gain":150.0,"event_name":"Liars Game","player_choice":"AGREE","floor":4.0,"gold_loss":0.0,"damage_taken":0.0,"cards_obtained":["Doubt"]},{"cards_removed":["Doubt"],"damage_healed":0.0,"max_hp_gain":0.0,"max_hp_loss":0.0,"gold_gain":0.0,"event_name":"The Cleric","player_choice":"Card Removal","floor":5.0,"gold_loss":75.0,"damage_taken":0.0},{"damage_healed":0.0,"max_hp_gain":0.0,"max_hp_loss":0.0,"gold_gain":0.0,"event_name":"Tomb of Lord Red Mask","player_choice":"Ignored","floor":36.0,"gold_loss":0.0,"damage_taken":0.0}],"is_beta":false,"boss_relics":[{"not_picked":["Sozu","Ectoplasm"],"picked":"Cursed Key"},{"not_picked":["SacredBark","SlaversCollar"],"picked":"Empty Cage"}],"items_purged_floors":[19],"is_endless":false,"potions_floor_spawned":[2,7,8,12,16,20,21,22,24,27,29,30,31,33,35,37],"killed_by":"Transient","ascension_level":19}}