{"host":"nnt34ungdh9fkcmy","time":1611112953,"event":{"mods":["BaseMod","Downfall","Minty Spire (QoL Compilation)","StSLib","SuperFastMode"],"gold_per_floor":[99,117,131,151,163,173,197,210,235,335,373,32,32,54,74,179,179,79,108,258,358,358,369,369,394,128,28,13,26,26,41,58,58,58,58],"floor_reached":33,"language":"ENG","playtime":2034,"items_purged":["bronze:Strike"],"score":356,"play_id":"4aca9714-483d-4d70-88d0-9613134267cb","local_time":"20210119202233","is_ascension_mode":false,"campfire_choices":[{"data":"bronze:Replicate","floor":1,"key":"SMITH"},{"data":"bronze:CloningBeam","floor":13,"key":"SMITH"},{"data":"bronze:ClassDefault","floor":18,"key":"SMITH"},{"data":"bronze:Verify","floor":27,"key":"SMITH"},{"floor":30,"key":"REST"}],"circlet_count":0,"master_deck":["bronze:Defend","bronze:Defend","bronze:Defend","bronze:Defend","bronze:Replicate+1","bronze:Goto","bronze:WhirlingStrike","bronze:CloningBeam+1","bronze:Boost","bronze:DelayedGuard","bronze:Iterate","bronze:FollowUp","bronze:Shell","bronze:Boost","bronze:ClassDefault+1","bronze:Verify+1","bronze:ForLoop","bronze:DecaBeam","bronze:Branch+1","bronze:Return+1","bronze:GetLatest+1","bronze:Optimize+1"],"relics":["bronze:BronzeCore","Juzu Bracelet","Shuriken","Empty Cage","downfall:HeartBlessingGreen","Bottled Tornado","Pear","Singing Bowl","downfall:HeartBlessingBlue"],"acts_visited":["Exordium","TheCity"],"potions_floor_usage":[9,16,16,25,25,25,25,31],"damage_taken":[{"damage":0,"enemies":"Cultist","floor":2,"turns":4},{"damage":0,"enemies":"Small Slimes","floor":3,"turns":2},{"damage":0,"enemies":"2 Louse","floor":4,"turns":2},{"damage":11,"enemies":"Lots of Slimes","floor":5,"turns":3},{"damage":2,"enemies":"2 Fungi Beasts","floor":6,"turns":3},{"damage":8,"enemies":"Exordium Thugs","floor":8,"turns":3},{"damage":0,"enemies":"Gremlin Nob","floor":9,"turns":3},{"damage":14,"enemies":"3 Sentries","floor":11,"turns":5},{"damage":2,"enemies":"downfall:FleeingMerchant","floor":12,"turns":4},{"damage":5,"enemies":"3 Louse","floor":14,"turns":4},{"damage":1,"enemies":"2 Fungi Beasts","floor":15,"turns":4},{"damage":21,"enemies":"DF_ARCHETYPE_STREAMLINE","floor":16,"turns":11},{"damage":14,"enemies":"Spheric Guardian","floor":19,"turns":6},{"damage":13,"enemies":"Spheric Guardian","floor":21,"turns":7},{"damage":2,"enemies":"3 Byrds","floor":23,"turns":5},{"damage":29,"enemies":"Book of Stabbing","floor":25,"turns":8},{"damage":0,"enemies":"downfall:FleeingMerchant","floor":26,"turns":4},{"damage":5,"enemies":"downfall:FleeingMerchant","floor":28,"turns":4},{"damage":27,"enemies":"Snake Plant","floor":29,"turns":8},{"damage":8,"enemies":"3 Cultists","floor":31,"turns":6},{"damage":6,"enemies":"Snecko","floor":32,"turns":6},{"damage":29,"enemies":"SI_MIRROR_ARCHETYPE","floor":33,"turns":4}],"seed_played":"-1688629553593506047","potions_obtained":[{"floor":2,"key":"EssenceOfSteel"},{"floor":3,"key":"Fire Potion"},{"floor":5,"key":"Weak Potion"},{"floor":6,"key":"Energy Potion"},{"floor":11,"key":"EssenceOfSteel"},{"floor":23,"key":"EntropicBrew"},{"floor":29,"key":"Slimebound:ThreeZeroPotion"},{"floor":32,"key":"Slimebound:ThreeZeroPotion"}],"is_trial":false,"path_per_floor":["R","M","M","M","M","M","T","M","E","?","E","$","R","M","M","B",null,"R","M","?","?","?","M","T","E","$","R","$","M","R","M","M","B"],"character_chosen":"THE_AUTOMATON","items_purchased":["Shuriken","Singing Bowl"],"campfire_rested":1,"item_purchase_floors":[12,26],"current_hp_per_floor":[77,77,77,77,66,64,64,56,56,56,42,40,40,35,34,13,77,77,63,63,50,50,48,48,29,29,39,36,11,41,35,29,0,0,0],"gold":58,"neow_bonus":"TEN_PERCENT_HP_BONUS","is_daily":false,"chose_seed":false,"campfire_upgraded":4,"win_rate":0.0,"timestamp":1611112953,"path_taken":["R","M","M","M","M","M","T","M","E","?","E","?","R","M","M","BOSS","R","M","?","?","?","M","T","E","$","R","$","M","R","M","M","BOSS"],"items_purchased_type":["Relic","Relic"],"build_version":"2020-12-22","purchased_purges":1,"victory":false,"max_hp_per_floor":[77,77,77,77,77,77,77,77,77,77,77,77,77,77,77,77,77,77,77,77,77,77,77,77,87,87,97,99,101,101,103,103,103,103,103],"card_choices":[{"not_picked":["bronze:BronzeArmor","bronze:FineTuning"],"picked":"bronze:WhirlingStrike","floor":2},{"not_picked":["bronze:Iterate","bronze:DarkDash"],"picked":"bronze:CloningBeam","floor":3},{"not_picked":["bronze:ChildClass","bronze:ItsAFeature","bronze:Allocate"],"picked":"SKIP","floor":4},{"not_picked":["bronze:Iterate","bronze:DelayedSlice"],"picked":"bronze:Boost","floor":5},{"not_picked":["bronze:Turbo","bronze:DelayedSlice"],"picked":"bronze:DelayedGuard","floor":6},{"not_picked":["bronze:Repulsor","bronze:Safeguard"],"picked":"bronze:Iterate","floor":8},{"not_picked":["bronze:Deprecate","bronze:Repulsor"],"picked":"bronze:FollowUp","floor":9},{"not_picked":["bronze:Frontload","bronze:WildBeam"],"picked":"bronze:Shell","floor":11},{"not_picked":["bronze:WhirlingStrike","bronze:SpaghettiCode"],"picked":"bronze:Boost","floor":12},{"not_picked":["bronze:Invalidate","bronze:WildBeam"],"picked":"bronze:ClassDefault","floor":14},{"not_picked":["bronze:Frontload","bronze:BugBarrage","bronze:Shield"],"picked":"SKIP","floor":15},{"not_picked":["bronze:SpaghettiCode","bronze:ShipIt"],"picked":"bronze:Verify","floor":16},{"not_picked":["bronze:Overheat","bronze:DelayedGuard"],"picked":"bronze:ForLoop","floor":19},{"not_picked":[],"picked":"bronze:DecaBeam","floor":21},{"not_picked":["bronze:DelayedSlice","bronze:Shield"],"picked":"bronze:Branch+1","floor":23},{"not_picked":["bronze:AlphaBuild","bronze:Deprecate"],"picked":"bronze:Return+1","floor":25},{"not_picked":["bronze:DigitalCarnage","bronze:Shield"],"picked":"bronze:GetLatest+1","floor":26},{"not_picked":["bronze:Shield+1","bronze:OilSpill","bronze:ThunderWave"],"picked":"Singing Bowl","floor":28},{"not_picked":["bronze:BugBarrage+1","bronze:Overheat","bronze:ChildClass+1"],"picked":"Singing Bowl","floor":29},{"not_picked":["bronze:Boost","bronze:Turbo","bronze:ClassDefault+1"],"picked":"Singing Bowl","floor":31},{"not_picked":["bronze:Deprecate","bronze:CutThrough"],"picked":"bronze:Optimize+1","floor":32}],"player_experience":219565,"relics_obtained":[{"floor":9,"key":"Juzu Bracelet"},{"floor":11,"key":"CeramicFish"},{"floor":24,"key":"Bottled Tornado"},{"floor":25,"key":"Pear"}],"event_choices":[{"cards_removed":["bronze:Strike"],"damage_healed":0,"gold_gain":0,"player_choice":"Offered Basic","damage_taken":0,"max_hp_gain":0,"max_hp_loss":0,"event_name":"Bonfire Elementals","floor":22,"gold_loss":0}],"is_beta":false,"boss_relics":[{"not_picked":["Runic Dome","SlaversCollar"],"picked":"Empty Cage"}],"items_purged_floors":[12],"is_endless":false,"potions_floor_spawned":[2,3,5,6,11,15,23,29,32],"killed_by":"SI_MIRROR_ARCHETYPE","ascension_level":0}}