{"host":"exlsoi54q6pc3sri","time":1611151921,"event":{"mods":["2.2 Compatiblity","AchievementEnabler","Act Like it!","BaseMod","Colored Map","Colored Powertips","Downfall","Friendly Minions","GifTheSpireLib","Highlight Path","Jorbs\u0027s Wanderer Trilogy","Minty Spire (QoL Compilation)","Permanent Neow","Rare Cards Sparkle","StSLib"],"gold_per_floor":[118,135,15,15,30,56,70,70,96,107,122,122,150,175,187,297,309,334,366,398,428,13,38,38,38,90,90,90,90],"floor_reached":28,"language":"ENG","playtime":1852,"items_purged":["Defend_G","Strike_G"],"score":297,"play_id":"b6ccff0d-3be4-4c4a-abdc-65ebd3b1575c","local_time":"20210120141201","is_ascension_mode":false,"campfire_choices":[{"data":"Terror","floor":8,"key":"SMITH"},{"floor":12,"key":"REST"},{"floor":15,"key":"REST"},{"floor":24,"key":"REST"}],"circlet_count":0,"master_deck":["Strike_G","Strike_G","Strike_G","Strike_G","Defend_G","Defend_G","Defend_G","Defend_G","Survivor","Neutralize","Terror+1","Poisoned Stab","Blade Dance","Poisoned Stab","Catalyst","Slice","Blade Dance","Blade Dance","All Out Attack","Slice","Poisoned Stab","Prepared","CurseOfTheBell","Outmaneuver+1","Calculated Gamble+1","Poisoned Stab","Deflect+1","Outmaneuver","Outmaneuver","Noxious Fumes+1"],"relics":["Runic Pyramid","Dream Catcher","Nunchaku","MawBank","Calling Bell","Bag of Marbles","White Beast Statue","The Specimen","Oddly Smooth Stone","Boot","Question Card","MealTicket"],"acts_visited":["Exordium","TheCity"],"potions_floor_usage":[16,18,20,20,21,21,27],"damage_taken":[{"damage":1,"enemies":"2 Louse","floor":1,"turns":3},{"damage":0,"enemies":"Jaw Worm","floor":2,"turns":5},{"damage":1,"enemies":"Cultist","floor":5,"turns":3},{"damage":17,"enemies":"Gremlin Nob","floor":6,"turns":4},{"damage":2,"enemies":"Blue Slaver","floor":7,"turns":4},{"damage":11,"enemies":"Lots of Slimes","floor":10,"turns":3},{"damage":1,"enemies":"2 Fungi Beasts","floor":11,"turns":3},{"damage":18,"enemies":"3 Sentries","floor":13,"turns":5},{"damage":10,"enemies":"Large Slime","floor":14,"turns":4},{"damage":51,"enemies":"The Guardian","floor":16,"turns":7},{"damage":14,"enemies":"2 Thieves","floor":18,"turns":4},{"damage":1,"enemies":"Chosen","floor":19,"turns":3},{"damage":19,"enemies":"Snake Plant","floor":20,"turns":3},{"damage":17,"enemies":"3 Cultists","floor":21,"turns":4},{"damage":40,"enemies":"Gremlin Leader","floor":23,"turns":6},{"damage":37,"enemies":"Slavers","floor":27,"turns":3},{"damage":0,"enemies":"Centurion and Healer","floor":28,"turns":1}],"seed_played":"-4481397281060971644","potions_obtained":[{"floor":1,"key":"GhostInAJar"},{"floor":6,"key":"GamblersBrew"},{"floor":7,"key":"FairyPotion"},{"floor":14,"key":"FearPotion"},{"floor":16,"key":"GhostInAJar"},{"floor":18,"key":"EssenceOfSteel"},{"floor":19,"key":"Poison Potion"},{"floor":20,"key":"champ:CounterPotion"},{"floor":21,"key":"Fruit Juice"},{"floor":23,"key":"SmokeBomb"}],"is_trial":false,"path_per_floor":["M","M","$","?","M","E","M","R","T","M","M","R","E","M","R","B",null,"M","M","M","M","$","E","R","?","T","E","M"],"character_chosen":"THE_SILENT","items_purchased":["Blade Dance","Oddly Smooth Stone","Boot","Outmaneuver"],"campfire_rested":3,"item_purchase_floors":[3,22,22,22],"current_hp_per_floor":[69,69,69,74,73,56,54,54,54,43,42,64,46,36,58,7,75,61,60,41,29,29,15,39,39,39,2,2,2],"gold":90,"neow_bonus":"BOSS_RELIC","is_daily":false,"chose_seed":false,"campfire_upgraded":1,"win_rate":0.0,"timestamp":1611151921,"path_taken":["M","M","$","?","M","E","M","R","T","M","M","R","E","M","R","BOSS","M","M","M","M","$","E","R","?","T","E","M"],"items_purchased_type":["Card","Relic","Relic","Card"],"build_version":"2020-12-22","purchased_purges":2,"victory":false,"max_hp_per_floor":[70,70,70,75,75,75,75,75,75,75,75,75,75,75,75,75,75,75,75,75,80,80,80,80,80,80,80,80,80],"card_choices":[{"not_picked":["Dodge and Roll","Prepared"],"picked":"Terror","floor":1},{"not_picked":["Acrobatics","Quick Slash"],"picked":"Poisoned Stab","floor":2},{"not_picked":["Predator","Deadly Poison"],"picked":"Poisoned Stab","floor":5},{"not_picked":["Distraction","Backflip"],"picked":"Catalyst","floor":6},{"not_picked":["Heel Hook","Deflect"],"picked":"Slice","floor":7},{"not_picked":["Leg Sweep","Acrobatics"],"picked":"Blade Dance","floor":10},{"not_picked":["Expertise","Well Laid Plans"],"picked":"Blade Dance","floor":11},{"not_picked":["Backflip","Dodge and Roll"],"picked":"All Out Attack","floor":12},{"not_picked":["Choke","Eviscerate"],"picked":"Slice","floor":13},{"not_picked":["Expertise","Night Terror"],"picked":"Poisoned Stab","floor":14},{"not_picked":["PiercingWail","Predator"],"picked":"Prepared","floor":15},{"not_picked":["Backstab","Reflex"],"picked":"Outmaneuver+1","floor":18},{"not_picked":["Distraction","Slice+1"],"picked":"Calculated Gamble+1","floor":19},{"not_picked":["All Out Attack","Underhanded Strike"],"picked":"Poisoned Stab","floor":20},{"not_picked":["All Out Attack","Backflip"],"picked":"Deflect+1","floor":21},{"not_picked":["Deflect","Riddle With Holes"],"picked":"Outmaneuver","floor":23},{"not_picked":["Blade Dance+1","Phantasmal Killer","All Out Attack"],"picked":"Noxious Fumes","floor":24}],"player_experience":103476,"relics_obtained":[{"floor":6,"key":"Dream Catcher"},{"floor":9,"key":"Nunchaku"},{"floor":13,"key":"MawBank"},{"floor":17,"key":"Bag of Marbles"},{"floor":17,"key":"White Beast Statue"},{"floor":17,"key":"The Specimen"},{"floor":23,"key":"Question Card"},{"floor":26,"key":"MealTicket"}],"event_choices":[{"damage_healed":0,"gold_gain":0,"player_choice":"Donut","damage_taken":0,"max_hp_gain":5,"max_hp_loss":0,"event_name":"Big Fish","floor":4,"gold_loss":0},{"damage_healed":0,"gold_gain":0,"player_choice":"Upgraded","damage_taken":0,"max_hp_gain":0,"max_hp_loss":0,"event_name":"Upgrade Shrine","floor":25,"gold_loss":0,"cards_upgraded":["Noxious Fumes"]}],"is_beta":false,"boss_relics":[{"not_picked":["Fusion Hammer","bronze:MakeshiftBattery"],"picked":"Calling Bell"}],"items_purged_floors":[3,22],"is_endless":false,"potions_floor_spawned":[1,6,7,14,16,18,19,20,21,23,27],"killed_by":"Centurion and Healer","ascension_level":0}}