{"host":"7vcinojww5gy0fs8","time":1611125066,"event":{"mods":["100% Spire Juice","ATMod(°¢èªMod)","Alarm Clock","Arknights The Spire","Ascension Reborn","Aspiration","BaseMod","Better Vampires","BetterRewards","Dota2Spire","Fox Events","Googly Eyes","Highlight Path","Marked Mod","Minty Spire (QoL Compilation)","Nova Terra(ÅµÍÞ¡¤Ì©À­)","Quick Restart","Spicy Shops","StSLib","The Gatherer","The Hierophant","The Runesmith","[GremlinLeader]The Maniac","vexMod","¡¾ÒÅÎï¿¨ÅÆ¡¿REMEMod"],"gold_per_floor":[113,88,103,103,127,127,142,142,167,167,167,249,249,294,294,563,563,583,643,658,658,346,402,462,387,387,579,579,626,626,724,724,918,1584,1684,1861,1861,1933,1951,1951,872,999,1075,1075,44,215,379,531,531,581,581,581,42,152,96],"floor_reached":56,"language":"ZHS","playtime":8991,"items_purged":["NovaMod:Basic_Strike_Nova","Injury","NovaMod:Basic_Strike_Nova","NovaMod:Basic_Strike_Nova","NovaMod:StimPack"],"score":1389,"play_id":"8444f087-da4d-4a7f-b26e-c5f99db31337","local_time":"20210120144426","is_ascension_mode":true,"campfire_choices":[{"floor":6.0,"key":"DIG"},{"floor":8.0,"key":"DIG"},{"floor":10.0,"key":"DIG"},{"floor":13.0,"key":"DIG"},{"floor":15.0,"key":"DIG"},{"floor":32.0,"key":"DIG"},{"floor":40.0,"key":"RECALL"},{"floor":44.0,"key":"DIG"},{"floor":49,"key":"DIG"},{"floor":52,"key":"DIG"}],"circlet_count":0,"master_deck":["NovaMod:Basic_Strike_Nova","NovaMod:Basic_Defend_Nova","NovaMod:Basic_Defend_Nova","NovaMod:Basic_Defend_Nova","NovaMod:Snipe","NovaMod:PenetratingBlast","NovaMod:Mediatation","REME_WheelOfFate","NovaMod:Barrier","NovaMod:SwiftChop","NovaMod:PrecsionAssembly","NovaMod:WeaknessInsights","NovaMod:TechLab+1","NovaMod:WeaknessInsights","NovaMod:MechanicalArmor","NovaMod:Bioaugmentation","NovaMod:Missile","NovaMod:Upgrade+1","Madness","Madness","REME_FirmDetermination","NovaMod:SuperStimPack","NovaMod:AirDrop+1","NovaMod:StimPack+1","NovaMod:NuclearFactory+"],"relics":["NovaMod:GhostSuit","AT_ATBox","REME_ComplimentaryCards","Shovel","AT_LudenTempest","aspiration:AnachronicSnailShell","Bloody Idol","Sundial","Dota2Spire:EchoSabre","CeramicFish","Dota2Spire:HandOfMidas","AT_BellowingDragoncrestRing","Dota2Spire:UrnOfShadows","AT_EbonyIvory","aspiration:ArtOfWarUpgrade","aspiration:SecretTechniqueScroll","AT_SeraphEmbrace","Singing Bowl","AT_MibuBalloonWealth","Question Card","vexMod:ScavengeHelm","Dota2Spire:PhaseBoots","vexMod:RockOfEvil","Torii","HandDrill","Vajra","Lantern","StrikeDummy","Dota2Spire:BlackKingBar","AT_SunfireAegis","Bottled Tornado","Dota2Spire:Dagon","Incense Burner","Blood Vial","AT_ImmortalShieldbow","REME_CardOfGreed","Pen Nib","AT_Kusabimaru","Dota2Spire:LotusOrb"],"acts_visited":["Exordium","TheCity","TheBeyond","TheEnding"],"potions_floor_usage":[55],"damage_taken":[{"damage":0.0,"enemies":"2 Louse","floor":1.0,"turns":1.0},{"damage":6.0,"enemies":"Jaw Worm","floor":3.0,"turns":3.0},{"damage":0.0,"enemies":"Cultist","floor":5.0,"turns":4.0},{"damage":10.0,"enemies":"2 Fungi Beasts","floor":7.0,"turns":4.0},{"damage":3.0,"enemies":"3 Sentries","floor":12.0,"turns":5.0},{"damage":2.0,"enemies":"Exordium Thugs","floor":14.0,"turns":3.0},{"damage":32.0,"enemies":"Slime Boss","floor":16.0,"turns":12.0},{"damage":1.0,"enemies":"Shell Parasite","floor":18.0,"turns":3.0},{"damage":1.0,"enemies":"3 Byrds","floor":19.0,"turns":3.0},{"damage":6.0,"enemies":"Snake Plant","floor":20.0,"turns":3.0},{"damage":0.0,"enemies":"REME_1_Revenger","floor":23.0,"turns":2.0},{"damage":22.0,"enemies":"Centurion and Healer","floor":24.0,"turns":3.0},{"damage":13.0,"enemies":"Gremlin Leader","floor":27.0,"turns":6.0},{"damage":0.0,"enemies":"Snecko","floor":29.0,"turns":3.0},{"damage":0.0,"enemies":"Cultist and Chosen","floor":31.0,"turns":3.0},{"damage":22.0,"enemies":"Champ","floor":33.0,"turns":5.0},{"damage":7.0,"enemies":"3 Shapes","floor":35.0,"turns":3.0},{"damage":7.0,"enemies":"3 Darklings","floor":36.0,"turns":3.0},{"damage":9.0,"enemies":"Transient","floor":38.0,"turns":4.0},{"damage":9.0,"enemies":"4 Shapes","floor":42.0,"turns":4.0},{"damage":9,"enemies":"3 Darklings","floor":46,"turns":2},{"damage":3,"enemies":"Mind Bloom Boss Battle","floor":47,"turns":3},{"damage":18,"enemies":"Spire Growth","floor":48,"turns":2},{"damage":27,"enemies":"Donu and Deca","floor":50,"turns":3},{"damage":3,"enemies":"Shield and Spear","floor":54,"turns":3},{"damage":37,"enemies":"The Heart","floor":55,"turns":3}],"seed_played":"3110108003987351443","potions_obtained":[{"floor":1.0,"key":"Block Potion"},{"floor":16.0,"key":"REME_GoldPotion"},{"floor":19.0,"key":"DuplicationPotion"},{"floor":24.0,"key":"Energy Potion"},{"floor":27.0,"key":"PowerPotion"},{"floor":31.0,"key":"DistilledChaos"},{"floor":42.0,"key":"SmokeBomb"},{"floor":54,"key":"GamblersBrew"}],"is_trial":false,"path_per_floor":["M","?","M","?","M","R","M","R","T","R","?","E","R","M","R","B",null,"M","M","M","?","$","E","M","?","T","E","R","M","R","M","R","B",null,"M","M","?","M","?","R","$","M","T","R","$","M","?","M","R","B",null,"R","$","E","B",null],"character_chosen":"NOVA","items_purchased":["AT_LudenTempest","REME_WheelOfFate","AT_ArchangelStaff","NovaMod:WeaknessInsights","REME_FirmDetermination","Torii","HandDrill","NovaMod:SuperStimPack","Vajra","Lantern","AT_SunfireAegis","Bottled Tornado","Dota2Spire:Dagon","NovaMod:NuclearFactory+","REME_CardOfGreed","Pen Nib"],"campfire_rested":0,"item_purchase_floors":[0,0,22,22,41,41,41,41,41,41,45,45,45,53,53,53],"current_hp_per_floor":[44,44,38,38,38,38,48,48,48,48,45,42,42,40,40,8,80,79,78,80,80,80,82,77,77,77,84,84,84,84,86,86,86,86,86,86,86,88,87,87,88,88,88,88,88,90,90,92,92,80,92,92,92,94,67],"gold":96,"neow_bonus":"","is_daily":false,"chose_seed":false,"campfire_upgraded":0,"win_rate":0.0,"timestamp":1611125066,"path_taken":["M","?","M","?","M","R","M","R","T","R","?","E","R","M","R","BOSS","M","M","M","?","$","E","M","?","T","E","R","M","R","M","R","BOSS","M","M","?","M","?","R","$","M","T","R","$","M","?","M","R","BOSS","R","$","E","BOSS"],"items_purchased_type":["Relic","Card","Relic","Card","Card","Relic","Relic","Card","Relic","Relic","Relic","Relic","Relic","Undefined","Relic","Relic"],"build_version":"2020-12-22","purchased_purges":5,"victory":true,"max_hp_per_floor":[80,80,80,80,80,80,80,80,80,80,80,80,80,80,80,80,80,80,80,80,80,80,82,84,84,84,84,84,84,84,86,86,86,86,86,86,86,88,88,88,88,88,88,88,88,90,90,92,92,92,92,92,92,94,94],"card_choices":[{"not_picked":["NovaMod:Pollution","NovaMod:SmartServos"],"picked":"NovaMod:Barrier","floor":1.0},{"not_picked":["NovaMod:MultilayerArmor","NovaMod:Pollution","NovaMod:AssaultMode"],"picked":"SKIP","floor":3.0},{"not_picked":["NovaMod:MonomolecularBlade","NovaMod:MultilayerArmor"],"picked":"NovaMod:SwiftChop","floor":5.0},{"not_picked":["NovaMod:Pollution","NovaMod:Thor","NovaMod:AssaultMode"],"picked":"SKIP","floor":7.0},{"not_picked":["NovaMod:Thor","NovaMod:MechanicalArmor"],"picked":"NovaMod:PrecsionAssembly","floor":12.0},{"not_picked":["NovaMod:RadiationShooting","NovaMod:Mediatation","NovaMod:JetAssault"],"picked":"SKIP","floor":14.0},{"not_picked":["NovaMod:RadiationWarrior","NovaMod:GhostOps"],"picked":"NovaMod:WeaknessInsights","floor":16.0},{"not_picked":["NovaMod:SwiftChop","NovaMod:Blink+1","NovaMod:MonomolecularBlade"],"picked":"SKIP","floor":18.0},{"not_picked":["NovaMod:Upgrade","NovaMod:FastGuidance"],"picked":"NovaMod:TechLab+1","floor":19.0},{"not_picked":["NovaMod:RadiationShooting","NovaMod:BarrageShooting+1","NovaMod:Barrier"],"picked":"SKIP","floor":20.0},{"not_picked":["NovaMod:WaitingGame","NovaMod:EMP","NovaMod:RadiationShield"],"picked":"Singing Bowl","floor":23.0},{"not_picked":["NovaMod:Barrier","NovaMod:Standby","NovaMod:TechLab"],"picked":"Singing Bowl","floor":24.0},{"not_picked":["NovaMod:HoloDecoy+1","NovaMod:WaitingGame+1"],"picked":"NovaMod:MechanicalArmor","floor":27.0},{"not_picked":["NovaMod:SwiftChop","NovaMod:NuclearInterference+1","NovaMod:AirDrop"],"picked":"NovaMod:Bioaugmentation","floor":29.0},{"not_picked":["NovaMod:RadiationShield","NovaMod:SwiftChop","NovaMod:GhostAcademy","NovaMod:RaidArtillery+1"],"picked":"Singing Bowl","floor":31.0},{"not_picked":["NovaMod:InfernalIgniter","NovaMod:RadiationWarrior","NovaMod:RadioactiveSource"],"picked":"NovaMod:Missile","floor":33.0},{"not_picked":["NovaMod:PsychicShield","NovaMod:WidowMine+1","NovaMod:CovertOps"],"picked":"NovaMod:Upgrade+1","floor":35.0},{"not_picked":["NovaMod:AirDrop+1","NovaMod:Upgrade+1","NovaMod:PenetratingBlast+1"],"picked":"NovaMod:StimPack","floor":36.0},{"not_picked":["NovaMod:SwiftChop+1","NovaMod:SuppressionShells","NovaMod:Mediatation","NovaMod:PsychicShield"],"picked":"Singing Bowl","floor":38.0},{"not_picked":["NovaMod:SuppressionShells","NovaMod:NuclearInterference","NovaMod:PsychicShield+1"],"picked":"NovaMod:AirDrop+1","floor":42.0},{"not_picked":["NovaMod:RadiationShooting","NovaMod:GhostAcademy+1","NovaMod:RaidArtillery+1","NovaMod:PredatorMissile+1"],"picked":"Singing Bowl","floor":46},{"not_picked":["NovaMod:SmartServos+1","NovaMod:SuperStimPack+1","NovaMod:ArmorPenetration"],"picked":"NovaMod:StimPack+1","floor":47},{"not_picked":["NovaMod:WidowMine","NovaMod:AirDrop","NovaMod:Standby","NovaMod:GhostOps"],"picked":"Singing Bowl","floor":48},{"not_picked":["NovaMod:PenetratingBlast+1","NovaMod:AssaultMode+1","NovaMod:SwiftChop","NovaMod:Lurk+1"],"picked":"Singing Bowl","floor":54}],"player_experience":321052,"relics_obtained":[{"floor":6.0,"key":"Sundial"},{"floor":8.0,"key":"Dota2Spire:EchoSabre"},{"floor":9.0,"key":"CeramicFish"},{"floor":10.0,"key":"Dota2Spire:HandOfMidas"},{"floor":12.0,"key":"Dota2Spire:UrnOfShadows"},{"floor":13.0,"key":"AT_EbonyIvory"},{"floor":15.0,"key":"Art of War"},{"floor":23.0,"key":"Singing Bowl"},{"floor":27.0,"key":"Question Card"},{"floor":32.0,"key":"vexMod:ScavengeHelm"},{"floor":43.0,"key":"StrikeDummy"},{"floor":44.0,"key":"Dota2Spire:BlackKingBar"},{"floor":47,"key":"Incense Burner"},{"floor":49,"key":"Blood Vial"},{"floor":52,"key":"AT_ImmortalShieldbow"},{"floor":54,"key":"AT_Kusabimaru"}],"event_choices":[{"damage_healed":0.0,"max_hp_gain":0.0,"max_hp_loss":0.0,"gold_gain":0.0,"event_name":"Golden Idol","player_choice":"Take Wound","floor":4.0,"gold_loss":0.0,"damage_taken":0.0,"relics_obtained":["Golden Idol"],"cards_obtained":["Injury"]},{"damage_healed":0.0,"max_hp_gain":0.0,"max_hp_loss":0.0,"gold_gain":0.0,"event_name":"Scrap Ooze","player_choice":"Success","floor":11.0,"gold_loss":0.0,"damage_taken":3.0,"relics_obtained":["AT_BellowingDragoncrestRing"]},{"damage_healed":0.0,"max_hp_gain":0.0,"max_hp_loss":0.0,"gold_gain":0.0,"event_name":"Forgotten Altar","player_choice":"Gave Idol","floor":21.0,"relics_lost":["Golden Idol"],"gold_loss":0.0,"damage_taken":0.0,"relics_obtained":["Bloody Idol"]},{"cards_removed":["NovaMod:Basic_Defend_Nova"],"damage_healed":0.0,"max_hp_gain":0.0,"max_hp_loss":0.0,"gold_gain":0.0,"event_name":"Beggar","player_choice":"Gave Gold","floor":25.0,"gold_loss":75.0,"damage_taken":0.0},{"cards_removed":["AT_StudyProgram"],"damage_healed":0.0,"max_hp_gain":0.0,"max_hp_loss":0.0,"gold_gain":0.0,"event_name":"Falling","player_choice":"Removed Power","floor":37.0,"gold_loss":0.0,"damage_taken":0.0},{"damage_healed":0.0,"max_hp_gain":0.0,"max_hp_loss":0.0,"gold_gain":0.0,"event_name":"Winding Halls","player_choice":"Embrace Madness","floor":39.0,"gold_loss":0.0,"damage_taken":11.0,"cards_obtained":["Madness","Madness"]},{"damage_healed":0,"gold_gain":0,"player_choice":"Fight","damage_taken":0,"max_hp_gain":0,"max_hp_loss":0,"event_name":"MindBloom","floor":47,"gold_loss":0}],"is_beta":false,"boss_relics":[{"not_picked":["Philosopher\u0027s Stone","Snecko Eye"],"picked":"aspiration:SecretTechniqueScroll"},{"not_picked":["aspiration:WatcherSkillbook","vexMod:BigBerry"],"picked":"vexMod:RockOfEvil"}],"items_purged_floors":[0,22,41,45,53],"is_endless":false,"potions_floor_spawned":[1,16,19,24,27,31,42,46,48,54],"ascension_level":0}}