{"host":"g2yp6paluzgljz05","time":1611135913,"event":{"mods":["BaseMod","Bestiary","Colored Powertips","DeckTracker","Highlight Path","Minty Spire (QoL Compilation)","Quick Restart"],"gold_per_floor":[17,17,17,17,36,54,54,89,89,54,74,95,14,29,29,29,29],"floor_reached":16,"language":"ENG","playtime":682,"items_purged":[],"score":117,"play_id":"400456b6-9926-4233-b874-efb6c6c16506","local_time":"20210120204513","is_ascension_mode":true,"campfire_choices":[{"data":"Gash","floor":7,"key":"SMITH"},{"floor":15,"key":"REST"}],"circlet_count":0,"master_deck":["Strike_B+1","Defend_B","Defend_B","Defend_B","Defend_B","Zap+1","Dualcast","Gash+1","Buffer","Self Repair","Sweeping Beam"],"relics":["Cracked Core","Golden Idol","Pocketwatch"],"acts_visited":["Exordium"],"potions_floor_usage":[],"damage_taken":[{"damage":2,"enemies":"Jaw Worm","floor":1,"turns":3},{"damage":1,"enemies":"2 Louse","floor":5,"turns":2},{"damage":7,"enemies":"Small Slimes","floor":6,"turns":2},{"damage":40,"enemies":"Lagavulin","floor":8,"turns":7},{"damage":0,"enemies":"2 Fungi Beasts","floor":11,"turns":3},{"damage":6,"enemies":"3 Louse","floor":12,"turns":3},{"damage":0,"enemies":"Blue Slaver","floor":14,"turns":4},{"damage":46,"enemies":"Hexaghost","floor":16,"turns":9}],"seed_played":"6243700224852239627","potions_obtained":[{"floor":5,"key":"SneckoOil"},{"floor":11,"key":"Swift Potion"}],"is_trial":false,"path_per_floor":["M","?","?","?","M","M","R","E","T","?","M","M","$","M","R","B"],"character_chosen":"DEFECT","items_purchased":["Self Repair"],"campfire_rested":1,"item_purchase_floors":[13],"current_hp_per_floor":[73,73,69,55,54,47,47,7,7,24,24,18,18,25,45,0,0],"gold":29,"neow_bonus":"REMOVE_TWO","is_daily":false,"chose_seed":false,"campfire_upgraded":1,"win_rate":0.0,"timestamp":1611135913,"path_taken":["M","?","?","?","M","M","R","E","T","?","M","M","$","M","R","BOSS"],"items_purchased_type":["Card"],"build_version":"2020-12-22","purchased_purges":0,"victory":false,"max_hp_per_floor":[75,75,69,69,69,69,69,69,69,69,69,69,69,69,69,69,69],"card_choices":[{"not_picked":["Steam","Ball Lightning","Leap"],"picked":"SKIP","floor":1},{"not_picked":["Static Discharge","Force Field"],"picked":"Gash","floor":5},{"not_picked":["Leap","Compile Driver","Consume"],"picked":"SKIP","floor":6},{"not_picked":["Stack","Rebound"],"picked":"Buffer","floor":8},{"not_picked":["Leap","Undo","Capacitor"],"picked":"SKIP","floor":11},{"not_picked":["Cold Snap","Compile Driver","Streamline"],"picked":"SKIP","floor":12},{"not_picked":["Go for the Eyes","Turbo"],"picked":"Sweeping Beam","floor":14}],"player_experience":232346,"relics_obtained":[{"floor":8,"key":"Pocketwatch"}],"event_choices":[{"cards_removed":["Strike_B"],"damage_healed":0,"gold_gain":0,"player_choice":"Forget","damage_taken":0,"max_hp_gain":0,"max_hp_loss":0,"event_name":"Living Wall","floor":2,"gold_loss":0},{"damage_healed":0,"gold_gain":0,"player_choice":"Lose Max HP","damage_taken":0,"relics_obtained":["Golden Idol"],"max_hp_gain":0,"max_hp_loss":6,"event_name":"Golden Idol","floor":3,"gold_loss":0},{"damage_healed":0,"gold_gain":0,"player_choice":"Entered Light","damage_taken":14,"max_hp_gain":0,"max_hp_loss":0,"event_name":"Shining Light","floor":4,"gold_loss":0,"cards_upgraded":["Strike_B","Zap"]},{"damage_healed":17,"gold_gain":0,"player_choice":"Healed","damage_taken":0,"max_hp_gain":0,"max_hp_loss":0,"event_name":"The Cleric","floor":10,"gold_loss":35}],"is_beta":false,"boss_relics":[],"items_purged_floors":[],"is_endless":false,"potions_floor_spawned":[5,11],"killed_by":"Hexaghost","ascension_level":3}}