{"host":"yd6hhqps9de4qmof","time":1611152531,"event":{"mods":["BaseMod","Downfall","Hermit","Highlight Path","Jorbs\u0027s Wanderer Trilogy","Minty Spire (QoL Compilation)","Relic Stats","Shade Mod","StSLib","The Cursed","The Servant 0.9.4"],"gold_per_floor":[99,117,117,117,9,27,52,72,72,84,101,1,0,31,45,142,142,142,7,7,7,27,27,27,27,39,65,65,79,96,20,36,139,139,139,158,158,173,173,191,215,215,243,43,57,7,7,20,32,32,32,32],"floor_reached":50,"language":"ENG","playtime":4519,"items_purged":["Shame","Parasite"],"score":569,"play_id":"66b560c4-51b6-4414-82b9-7b3b3bb6f7b9","local_time":"20210120152211","is_ascension_mode":true,"campfire_choices":[{"floor":1,"key":"RECALL"},{"floor":12,"key":"REST"},{"data":"bronze:BurnOut","floor":18,"key":"SMITH"},{"data":"bronze:Explode","floor":25,"key":"SMITH"},{"data":"bronze:Repair","floor":28,"key":"SMITH"},{"data":"bronze:Mutator","floor":35,"key":"SMITH"},{"data":"bronze:Verify","floor":44,"key":"SMITH"},{"floor":47,"key":"REST"}],"circlet_count":0,"master_deck":["bronze:Strike+1","bronze:Strike+1","bronze:Strike+1","bronze:Strike+1","bronze:Defend+1","bronze:Defend+1","bronze:Defend+1","bronze:Defend+1","bronze:Replicate","bronze:Goto","bronze:Break","bronze:FollowUp+1","bronze:Shell","bronze:WhirlingStrike","bronze:Frontload","bronze:OilSpill","bronze:OilSpill","bronze:Spike","bronze:Explode+1","bronze:AlphaBuild+1","bronze:Terminator","bronze:DigitalCarnage","bronze:ItsAFeature","bronze:Constructor","bronze:Repair+1","bronze:BurnOut+1","bronze:Repair+1","bronze:MaxOutput","bronze:OilSpill","bronze:GetLatest","bronze:Frontload","bronze:CloningBeam+1","bronze:FollowUp+1","bronze:ShipIt","bronze:Boost+1","bronze:Mutator+1","bronze:Separator+1","bronze:BugBarrage+1","bronze:Verify+1","bronze:Branch","bronze:Optimize+1"],"relics":["bronze:PlatinumCore","Oddly Smooth Stone","downfall:HeartBlessingRed","Mercury Hourglass","Cursed Key","Nilry\u0027s Codex","InkBottle","Pen Nib","Omamori","Letter Opener","Smiling Mask","downfall:HeartBlessingGreen","downfall:HeartBlessingBlue"],"acts_visited":["Exordium","TheCity","TheBeyond"],"potions_floor_usage":[14,16,16,29,33,49,50],"damage_taken":[{"damage":8,"enemies":"Small Slimes","floor":2,"turns":4},{"damage":5,"enemies":"downfall:FleeingMerchant","floor":5,"turns":4},{"damage":0,"enemies":"Jaw Worm","floor":6,"turns":3},{"damage":0,"enemies":"2 Louse","floor":8,"turns":1},{"damage":19,"enemies":"2 Louse","floor":9,"turns":3},{"damage":0,"enemies":"Blue Slaver","floor":10,"turns":3},{"damage":7,"enemies":"Red Slaver","floor":11,"turns":2},{"damage":8,"enemies":"downfall:FleeingMerchant","floor":13,"turns":4},{"damage":2,"enemies":"Gremlin Nob","floor":14,"turns":3},{"damage":4,"enemies":"Large Slime","floor":15,"turns":2},{"damage":2,"enemies":"IC_STATUS_ARCHETYPE","floor":16,"turns":7},{"damage":0,"enemies":"downfall:FleeingMerchant","floor":19,"turns":4},{"damage":2,"enemies":"Shell Parasite","floor":22,"turns":3},{"damage":7,"enemies":"Snake Plant","floor":26,"turns":4},{"damage":2,"enemies":"Book of Stabbing","floor":27,"turns":5},{"damage":19,"enemies":"Cultist and Chosen","floor":29,"turns":6},{"damage":0,"enemies":"Snecko","floor":30,"turns":4},{"damage":0,"enemies":"downfall:FleeingMerchant","floor":31,"turns":1},{"damage":16,"enemies":"Shelled Parasite and Fungi","floor":32,"turns":7},{"damage":55,"enemies":"SI_MIRROR_ARCHETYPE","floor":33,"turns":10},{"damage":0,"enemies":"3 Shapes","floor":36,"turns":3},{"damage":0,"enemies":"Orb Walker","floor":38,"turns":2},{"damage":12,"enemies":"Writhing Mass","floor":40,"turns":4},{"damage":20,"enemies":"Reptomancer","floor":43,"turns":6},{"damage":25,"enemies":"3 Darklings","floor":45,"turns":4},{"damage":11,"enemies":"Transient","floor":48,"turns":5},{"damage":11,"enemies":"Jaw Worm Horde","floor":49,"turns":3},{"damage":67,"enemies":"WA_ARCHETYPE_DIVINITY","floor":50,"turns":11}],"seed_played":"-5861890705096116380","potions_obtained":[{"floor":2,"key":"FearPotion"},{"floor":8,"key":"Block Potion"},{"floor":10,"key":"Weak Potion"},{"floor":15,"key":"CultistPotion"},{"floor":22,"key":"LiquidMemories"},{"floor":37,"key":"downfall:CursedFountainPotion"}],"is_trial":false,"path_per_floor":["R","M","?","?","$","M","T","M","?","M","M","R","$","E","M","B",null,"R","$","?","?","M","?","T","R","M","E","R","M","M","$","M","B",null,"R","M","?","M","?","M","T","T","E","R","M","$","R","M","M","B"],"character_chosen":"THE_AUTOMATON","items_purchased":["bronze:Frontload","bronze:OilSpill","bronze:MaxOutput","bronze:OilSpill","Omamori","LiquidMemories","bronze:BuildAFunctionPotion"],"campfire_rested":2,"item_purchase_floors":[5,5,19,19,31,31,31],"current_hp_per_floor":[63,55,55,55,50,50,50,50,31,31,24,42,34,32,28,33,63,63,63,63,47,52,52,52,52,52,57,57,49,59,59,62,17,63,63,63,63,63,63,51,51,51,51,61,46,46,67,56,45,0,0,0],"gold":32,"neow_bonus":"THREE_RARE_CARDS","is_daily":false,"chose_seed":false,"campfire_upgraded":5,"win_rate":0.0,"timestamp":1611152531,"path_taken":["R","M","?","?","?","M","T","M","?","?","M","R","$","E","M","BOSS","R","$","?","?","M","?","T","R","?","E","R","M","M","?","M","BOSS","R","M","?","?","?","?","T","?","E","R","M","?","R","?","M","BOSS"],"items_purchased_type":["Card","Card","Card","Card","Relic","Potion","Potion"],"build_version":"2020-12-22","purchased_purges":2,"victory":false,"max_hp_per_floor":[63,63,63,63,63,63,63,63,63,63,63,63,63,63,63,63,63,63,63,63,63,63,63,63,63,63,63,63,63,63,63,63,63,63,63,63,63,63,63,63,63,63,63,73,73,70,70,70,70,70,70,70],"relic_stats":{"counters":[28,118],"Pen Nib":[12],"Letter Opener":[5],"Cursed Key":3,"Smiling Mask":50,"obtain_stats":[{"bronze:PlatinumCore":34,"bronze:BronzeCore":0,"downfall:HeartBlessingRed":12,"Nilry\u0027s Codex":21,"Oddly Smooth Stone":7,"downfall:HeartBlessingGreen":44,"Pen Nib":27,"Omamori":31,"Letter Opener":42,"Cursed Key":17,"Smiling Mask":43,"Mercury Hourglass":14,"downfall:HeartBlessingBlue":44,"InkBottle":24},{"bronze:PlatinumCore":20,"bronze:BronzeCore":0,"downfall:HeartBlessingRed":7,"Nilry\u0027s Codex":12,"Oddly Smooth Stone":3,"downfall:HeartBlessingGreen":24,"Pen Nib":15,"Omamori":18,"Letter Opener":23,"Cursed Key":11,"Smiling Mask":24,"Mercury Hourglass":9,"downfall:HeartBlessingBlue":24,"InkBottle":13},{"bronze:PlatinumCore":80,"bronze:BronzeCore":0,"downfall:HeartBlessingRed":20,"Nilry\u0027s Codex":40,"Oddly Smooth Stone":11,"downfall:HeartBlessingGreen":95,"Pen Nib":52,"Omamori":63,"Letter Opener":89,"Cursed Key":36,"Smiling Mask":95,"Mercury Hourglass":27,"downfall:HeartBlessingBlue":95,"InkBottle":43}],"InkBottle":[26],"Mercury Hourglass":[210]},"card_choices":[{"not_picked":["bronze:Assembly","bronze:RecursiveStrike"],"picked":"bronze:Break","floor":0},{"not_picked":["bronze:Optimize","bronze:Frontload"],"picked":"bronze:FollowUp","floor":2},{"not_picked":["bronze:Iterate","bronze:Separator"],"picked":"bronze:WhirlingStrike","floor":5},{"not_picked":["bronze:ThunderWave","bronze:CloningBeam"],"picked":"bronze:OilSpill","floor":6},{"not_picked":["bronze:FineTuning","bronze:Turbo","bronze:Philosophize"],"picked":"SKIP","floor":8},{"not_picked":[],"picked":"bronze:Spike","floor":9},{"not_picked":[],"picked":"bronze:Explode","floor":9},{"not_picked":["bronze:Iterate","bronze:Terminator"],"picked":"bronze:AlphaBuild","floor":9},{"not_picked":["bronze:Overheat","bronze:FineTuning"],"picked":"bronze:Terminator","floor":10},{"not_picked":["bronze:FineTuning","bronze:ChildClass"],"picked":"bronze:DigitalCarnage","floor":11},{"not_picked":["bronze:AlphaBuild","bronze:Deprecate"],"picked":"bronze:ItsAFeature","floor":13},{"not_picked":["bronze:ItsAFeature","bronze:WhirlingStrike"],"picked":"bronze:Constructor","floor":14},{"not_picked":["bronze:Iterate","bronze:BronzeArmor"],"picked":"bronze:Repair","floor":15},{"not_picked":["bronze:Format","bronze:AlphaBuild"],"picked":"bronze:BurnOut","floor":16},{"not_picked":["bronze:Branch","bronze:DelayedGuard"],"picked":"bronze:Repair","floor":19},{"not_picked":["bronze:Separator","bronze:WildBeam"],"picked":"bronze:GetLatest","floor":22},{"not_picked":["bronze:ClassDefault","bronze:MaxOutput"],"picked":"bronze:Frontload","floor":26},{"not_picked":["bronze:ItsAFeature","bronze:BitShift"],"picked":"bronze:CloningBeam+1","floor":27},{"not_picked":["bronze:Repair","bronze:FineTuning","bronze:Safeguard"],"picked":"SKIP","floor":29},{"not_picked":["bronze:ClassDefault","bronze:ChosenStrike+1"],"picked":"bronze:FollowUp+1","floor":30},{"not_picked":["bronze:Repair+1","bronze:Allocate+1"],"picked":"bronze:ShipIt","floor":31},{"not_picked":["bronze:DelayedSlice","bronze:BitShift"],"picked":"bronze:Boost+1","floor":32},{"not_picked":["bronze:HardenedForm","bronze:FindAndReplace"],"picked":"bronze:Mutator","floor":33},{"not_picked":["bronze:Philosophize+1","bronze:Deprecate"],"picked":"bronze:Separator+1","floor":36},{"not_picked":["bronze:Overload+1","bronze:NullPointer+1"],"picked":"bronze:BugBarrage+1","floor":38},{"not_picked":["bronze:Overheat","bronze:Invalidate","bronze:DelayedGuard"],"picked":"SKIP","floor":40},{"not_picked":["bronze:FineTuning","bronze:Overheat"],"picked":"bronze:Verify","floor":43},{"not_picked":["bronze:WildBeam","bronze:Iterate","bronze:Backtrace+1"],"picked":"SKIP","floor":45},{"not_picked":["bronze:AlphaBuild","bronze:BronzeArmor"],"picked":"bronze:Branch","floor":48},{"not_picked":["bronze:WhirlingStrike","bronze:WildBeam"],"picked":"bronze:Optimize+1","floor":49}],"player_experience":1147429,"relics_obtained":[{"floor":7,"key":"Oddly Smooth Stone"},{"floor":14,"key":"Mercury Hourglass"},{"floor":21,"key":"Nilry\u0027s Codex"},{"floor":24,"key":"InkBottle"},{"floor":27,"key":"Pen Nib"},{"floor":42,"key":"Letter Opener"},{"floor":43,"key":"Smiling Mask"}],"event_choices":[],"is_beta":false,"boss_relics":[{"not_picked":["Velvet Choker","Astrolabe"],"picked":"Cursed Key"},{"not_picked":["Pandora\u0027s Box","SlaversCollar"],"picked":"bronze:PlatinumCore"}],"items_purged_floors":[31,46],"is_endless":false,"potions_floor_spawned":[2,8,10,15,22,32,38,40,43],"killed_by":"WA_ARCHETYPE_DIVINITY","ascension_level":1}}