{"host":"0c22z74nxhh6l98a","time":1611115308,"event":{"mods":["BaseMod","BetterRewards","Card Forge","GungeonMod","Hubris","Infinite Spire","Minty Spire (QoL Compilation)","Potionbrewer","Shop Mod","StSLib"],"gold_per_floor":[179,404,505,6,6,6,229,31,31,261,498,697,941,1164,1164,1447,1447,1670,1670,1897,2122,2359,2604,2604,2840,2840,3083,3313,3551,3775,3775,3775,4062,4062,4285,4505,4733,4956,4956,4956,5161,4555,4555,4555,4766,4766,4957,5165,5165,5345,5345,5345,4817,5026,5206],"floor_reached":56,"language":"ENG","playtime":6738,"items_purged":[],"score":3291,"play_id":"37573dfa-5887-4edd-b27f-a7d5ed8cbf0f","local_time":"20210119220148","is_ascension_mode":true,"campfire_choices":[{"floor":6.0,"key":"RECALL"},{"data":"Calculated Gamble","floor":15.0,"key":"SMITH"},{"data":"Reflex","floor":24.0,"key":"SMITH"},{"data":"Calculated Gamble","floor":32.0,"key":"SMITH"},{"data":"After Image","floor":40.0,"key":"SMITH"},{"data":"A Thousand Cuts","floor":44,"key":"SMITH"},{"data":"infinitespire:Collect","floor":46,"key":"SMITH"},{"data":"Reflex","floor":49,"key":"SMITH"},{"data":"Escape Plan","floor":52,"key":"SMITH"}],"circlet_count":0,"master_deck":["AscendersBane","A Thousand Cuts+1","After Image+1","Adrenaline+1","Venomology+1","Blade Dance+1","Calculated Gamble+1","Escape Plan","infinitespire:Neurotoxin+1","Prepared","Reflex+1","hubris:Sniper+1","Tactician","Venomology+1","Adrenaline+1","Calculated Gamble+1","Escape Plan","Prepared","Reflex+1","Calculated Gamble+1","Venomology+1","Escape Plan+1","Prepared","DemoMod:Deposit+1","DemoMod:Deposit+1","DemoMod:Deposit+1","DemoMod:Deposit+1","DemoMod:Deposit+1","DemoMod:Deposit+1","Calculated Gamble+1","Calculated Gamble+1","Escape Plan+1","infinitespire:Collect+1"],"relics":["Ring of the Serpent","Hammer of Thor","Seething Fire","Anvil of the Gods","MerchantsRug","DemoMod:Orange","DemoMod:ResourcefulSack","Frozen Eye","Toy Ornithopter","hubris:OldNail","hubris:64BitClover","DemoMod:MonsterBlood","Question Card","infinitespire:Magic Flask","Mercury Hourglass","hubris:Teleporter","War Paint","DollysMirror","HornCleat","InkBottle","Calipers","Turnip","Singing Bowl","Regal Pillow","Red Mask","StoneCalendar","Kunai","hubris:CuriousFeather","DemoMod:GlassGuonStoneRelic","potionbrewer:RamsHorn","Pocketwatch","Black Star","DemoMod:BigBoy","Shuriken","DemoMod:MemoryAlloy","Sling","Paper Crane","Eternal Feather","DemoMod:VorpalBullet","MealTicket","infinitespire:WardingShard","Pen Nib","Ninja Scroll","potionbrewer:Keyblade","DemoMod:Metronome","Vajra"],"acts_visited":["Exordium","TheCity","TheBeyond","TheEnding"],"potions_floor_usage":[45,47,47,47,50,55,55,55,55,55,55,55],"damage_taken":[{"damage":0.0,"enemies":"2 Louse","floor":1.0,"turns":3.0},{"damage":0.0,"enemies":"Jaw Worm","floor":2.0,"turns":3.0},{"damage":0.0,"enemies":"Small Slimes","floor":3.0,"turns":3.0},{"damage":0.0,"enemies":"Red Slaver","floor":7.0,"turns":4.0},{"damage":0.0,"enemies":"Exordium Thugs","floor":10.0,"turns":3.0},{"damage":0.0,"enemies":"Lagavulin","floor":11.0,"turns":3.0},{"damage":0.0,"enemies":"Exordium Wildlife","floor":12.0,"turns":4.0},{"damage":0.0,"enemies":"3 Sentries","floor":13.0,"turns":3.0},{"damage":0.0,"enemies":"2 Fungi Beasts","floor":14.0,"turns":2.0},{"damage":0.0,"enemies":"The Guardian","floor":16.0,"turns":3.0},{"damage":0.0,"enemies":"Chosen","floor":18.0,"turns":3.0},{"damage":0.0,"enemies":"Spheric Guardian","floor":20.0,"turns":3.0},{"damage":0.0,"enemies":"Shelled Parasite and Fungi","floor":21.0,"turns":2.0},{"damage":5.0,"enemies":"Sentry and Sphere","floor":22.0,"turns":5.0},{"damage":0.0,"enemies":"Slavers","floor":23.0,"turns":2.0},{"damage":0.0,"enemies":"Masked Bandits","floor":25.0,"turns":3.0},{"damage":0.0,"enemies":"Book of Stabbing","floor":27.0,"turns":3.0},{"damage":7.0,"enemies":"Centurion and Healer","floor":28.0,"turns":2.0},{"damage":2.0,"enemies":"Gremlin Leader","floor":29.0,"turns":3.0},{"damage":0.0,"enemies":"3 Cultists","floor":30.0,"turns":4.0},{"damage":0.0,"enemies":"Collector","floor":33.0,"turns":2.0},{"damage":0.0,"enemies":"3 Shapes","floor":35.0,"turns":2.0},{"damage":0.0,"enemies":"3 Darklings","floor":36.0,"turns":1.0},{"damage":0.0,"enemies":"Sphere and 2 Shapes","floor":37.0,"turns":1.0},{"damage":0.0,"enemies":"Spire Growth","floor":38.0,"turns":2.0},{"damage":0.0,"enemies":"Nemesis","floor":41.0,"turns":2.0},{"damage":0,"enemies":"Reptomancer","floor":45,"turns":1},{"damage":0,"enemies":"Transient","floor":47,"turns":3},{"damage":0,"enemies":"Nemesis","floor":48,"turns":1},{"damage":0,"enemies":"hubris:GrandSnecko","floor":50,"turns":1},{"damage":0,"enemies":"Shield and Spear","floor":54,"turns":1},{"damage":1,"enemies":"The Heart","floor":55,"turns":4}],"seed_played":"8442393880497366238","potions_obtained":[{"floor":7.0,"key":"EssenceOfSteel"},{"floor":14.0,"key":"GamblersBrew"},{"floor":18.0,"key":"Fire Potion"},{"floor":21.0,"key":"potionbrewer:SplittingPotion"}],"is_trial":false,"path_per_floor":["M","M","M","$","?","R","M","$","T","M","E","M","E","M","R","B",null,"M","?","M","M","M","E","R","?","T","E","M","E","M","AVR","R","B",null,"M","M","M","M","?","R","E","$","T","R","E","R","M","E","R","B",null,"R","$","E","B",null],"character_chosen":"THE_SILENT","items_purchased":["MerchantsRug","Frozen Eye","Toy Ornithopter","hubris:OldNail","DemoMod:MonsterBlood","Question Card","Mercury Hourglass","War Paint","DollysMirror","HornCleat","InkBottle","Shuriken","DemoMod:MemoryAlloy","Sling","Pen Nib","Ninja Scroll","potionbrewer:Keyblade"],"campfire_rested":0,"item_purchase_floors":[0,0,0,0,0,0,0,4,4,4,8,42,42,42,53,53,53],"current_hp_per_floor":[83,85,85,85,88,88,88,88,88,88,88,88,88,90,90,92,92,94,94,96,98,100,102,102,104,104,106,106,108,112,112,112,114,114,116,118,120,122,122,122,124,124,124,124,126,126,128,130,130,130,130,130,130,132,132],"gold":5206,"neow_bonus":"","is_daily":false,"chose_seed":false,"campfire_upgraded":8,"win_rate":0.0,"timestamp":1611115308,"path_taken":["M","M","M","$","?","R","M","$","T","M","E","M","E","M","R","BOSS","M","?","M","M","M","E","R","?","T","E","M","E","M","AVR","R","BOSS","M","M","M","M","?","R","E","$","T","R","E","R","M","E","R","BOSS","R","$","E","BOSS"],"items_purchased_type":["Relic","Relic","Relic","Relic","Relic","Relic","Relic","Relic","Relic","Relic","Relic","Relic","Relic","Relic","Relic","Relic","Relic"],"build_version":"2020-12-22","purchased_purges":0,"victory":true,"max_hp_per_floor":[85,85,85,85,88,88,88,88,88,88,88,88,88,90,90,92,92,94,94,96,98,100,102,102,104,104,106,108,110,112,112,112,114,114,116,118,120,122,122,122,124,124,124,124,126,126,128,130,130,130,130,130,130,132,132],"card_choices":[{"not_picked":["Outmaneuver","Cloak And Dagger","Flechettes","hubris:SlightOfHand"],"picked":"SKIP","floor":1.0},{"not_picked":["Backflip","Dagger Throw","Night Terror","Blade Dance"],"picked":"SKIP","floor":2.0},{"not_picked":["Blade Dance","Quick Slash","Underhanded Strike"],"picked":"Calculated Gamble","floor":3.0},{"not_picked":["Flying Knee","Dodge and Roll","Sucker Punch","Bane"],"picked":"SKIP","floor":7.0},{"not_picked":["Dagger Throw","Endless Agony","Cloak And Dagger"],"picked":"Escape Plan","floor":10.0},{"not_picked":["hubris:SlightOfHand","Concentrate","Grand Finale","Phantasmal Killer"],"picked":"SKIP","floor":11.0},{"not_picked":["Deflect","Slice","Infinite Blades","Distraction"],"picked":"SKIP","floor":12.0},{"not_picked":["Outmaneuver","Tactician","Finisher","Slice"],"picked":"SKIP","floor":13.0},{"not_picked":["Underhanded Strike","Deflect","Flying Knee","Backflip"],"picked":"Singing Bowl","floor":14.0},{"not_picked":["Phantasmal Killer","A Thousand Cuts","Unload","infinitespire:Neurotoxin"],"picked":"Singing Bowl","floor":16.0},{"not_picked":["Dodge and Roll","Eviscerate","Acrobatics","Deadly Poison"],"picked":"Singing Bowl","floor":18.0},{"not_picked":["Cloak And Dagger","Flying Knee","Deadly Poison","Dagger Throw"],"picked":"Singing Bowl","floor":20.0},{"not_picked":["Grand Finale","Dagger Throw","Backstab","Deflect"],"picked":"Singing Bowl","floor":21.0},{"not_picked":["Masterful Stab","Accuracy+1","Blade Dance","Prepared+1"],"picked":"Singing Bowl","floor":22.0},{"not_picked":["Noxious Fumes","Prepared+1","Dagger Throw","All Out Attack"],"picked":"Singing Bowl","floor":23.0},{"not_picked":["Bane","Blade Dance","Underhanded Strike","Poisoned Stab"],"picked":"Singing Bowl","floor":25.0},{"not_picked":["Setup","Concentrate","Terror","Accuracy"],"picked":"Singing Bowl","floor":27.0},{"not_picked":["Backflip","Sucker Punch","Flying Knee","Caltrops"],"picked":"Singing Bowl","floor":28.0},{"not_picked":["Prepared","Quick Slash","Night Terror","Dash"],"picked":"Singing Bowl","floor":29.0},{"not_picked":["Noxious Fumes","All Out Attack","Quick Slash","Dagger Throw+1"],"picked":"Singing Bowl","floor":30.0},{"not_picked":["Glass Knife","Adrenaline","Phantasmal Killer","Envenom"],"picked":"Singing Bowl","floor":33.0},{"not_picked":["PiercingWail","Backflip","Underhanded Strike","Deadly Poison"],"picked":"Singing Bowl","floor":35.0},{"not_picked":["Slice","hubris:Counter+1","PiercingWail","Caltrops"],"picked":"Singing Bowl","floor":36.0},{"not_picked":["Terror","Acrobatics+1","Quick Slash","hubris:SlightOfHand"],"picked":"Singing Bowl","floor":37.0},{"not_picked":["Flying Knee+1","Envenom","Escape Plan","Infinite Blades"],"picked":"Singing Bowl","floor":38.0},{"not_picked":["Tactician","Flying Knee","Blade Dance","Bane+1"],"picked":"Singing Bowl","floor":41.0},{"not_picked":["Acrobatics","Setup","Quick Slash","Escape Plan"],"picked":"Singing Bowl","floor":45},{"not_picked":["Blur","Leg Sweep","Quick Slash","Dash"],"picked":"Singing Bowl","floor":47},{"not_picked":["hubris:Counter","Backflip","Skewer","hubris:TrickCloak"],"picked":"Singing Bowl","floor":48},{"not_picked":["Backflip+1","Outmaneuver","Acrobatics","Sucker Punch"],"picked":"Singing Bowl","floor":54}],"player_experience":920434,"relics_obtained":[{"floor":11.0,"key":"Calipers"},{"floor":13.0,"key":"Turnip"},{"floor":14.0,"key":"Singing Bowl"},{"floor":23.0,"key":"Regal Pillow"},{"floor":25.0,"key":"Red Mask"},{"floor":26.0,"key":"StoneCalendar"},{"floor":27.0,"key":"Kunai"},{"floor":29.0,"key":"hubris:CuriousFeather"},{"floor":30.0,"key":"potionbrewer:RamsHorn"},{"floor":41.0,"key":"DemoMod:BigBoy"},{"floor":43.0,"key":"Paper Crane"},{"floor":45,"key":"Eternal Feather"},{"floor":45,"key":"DemoMod:VorpalBullet"},{"floor":48,"key":"MealTicket"},{"floor":48,"key":"infinitespire:WardingShard"},{"floor":54,"key":"DemoMod:Metronome"},{"floor":54,"key":"Vajra"}],"event_choices":[{"damage_healed":0.0,"max_hp_gain":0.0,"max_hp_loss":0.0,"gold_gain":0.0,"event_name":"Beggar","player_choice":"Ignored","floor":19.0,"gold_loss":0.0,"damage_taken":0.0},{"damage_healed":0.0,"max_hp_gain":0.0,"max_hp_loss":0.0,"gold_gain":0.0,"event_name":"Masked Bandits","player_choice":"Fought Bandits","floor":25.0,"gold_loss":0.0,"damage_taken":0.0},{"cards_removed":["DemoMod:Deposit"],"damage_healed":0.0,"max_hp_gain":0.0,"max_hp_loss":0.0,"gold_gain":0.0,"event_name":"Falling","player_choice":"Removed Skill","floor":39.0,"gold_loss":0.0,"damage_taken":0.0}],"is_beta":false,"boss_relics":[{"not_picked":["SlaversCollar","hubris:Stopwatch"],"picked":"Ring of the Serpent"},{"not_picked":["infinitespire:Cupcake","Coffee Dripper"],"picked":"Black Star"}],"items_purged_floors":[],"is_endless":false,"potions_floor_spawned":[1,2,7,14,16,18,21,25,27,28,33,35,37,45],"ascension_level":14}}