{"host":"3y2rtlgteqp2nuo3","time":1611130131,"event":{"mods":["2.2 Compatiblity","AchievementEnabler","BaseMod","Colored Map","DeckTracker","Highlight Path","Keyboard Shortcuts","Minty Spire (QoL Compilation)","Permanent Neow","Quick Restart","StSLib","SuperFastMode","everything is the same but u backflip on backflip"],"gold_per_floor":[119,132,147,222,237,237,253,253,253,253,253,286,286,298,298,400,400,417,138,148,148,48,77,77,77,145,145,145,161,172,183,183,281,281,294,294,55,65,65,65,94,111,111,161,161,173,173,187,187,187],"floor_reached":51,"language":"KOR","playtime":1656,"items_purged":["Strike_G","Defend_G"],"score":1125,"play_id":"3eeb53aa-3eeb-414e-8269-3a5aaba57705","local_time":"20210120170851","is_ascension_mode":true,"campfire_choices":[{"data":"Poisoned Stab","floor":6.0,"key":"SMITH"},{"data":"Dagger Spray","floor":8.0,"key":"SMITH"},{"floor":10.0,"key":"REST"},{"data":"Neutralize","floor":15.0,"key":"SMITH"},{"data":"Blade Dance","floor":27.0,"key":"SMITH"},{"floor":32.0,"key":"REST"},{"data":"Apotheosis","floor":40.0,"key":"SMITH"},{"data":"Leg Sweep","floor":45.0,"key":"SMITH"},{"floor":49,"key":"REST"}],"circlet_count":0,"master_deck":["AscendersBane","Defend_G","Defend_G","Defend_G","Survivor","Neutralize+1","All Out Attack","Blade Dance","Poisoned Stab+1","Crippling Poison","Dagger Spray+1","PiercingWail","Acrobatics","Burst","Outmaneuver","Accuracy","Backflip","Blade Dance+1","Reflex","Caltrops","Prepared","Distraction","Finisher","Blade Dance","Calculated Gamble","Glass Knife","Apotheosis+1","Footwork","Outmaneuver","Accuracy","Leg Sweep+1","Finesse"],"relics":["Ring of the Serpent","Sundial","Bag of Marbles","Orrery","Torii","Meat on the Bone","Cursed Key","Bronze Scales"],"acts_visited":["Exordium","TheCity","TheBeyond"],"potions_floor_usage":[48,50],"damage_taken":[{"damage":0.0,"enemies":"Cultist","floor":1.0,"turns":4.0},{"damage":1.0,"enemies":"Small Slimes","floor":2.0,"turns":2.0},{"damage":0.0,"enemies":"2 Louse","floor":3.0,"turns":2.0},{"damage":0.0,"enemies":"2 Fungi Beasts","floor":5.0,"turns":3.0},{"damage":7.0,"enemies":"Exordium Wildlife","floor":7.0,"turns":4.0},{"damage":18.0,"enemies":"3 Sentries","floor":12.0,"turns":5.0},{"damage":8.0,"enemies":"Looter","floor":14.0,"turns":3.0},{"damage":15.0,"enemies":"Hexaghost","floor":16.0,"turns":9.0},{"damage":18.0,"enemies":"Spheric Guardian","floor":18.0,"turns":4.0},{"damage":8.0,"enemies":"Chosen","floor":20.0,"turns":4.0},{"damage":17.0,"enemies":"Slavers","floor":23.0,"turns":3.0},{"damage":3.0,"enemies":"3 Cultists","floor":29.0,"turns":4.0},{"damage":9.0,"enemies":"Centurion and Healer","floor":30.0,"turns":5.0},{"damage":28.0,"enemies":"Cultist and Chosen","floor":31.0,"turns":6.0},{"damage":32.0,"enemies":"Collector","floor":33.0,"turns":8.0},{"damage":1.0,"enemies":"3 Shapes","floor":35.0,"turns":6.0},{"damage":18.0,"enemies":"Orb Walker","floor":38.0,"turns":5.0},{"damage":9.0,"enemies":"Giant Head","floor":41.0,"turns":5.0},{"damage":0.0,"enemies":"Maw","floor":42.0,"turns":5.0},{"damage":0.0,"enemies":"Mind Bloom Boss Battle","floor":44.0,"turns":1.0},{"damage":4.0,"enemies":"4 Shapes","floor":46.0,"turns":6.0},{"damage":15,"enemies":"Sphere and 2 Shapes","floor":48,"turns":4},{"damage":61,"enemies":"Awakened One","floor":50,"turns":9}],"seed_played":"-3173019697466934617","potions_obtained":[{"floor":1.0,"key":"SteroidPotion"},{"floor":2.0,"key":"BlessingOfTheForge"},{"floor":28.0,"key":"Energy Potion"},{"floor":28.0,"key":"Fruit Juice"},{"floor":28.0,"key":"EssenceOfSteel"},{"floor":30.0,"key":"EssenceOfSteel"},{"floor":33.0,"key":"SkillPotion"},{"floor":41.0,"key":"SkillPotion"}],"is_trial":false,"path_per_floor":["M","M","M","?","M","R","M","R","T","R","?","E","?","M","R","B",null,"M","$","M","?","$","E","?","$","T","R","?","M","M","M","R","B",null,"M","?","$","M","?","R","E","M","T","?","R","M","?","M","R","B",null],"character_chosen":"THE_SILENT","items_purchased":["Orrery","Blade Dance","Apotheosis","Footwork"],"campfire_rested":3,"item_purchase_floors":[19,19,37,37],"current_hp_per_floor":[45,44,44,33,33,33,26,26,26,47,47,29,29,21,21,6,54,36,36,28,28,28,11,34,34,34,34,39,48,39,23,45,25,63,62,62,62,44,44,44,47,47,47,47,47,43,43,40,62,13],"gold":187,"neow_bonus":"TRANSFORM_TWO_CARDS","is_daily":false,"chose_seed":false,"campfire_upgraded":6,"win_rate":0.0,"timestamp":1611130131,"path_taken":["M","?","M","?","M","R","M","R","T","R","?","E","?","M","R","BOSS","M","$","M","?","$","E","?","$","T","R","?","?","M","M","R","BOSS","M","?","$","M","?","R","E","M","T","?","R","M","?","M","R","BOSS"],"items_purchased_type":["Relic","Card","Card","Card"],"build_version":"2020-12-22","purchased_purges":2,"victory":true,"max_hp_per_floor":[70,70,70,70,70,70,70,70,70,70,70,70,70,70,70,70,70,70,70,70,70,70,70,70,70,70,70,75,75,75,75,75,75,75,75,75,75,75,75,75,75,75,75,75,75,75,75,75,75,75],"card_choices":[{"not_picked":["Concentrate","Setup"],"picked":"Blade Dance","floor":1.0},{"not_picked":["Cloak And Dagger","Skewer"],"picked":"Poisoned Stab","floor":2.0},{"not_picked":["Skewer","Deflect"],"picked":"Crippling Poison","floor":3.0},{"not_picked":["Poisoned Stab","Deflect"],"picked":"Dagger Spray","floor":5.0},{"not_picked":["Bane","Choke"],"picked":"PiercingWail","floor":7.0},{"not_picked":["Deflect","Bane"],"picked":"Acrobatics","floor":12.0},{"not_picked":["Sucker Punch","Blade Dance","Deflect"],"picked":"SKIP","floor":14.0},{"not_picked":["Venomology","Storm of Steel"],"picked":"Burst","floor":16.0},{"not_picked":["Sucker Punch","Predator"],"picked":"Outmaneuver","floor":18.0},{"not_picked":["Concentrate","Finisher"],"picked":"Accuracy","floor":19.0},{"not_picked":["Poisoned Stab","Tactician"],"picked":"Backflip","floor":19.0},{"not_picked":["Expertise","Choke"],"picked":"Reflex","floor":20.0},{"not_picked":["Finisher","Endless Agony"],"picked":"Distraction","floor":23.0},{"not_picked":["Slice","Blur"],"picked":"Finisher","floor":29.0},{"not_picked":["PiercingWail","Deflect"],"picked":"Blade Dance","floor":30.0},{"not_picked":["Dash+1","Flechettes"],"picked":"Calculated Gamble","floor":31.0},{"not_picked":["Corpse Explosion","Storm of Steel"],"picked":"Glass Knife","floor":33.0},{"not_picked":["Dagger Spray","Poisoned Stab","Noxious Fumes"],"picked":"SKIP","floor":35.0},{"not_picked":["Sucker Punch","Quick Slash","All Out Attack"],"picked":"SKIP","floor":38.0},{"not_picked":["Setup","Prepared"],"picked":"Outmaneuver","floor":41.0},{"not_picked":["Footwork","Quick Slash"],"picked":"Accuracy","floor":42.0},{"not_picked":["Dodge and Roll","Eviscerate+1"],"picked":"Leg Sweep","floor":44.0},{"not_picked":["Burst","Bouncing Flask","Slice"],"picked":"SKIP","floor":46.0},{"not_picked":["Enlightenment","Good Instincts"],"picked":"Finesse","floor":47.0},{"not_picked":["Dodge and Roll","Dagger Throw","Riddle With Holes"],"picked":"SKIP","floor":48}],"player_experience":696150,"relics_obtained":[{"floor":9.0,"key":"Sundial"},{"floor":12.0,"key":"Bag of Marbles"},{"floor":23.0,"key":"Torii"},{"floor":26.0,"key":"Meat on the Bone"},{"floor":41.0,"key":"Bronze Scales"}],"event_choices":[{"damage_healed":0.0,"max_hp_gain":0.0,"max_hp_loss":0.0,"gold_gain":75.0,"event_name":"World of Goop","player_choice":"Gather Gold","floor":4.0,"gold_loss":0.0,"damage_taken":11.0},{"cards_removed":["Strike_G"],"damage_healed":0.0,"max_hp_gain":0.0,"max_hp_loss":0.0,"gold_gain":0.0,"event_name":"Living Wall","player_choice":"Forget","floor":11.0,"gold_loss":0.0,"damage_taken":0.0},{"damage_healed":0.0,"max_hp_gain":0.0,"max_hp_loss":0.0,"gold_gain":0.0,"event_name":"Shining Light","player_choice":"Ignored","floor":13.0,"gold_loss":0.0,"damage_taken":0.0},{"damage_healed":0.0,"max_hp_gain":0.0,"max_hp_loss":0.0,"gold_gain":0.0,"cards_transformed":["Strike_G","Strike_G"],"event_name":"Drug Dealer","player_choice":"Became Test Subject","floor":21.0,"gold_loss":0.0,"damage_taken":0.0,"cards_obtained":["Caltrops","Prepared"]},{"damage_healed":23.0,"max_hp_gain":0.0,"max_hp_loss":0.0,"gold_gain":0.0,"event_name":"The Library","player_choice":"Heal","floor":24.0,"gold_loss":0.0,"damage_taken":0.0},{"damage_healed":0.0,"max_hp_gain":0.0,"max_hp_loss":0.0,"gold_gain":0.0,"event_name":"Lab","player_choice":"Got Potions","floor":28.0,"gold_loss":0.0,"damage_taken":0.0},{"damage_healed":0.0,"max_hp_gain":0.0,"max_hp_loss":0.0,"gold_gain":0.0,"event_name":"Mysterious Sphere","player_choice":"Ignored","floor":36.0,"gold_loss":0.0,"damage_taken":0.0},{"cards_removed":["Heel Hook"],"damage_healed":0.0,"max_hp_gain":0.0,"max_hp_loss":0.0,"gold_gain":0.0,"event_name":"Falling","player_choice":"Removed Attack","floor":39.0,"gold_loss":0.0,"damage_taken":0.0},{"damage_healed":0.0,"max_hp_gain":0.0,"max_hp_loss":0.0,"gold_gain":0.0,"event_name":"MindBloom","player_choice":"Fight","floor":44.0,"gold_loss":0.0,"damage_taken":0.0},{"damage_healed":0.0,"max_hp_gain":0.0,"max_hp_loss":0.0,"gold_gain":0.0,"event_name":"SensoryStone","player_choice":"Memory 1","floor":47.0,"gold_loss":0.0,"damage_taken":0.0}],"is_beta":false,"boss_relics":[{"not_picked":["Black Star","Velvet Choker"],"picked":"Ring of the Serpent"},{"not_picked":["SacredBark","Runic Dome"],"picked":"Cursed Key"}],"items_purged_floors":[19,22],"is_endless":false,"potions_floor_spawned":[1,2,3,5,29,30,33,41,46],"ascension_level":12}}