{"host":"mai03x2ekbjy4059","time":1611141335,"event":{"mods":["2.2 Compatiblity","BaseMod","Colored Map","DeckTracker","Keyboard Shortcuts","Minty Spire (QoL Compilation)","Permanent Neow","Quick Restart","SuperFastMode","everything is the same but u backflip on backflip"],"gold_per_floor":[361,361,372,387,9,9,35,35,58,387,562,562,595,342,342,438,438,452,425,335,101,101,101,129,129,179,179,179],"floor_reached":27,"language":"KOR","playtime":836,"items_purged":["Dualcast","Doubt","Strike_B"],"score":335,"play_id":"db627cf8-bba4-4086-9d14-b89b3e790e4e","local_time":"20210120201535","is_ascension_mode":true,"campfire_choices":[{"data":"Self Repair","floor":6.0,"key":"SMITH"},{"data":"Cold Snap","floor":8.0,"key":"SMITH"},{"data":"Buffer","floor":12.0,"key":"SMITH"},{"floor":15.0,"key":"REST"},{"data":"Blizzard","floor":23.0,"key":"SMITH"},{"data":"Loop","floor":25.0,"key":"SMITH"}],"circlet_count":0,"master_deck":["Strike_B","Strike_B","Defend_B","Defend_B","Defend_B+1","Defend_B","Cold Snap+1","Self Repair+1","Coolheaded+1","Buffer+1","Apotheosis+1","White Noise+1","Reboot+1","Blizzard+1","Loop+1"],"relics":["Cracked Core","Toxic Egg 2","Dream Catcher","Old Coin","MawBank","Black Star","Question Card","Omamori","Lantern"],"acts_visited":["Exordium","TheCity"],"potions_floor_usage":[],"damage_taken":[{"damage":1.0,"enemies":"Jaw Worm","floor":1.0,"turns":4.0},{"damage":0.0,"enemies":"2 Louse","floor":3.0,"turns":2.0},{"damage":0.0,"enemies":"Cultist","floor":4.0,"turns":3.0},{"damage":11.0,"enemies":"3 Sentries","floor":7.0,"turns":12.0},{"damage":24.0,"enemies":"Lagavulin","floor":10.0,"turns":8.0},{"damage":17.0,"enemies":"Gremlin Nob","floor":13.0,"turns":5.0},{"damage":0.0,"enemies":"The Guardian","floor":16.0,"turns":15.0},{"damage":6.0,"enemies":"Spheric Guardian","floor":18.0,"turns":7.0},{"damage":33.0,"enemies":"2 Thieves","floor":19.0,"turns":5.0},{"damage":12.0,"enemies":"Slavers","floor":24.0,"turns":6.0},{"damage":17,"enemies":"Book of Stabbing","floor":27,"turns":10}],"seed_played":"938775777064004601","potions_obtained":[{"floor":3.0,"key":"AttackPotion"},{"floor":7.0,"key":"SkillPotion"},{"floor":10.0,"key":"SneckoOil"},{"floor":19.0,"key":"SneckoOil"}],"is_trial":false,"path_per_floor":["M","?","M","M","$","R","E","R","T","E","?","R","E","$","R","B",null,"M","M","?","$","?","R","E","R","T","E"],"character_chosen":"DEFECT","items_purchased":["Toxic Egg 2","Coolheaded+1","Apotheosis+1","Blizzard","Loop"],"campfire_rested":1,"item_purchase_floors":[5,5,14,21,21],"current_hp_per_floor":[53,53,53,53,53,53,52,52,52,38,38,38,31,31,53,63,75,75,52,52,52,52,52,50,50,50,33,33],"gold":179,"neow_bonus":"TWO_FIFTY_GOLD","is_daily":false,"chose_seed":false,"campfire_upgraded":5,"win_rate":0.0,"timestamp":1611141335,"path_taken":["M","?","M","M","$","R","E","R","T","E","?","R","E","$","R","BOSS","M","M","?","?","?","R","E","R","T","E"],"items_purchased_type":["Relic","Card","Card","Card","Card"],"build_version":"2020-12-22","purchased_purges":3,"victory":false,"max_hp_per_floor":[75,75,75,75,75,75,75,75,75,75,75,75,75,75,75,75,75,75,75,75,75,75,75,75,75,75,75,75],"card_choices":[{"not_picked":["Compile Driver","Stack"],"picked":"Cold Snap","floor":1.0},{"not_picked":["Heatsinks","Stack","Consume"],"picked":"SKIP","floor":3.0},{"not_picked":["Turbo","Barrage"],"picked":"Self Repair","floor":4.0},{"not_picked":["Gash","Compile Driver","Streamline"],"picked":"SKIP","floor":7.0},{"not_picked":["Turbo+1","Streamline"],"picked":"Buffer","floor":10.0},{"not_picked":["Darkness+1","Gash","Beam Cell"],"picked":"SKIP","floor":13.0},{"not_picked":["Cold Snap","Leap+1"],"picked":"White Noise+1","floor":15.0},{"not_picked":["Echo Form","All For One"],"picked":"Reboot+1","floor":16.0},{"not_picked":["Compile Driver","Streamline+1","Leap+1"],"picked":"SKIP","floor":18.0},{"not_picked":["Turbo+1","Redo+1","Go for the Eyes"],"picked":"SKIP","floor":19.0},{"not_picked":["Ball Lightning+1","Fusion+1","Genetic Algorithm+1"],"picked":"SKIP","floor":24.0}],"player_experience":1112605,"relics_obtained":[{"floor":7.0,"key":"Dream Catcher"},{"floor":10.0,"key":"Old Coin"},{"floor":13.0,"key":"MawBank"},{"floor":24.0,"key":"Question Card"},{"floor":24.0,"key":"Omamori"},{"floor":26.0,"key":"Lantern"}],"event_choices":[{"cards_removed":["Zap"],"damage_healed":0.0,"max_hp_gain":0.0,"max_hp_loss":0.0,"gold_gain":0.0,"event_name":"Living Wall","player_choice":"Forget","floor":2.0,"gold_loss":0.0,"damage_taken":0.0},{"damage_healed":0.0,"max_hp_gain":0.0,"max_hp_loss":0.0,"gold_gain":175.0,"event_name":"Liars Game","player_choice":"AGREE","floor":11.0,"gold_loss":0.0,"damage_taken":0.0,"cards_obtained":["Doubt"]},{"cards_removed":["Strike_B"],"damage_healed":0.0,"max_hp_gain":0.0,"max_hp_loss":0.0,"gold_gain":0.0,"event_name":"Designer","player_choice":"Upgrade and Remove","floor":20.0,"gold_loss":90.0,"damage_taken":0.0,"cards_upgraded":["Defend_B"]},{"damage_healed":0.0,"max_hp_gain":0.0,"max_hp_loss":0.0,"gold_gain":0.0,"event_name":"Ghosts","player_choice":"Ignored","floor":22.0,"gold_loss":0.0,"damage_taken":0.0}],"is_beta":false,"boss_relics":[{"not_picked":["Calling Bell","Tiny House"],"picked":"Black Star"}],"items_purged_floors":[5,14,21],"is_endless":false,"potions_floor_spawned":[3,7,10,19],"killed_by":"Book of Stabbing","ascension_level":1}}