{"host":"6wux4armhsntp4yb","time":1611106190,"event":{"mods":["BaseMod","Colored Map","DeckTracker","Minty Spire (QoL Compilation)","Relic Stats"],"gold_per_floor":[117,136,57,37,57,57,104,136,187,212,212,229,229,229],"floor_reached":13,"language":"JPN","playtime":763,"items_purged":[],"score":186,"play_id":"7f4c6456-2d81-40b2-a823-099b39a02ff4","local_time":"20210120102950","is_ascension_mode":true,"campfire_choices":[{"data":"Crippling Poison","floor":6,"key":"SMITH"}],"circlet_count":0,"master_deck":["AscendersBane","Strike_G","Strike_G","Strike_G","Strike_G","Strike_G","Defend_G","Defend_G","Defend_G","Defend_G","Defend_G","Survivor","Neutralize","Endless Agony","Crippling Poison+1","Slice","Backflip","Backflip","Acrobatics","Masterful Stab"],"relics":["Ring of the Snake","Torii","Pen Nib","Tiny Chest","Peace Pipe"],"acts_visited":["Exordium"],"potions_floor_usage":[8,10,12],"damage_taken":[{"damage":2,"enemies":"Jaw Worm","floor":1,"turns":6},{"damage":1,"enemies":"Cultist","floor":2,"turns":4},{"damage":0,"enemies":"2 Louse","floor":5,"turns":3},{"damage":2,"enemies":"Lagavulin","floor":8,"turns":7},{"damage":36,"enemies":"Gremlin Nob","floor":10,"turns":5},{"damage":2,"enemies":"Exordium Thugs","floor":12,"turns":5},{"damage":7,"enemies":"3 Sentries","floor":13,"turns":2}],"seed_played":"2765031647855020260","potions_obtained":[{"floor":4,"key":"SneckoOil"},{"floor":8,"key":"PowerPotion"}],"is_trial":false,"path_per_floor":["M","M","$","?","M","R","T","E","T","E","?","M","E"],"character_chosen":"THE_SILENT","items_purchased":["BlessingOfTheForge","Slice"],"campfire_rested":0,"item_purchase_floors":[3,3],"current_hp_per_floor":[42,41,41,41,41,41,41,39,39,3,3,1,0,0],"gold":229,"neow_bonus":"ONE_RARE_RELIC","is_daily":false,"chose_seed":false,"campfire_upgraded":1,"win_rate":0.0,"timestamp":1611106190,"path_taken":["M","M","$","?","?","R","?","E","T","E","?","?","E"],"items_purchased_type":["Potion","Card"],"build_version":"2020-12-22","purchased_purges":0,"victory":false,"max_hp_per_floor":[66,66,66,66,66,66,66,66,66,66,66,66,66,66],"relic_stats":{"Peace Pipe":0,"Torii":14,"counters":[7,32],"Tiny Chest":0,"Pen Nib":[2],"obtain_stats":[{"Peace Pipe":10,"Torii":0,"Tiny Chest":9,"Pen Nib":8,"Ring of the Snake":0},{"Peace Pipe":5,"Torii":0,"Tiny Chest":4,"Pen Nib":4,"Ring of the Snake":0},{"Peace Pipe":25,"Torii":0,"Tiny Chest":20,"Pen Nib":20,"Ring of the Snake":0}],"Ring of the Snake":[14]},"card_choices":[{"not_picked":["Flying Knee","Reflex"],"picked":"Endless Agony","floor":1},{"not_picked":["Caltrops","Acrobatics"],"picked":"Crippling Poison","floor":2},{"not_picked":["Escape Plan","All Out Attack"],"picked":"Backflip","floor":5},{"not_picked":["Tactician","Flying Knee"],"picked":"Backflip","floor":8},{"not_picked":["Underhanded Strike","Bane"],"picked":"Acrobatics","floor":10},{"not_picked":["Distraction","PiercingWail"],"picked":"Masterful Stab","floor":12}],"player_experience":5814426,"relics_obtained":[{"floor":8,"key":"Pen Nib"},{"floor":9,"key":"Tiny Chest"},{"floor":10,"key":"Peace Pipe"}],"event_choices":[{"damage_healed":0,"gold_gain":0,"player_choice":"Bought 1 Potion","damage_taken":0,"max_hp_gain":0,"max_hp_loss":0,"event_name":"The Woman in Blue","floor":4,"gold_loss":0},{"damage_healed":0,"gold_gain":0,"player_choice":"Fled","damage_taken":0,"max_hp_gain":0,"max_hp_loss":0,"event_name":"Scrap Ooze","floor":11,"gold_loss":0}],"is_beta":false,"boss_relics":[],"items_purged_floors":[],"is_endless":false,"potions_floor_spawned":[8],"killed_by":"3 Sentries","ascension_level":20}}