{"host":"qmlry8i8enac5s44","time":1611105005,"event":{"mods":["Act Like it!","BaseMod","Colored Map","Gensokyo","Luminous","Marisa£®ÏF”Í°°ƒß¿Ì…≥£©","Minty Spire (QoL Compilation)","Reimu£®≤©¿ˆ¡È√Œ£©","StSLib","°æ“≈ŒÔø®≈∆°øREMEMod"],"gold_per_floor":[111,111,111,111,122,149,149,176,176,190,210,226,226,308,308,409,409,420,420,431,431,18,49,49,81,107,435,435,435,505,857,857,896,896],"floor_reached":33,"language":"ZHS","playtime":2248,"items_purged":[],"score":484,"play_id":"6400f4a8-d107-4c26-9943-159f5c59398d","local_time":"20210120091005","is_ascension_mode":true,"campfire_choices":[{"data":"Gensokyo:UnlikelyAid","floor":7.0,"key":"SMITH"},{"data":"PowerUp","floor":15.0,"key":"SMITH"},{"data":"Gensokyo:FourOfAKind","floor":24.0,"key":"SMITH"},{"data":"ChargingUp","floor":29.0,"key":"SMITH"},{"data":"AbsoluteMagnitude","floor":32.0,"key":"SMITH"}],"circlet_count":0,"master_deck":["Strike_MRS","Strike_MRS","Strike_MRS","Strike_MRS","Defend_MRS","Defend_MRS","Defend_MRS","Defend_MRS","MasterSpark","UpSweep","Gensokyo:UnlikelyAid+1","Gensokyo:MarisaTwilightSpark","PowerUp+1","Orbital","MaximisePower","PulseMagic","Gensokyo:FourOfAKind+1","Gensokyo:FourOfAKind","Gensokyo:FourOfAKind","Gensokyo:FourOfAKind","Gensokyo:AllTheWorldsEvil","ChargingUp+1","Normality","StarBarrage","Decay","AbsoluteMagnitude+1"],"relics":["MiniHakkero","REME_ComplimentaryCards","NeowsBlessing","Gensokyo:CelestialsFlawlessClothing","FossilizedHelix","REME_LimitBreaker","Kunai","Bottled Lightning","Cursed Key","Medical Kit","REME_HourglassOfDeath","Anchor","REME_PuzzleBoxRelic","Girya","Dream Catcher","REME_ArchaeologicalTools","Old Coin"],"acts_visited":["Exordium","Gensokyo:Gensokyo"],"potions_floor_usage":[33],"damage_taken":[{"damage":0.0,"enemies":"Gensokyo:2_Kodama","floor":1.0,"turns":1.0},{"damage":0.0,"enemies":"Gensokyo:3_Fairies","floor":5.0,"turns":1.0},{"damage":0.0,"enemies":"Gensokyo:Cirno","floor":6.0,"turns":2.0},{"damage":6.0,"enemies":"Gensokyo:Aya","floor":8.0,"turns":5.0},{"damage":0.0,"enemies":"Gensokyo:Python","floor":10.0,"turns":3.0},{"damage":0.0,"enemies":"Gensokyo:Kitsune","floor":11.0,"turns":2.0},{"damage":21.0,"enemies":"Gensokyo:3_Kodama","floor":12.0,"turns":5.0},{"damage":19.0,"enemies":"Gensokyo:Kokoro","floor":16.0,"turns":10.0},{"damage":0.0,"enemies":"Gensokyo:Chomper","floor":18.0,"turns":2.0},{"damage":0.0,"enemies":"Gensokyo:CosmicMonolith","floor":20.0,"turns":3.0},{"damage":20.0,"enemies":"Gensokyo:Koishi","floor":23.0,"turns":7.0},{"damage":42.0,"enemies":"Gensokyo:Tenshi","floor":25.0,"turns":3.0},{"damage":5.0,"enemies":"Gensokyo:Reisen","floor":27.0,"turns":8.0},{"damage":0.0,"enemies":"Gensokyo:Chomper_and_Gloop","floor":30.0,"turns":3.0},{"damage":53.0,"enemies":"Gensokyo:Wraith","floor":31.0,"turns":6.0},{"damage":75,"enemies":"Gensokyo:Kaguya","floor":33,"turns":5}],"seed_played":"1684071972710588694","potions_obtained":[{"floor":1.0,"key":"ShroomBrew"},{"floor":5.0,"key":"FairyPotion"},{"floor":12.0,"key":"EssenceOfSteel"},{"floor":16.0,"key":"GamblersBrew"},{"floor":23.0,"key":"ZuzhouPotion:ReiMu"},{"floor":25.0,"key":"ColorlessPotion"},{"floor":27.0,"key":"BottledSpark"},{"floor":31.0,"key":"Energy Potion"}],"is_trial":false,"path_per_floor":["M","?","?","?","M","E","R","E","T","M","M","M","$","T","R","B",null,"M","?","M","?","COS","E","R","E","T","E","T","R","M","M","R","B"],"character_chosen":"MARISA","items_purchased":[],"campfire_rested":0,"item_purchase_floors":[],"current_hp_per_floor":[75,57,57,57,57,57,57,51,51,51,51,30,30,30,30,11,59,59,53,53,53,53,33,33,15,15,10,10,10,10,14,14,0,0],"gold":896,"neow_bonus":"THREE_ENEMY_KILL","is_daily":false,"chose_seed":false,"campfire_upgraded":5,"win_rate":0.0,"timestamp":1611105005,"path_taken":["M","?","?","?","M","E","R","E","T","M","M","?","?","?","R","BOSS","M","?","M","?","COS","E","R","E","T","E","?","R","?","M","R","BOSS"],"items_purchased_type":[],"build_version":"2020-12-22","purchased_purges":0,"victory":false,"max_hp_per_floor":[75,75,75,75,75,75,75,75,75,75,75,75,75,75,75,75,75,75,53,53,53,53,53,53,53,53,53,53,53,53,53,53,53,53],"card_choices":[{"not_picked":["LuminesStrike","Occultation","MysteriousBeam"],"picked":"SKIP","floor":1.0},{"not_picked":["6A","GravityBeat","AsteroidBelt"],"picked":"SKIP","floor":5.0},{"not_picked":["DoubleSpark","Acceleration","AsteroidBelt"],"picked":"SKIP","floor":6.0},{"not_picked":["SporeBomb","UnstableBomb"],"picked":"PowerUp","floor":8.0},{"not_picked":["UnstableBomb","6A","BlazingStar"],"picked":"SKIP","floor":10.0},{"not_picked":["NonDirectionalLaser","EnergyFlow"],"picked":"Orbital","floor":11.0},{"not_picked":["WitchLeyline","ManaConvection","DC"],"picked":"SKIP","floor":12.0},{"not_picked":["ManaRampage","MillisecondPulsars"],"picked":"MaximisePower","floor":16.0},{"not_picked":["FairyDestructionRay","MysteriousBeam"],"picked":"PulseMagic","floor":18.0},{"not_picked":["AsteroidBelt","GravityBeat","DoubleSpark"],"picked":"SKIP","floor":20.0},{"not_picked":["IllusionStar","SuperPerseids"],"picked":"ChargingUp","floor":23.0},{"not_picked":["OrrerysSun","GravityBeat","SporeBomb"],"picked":"SKIP","floor":25.0},{"not_picked":["MilkyWay+1","GrandCross"],"picked":"StarBarrage","floor":27.0},{"not_picked":["WitchLeyline+1","MysteriousBeam+1"],"picked":"AbsoluteMagnitude","floor":30.0},{"not_picked":["UnstableBomb","PulseMagic+1","StarBarrage+1"],"picked":"SKIP","floor":31.0}],"player_experience":427144,"relics_obtained":[{"floor":6.0,"key":"FossilizedHelix"},{"floor":8.0,"key":"REME_LimitBreaker"},{"floor":9.0,"key":"Kunai"},{"floor":14.0,"key":"Bottled Lightning"},{"floor":23.0,"key":"REME_HourglassOfDeath"},{"floor":25.0,"key":"REME_PuzzleBoxRelic"},{"floor":27.0,"key":"Dream Catcher"},{"floor":28.0,"key":"REME_ArchaeologicalTools"}],"event_choices":[],"is_beta":false,"boss_relics":[{"not_picked":["Velvet Choker","Runic Pyramid"],"picked":"Cursed Key"}],"items_purged_floors":[],"is_endless":false,"potions_floor_spawned":[1,5,12,16,23,25,27,31],"killed_by":"Gensokyo:Kaguya","ascension_level":5}}