{"host":"3y33rrrkia6pkpow","time":1611111477,"event":{"mods":["2.2 Compatiblity","AchievementEnabler","Act Like it!","BaseMod","BetterRewards","Colored Map","Colored Powertips","DeckTracker","Faster Ascension Climbing","Gensokyo","Highlight Path","Infinite Spire","Minty Spire (QoL Compilation)","Quick Restart","Replay The Spire","Shop Mod","Spicy Shops","StSLib","Synergy Search","The Animator","Unknown Chances"],"gold_per_floor":[114,114,145,115,135,174,174,186,186,186,219,231,231,256,256,360,360,371,385,300,300,314,349,349,374,374,389,329,329,339,351,351,458,458,475,475,475,490,507,507,535,570,570,599,613,643,643,653,653,653],"floor_reached":51,"language":"ENG","playtime":8912,"items_purged":["animator:Strike","Languid"],"score":1311,"play_id":"f003b5e8-6b5f-4c05-a77b-23f11c1bd6f6","local_time":"20210119205757","is_ascension_mode":true,"campfire_choices":[{"floor":7,"key":"REST"},{"data":"animator:AcuraAkari","floor":10,"key":"SMITH"},{"data":"animator:TanyaDegurechaff","floor":13,"key":"SMITH"},{"floor":15,"key":"REST"},{"floor":32,"key":"REST"},{"floor":40,"key":"RECALL"},{"data":"animator:AcuraShin","floor":49,"key":"SMITH"}],"circlet_count":0,"master_deck":["AscendersBane","animator:Strike_HitsugiNoChaika+1","animator:Defend_HitsugiNoChaika+1","animator:Defend+1","animator:Defend+1","animator:AcuraAkari+1","animator:Gillette+1","animator:NiaHonjou+1","animator:TanyaDegurechaff+1","animator:AcuraAkari+1","animator:ElricAlphonse+1","animator:Rena+1","animator:Kazuma+1","animator:Isuzu+1","animator:AcuraTooru+1","animator:MikuIzayoi+1","animator:Viivi+1","animator:Hans+1","animator:Fredrika+1","animator:AcuraTooru+1","animator:ChaikaBohdan+1","animator:Viivi+1","animator:SuikaIbuki+1","animator:AcuraTooru+1","animator:ChaikaBohdan+1","animator:Rena+1","animator:Isuzu+1","animator:ChaikaBohdan+1","animator:Greed+1","animator:Gillette+1","animator:Isuzu+1","animator:RoyMustang+1","animator:AcuraShin+1","animator:Viivi","animator:Viivi+1","animator:Marielle"],"relics":["animator:LivingPicture","animator:TheMissingPiece","animator:PurgingStone","Membership Card","Matryoshka","animator:EngravedStaff","ReplayTheSpireMod:CursedCoin","DollysMirror","Mercury Hourglass","Replay:Mystery Machine","animator:Mistletoe","Pocketwatch","ReplayTheSpireMod:TigerMarble","animator:RacePiece","Smiling Mask","infinitespire:Lychee Nut","infinitespire:EmpoweringShard","Lantern","Philosopher\u0027s Stone","Mark of the Bloom","Ancient Tea Set","InkBottle","Quantum Egg","Replay:Baseball"],"acts_visited":["Exordium","TheCity","TheBeyond"],"potions_floor_usage":[11,14,33,44,45,50],"damage_taken":[{"damage":0,"enemies":"Small Slimes","floor":1,"turns":3},{"damage":0,"enemies":"Cultist","floor":3,"turns":4},{"damage":3,"enemies":"2 Louse","floor":5,"turns":2},{"damage":15,"enemies":"3 Sentries","floor":6,"turns":8},{"damage":2,"enemies":"Gremlin Gang","floor":8,"turns":4},{"damage":9,"enemies":"Gremlin Nob","floor":11,"turns":4},{"damage":0,"enemies":"Exordium Thugs","floor":12,"turns":4},{"damage":13,"enemies":"3 Sentries","floor":14,"turns":4},{"damage":8,"enemies":"Fading Forest","floor":16,"turns":11},{"damage":12,"enemies":"2 Thieves","floor":18,"turns":3},{"damage":4,"enemies":"Spheric Guardian","floor":19,"turns":3},{"damage":2,"enemies":"Chosen and Byrds","floor":22,"turns":3},{"damage":12,"enemies":"Replay:Snechameleon","floor":23,"turns":4},{"damage":21,"enemies":"Slavers","floor":25,"turns":2},{"damage":0,"enemies":"Snecko","floor":27,"turns":2},{"damage":1,"enemies":"Centurion and Healer","floor":30,"turns":3},{"damage":0,"enemies":"3 Cultists","floor":31,"turns":3},{"damage":18,"enemies":"Automaton","floor":33,"turns":7},{"damage":0,"enemies":"Orb Walker","floor":35,"turns":2},{"damage":0,"enemies":"3 Darklings","floor":38,"turns":2},{"damage":3,"enemies":"Jaw Worm Horde","floor":39,"turns":3},{"damage":2,"enemies":"Sphere and 2 Shapes","floor":41,"turns":2},{"damage":4,"enemies":"R_Hoarder","floor":42,"turns":4},{"damage":19,"enemies":"Nemesis","floor":44,"turns":3},{"damage":2,"enemies":"Spire Growth","floor":45,"turns":5},{"damage":0,"enemies":"Reptomancer","floor":46,"turns":4},{"damage":0,"enemies":"3 Darklings","floor":48,"turns":2},{"damage":0,"enemies":"infinitespire:MassOfShapes","floor":50,"turns":5}],"seed_played":"-3001347547144299493","potions_obtained":[{"floor":4,"key":"SkillPotion"},{"floor":4,"key":"SpeedPotion"},{"floor":11,"key":"Dexterity Potion"},{"floor":14,"key":"Dexterity Potion"},{"floor":18,"key":"LifebloodPotion"},{"floor":27,"key":"infinitespire:BlackPotion"},{"floor":33,"key":"Block Potion"},{"floor":44,"key":"DuplicationPotion"}],"is_trial":false,"path_per_floor":["M","?","M","?","M","E","R","M","T","R","E","M","R","E","R","B",null,"M","M","?","?","M","E","?","E","T","M","?","?","M","M","R","B",null,"M","?","?","M","M","R","M","E","T","E","M","E","?","M","R","B",null],"character_chosen":"THE_ANIMATOR","items_purchased":["Membership Card","animator:NiaHonjou","animator:TanyaDegurechaff","Flashbang","Matryoshka","animator:EngravedStaff","ReplayTheSpireMod:CursedCoin","DollysMirror","animator:ElricAlphonse"],"campfire_rested":3,"item_purchase_floors":[0,0,0,0,0,0,0,0,0],"current_hp_per_floor":[59,59,59,59,56,41,60,58,58,58,49,49,49,37,57,58,66,54,50,50,50,48,36,36,20,20,23,23,23,27,32,47,34,47,50,50,50,50,47,47,45,41,41,22,20,20,20,20,20,20],"gold":653,"neow_bonus":"","is_daily":false,"chose_seed":true,"campfire_upgraded":3,"win_rate":0.0,"timestamp":1611111477,"path_taken":["M","?","?","?","M","E","R","M","T","R","E","?","R","E","R","BOSS","M","M","?","?","?","E","?","E","T","M","?","?","?","M","R","BOSS","M","?","?","M","M","R","?","E","T","E","M","E","?","M","R","BOSS"],"items_purchased_type":["Relic","Card","Card","Potion","Relic","Relic","Relic","Relic","Card"],"build_version":"2020-12-22","purchased_purges":2,"victory":true,"max_hp_per_floor":[66,66,66,66,66,66,66,66,66,66,66,66,66,67,67,68,68,68,68,68,68,68,51,51,51,51,51,51,51,51,51,51,51,51,51,51,51,51,52,52,52,52,52,52,52,52,49,49,49,49],"card_choices":[{"not_picked":["animator:Megumin","animator:Tetora"],"picked":"animator:Rena","floor":1},{"not_picked":["animator:Raven","animator:Chung"],"picked":"animator:Kazuma","floor":3},{"not_picked":["animator:MarisaKirisame","animator:Add"],"picked":"animator:Isuzu","floor":5},{"not_picked":["animator:Guy","animator:Fredrika"],"picked":"animator:AcuraTooru","floor":6},{"not_picked":["animator:Tohya","animator:KurumiTokisaki"],"picked":"animator:MikuIzayoi","floor":8},{"not_picked":["animator:Tetora","animator:ElricAlphonse","animator:MaesHughes"],"picked":"SKIP","floor":11},{"not_picked":["animator:Illya","animator:Chung","animator:Aqua"],"picked":"SKIP","floor":12},{"not_picked":["animator:AcuraTooru","animator:Fredrika"],"picked":"animator:Viivi","floor":14},{"not_picked":["animator:MukuroHoshimiya","animator:SatoriKomeiji"],"picked":"animator:Hans","floor":16},{"not_picked":["animator:Raven","animator:Marielle"],"picked":"animator:Viivi","floor":18},{"not_picked":["animator:Kazuma","animator:Minori+1"],"picked":"animator:SuikaIbuki","floor":19},{"not_picked":["animator:Illya","animator:Naotsugu"],"picked":"animator:AcuraTooru","floor":22},{"not_picked":["animator:Guy","animator:Fredrika"],"picked":"animator:ChaikaBohdan","floor":23},{"not_picked":["animator:SanaeKochiya","animator:Raven"],"picked":"animator:Rena","floor":25},{"not_picked":["animator:SuikaIbuki","animator:SakuraMatou"],"picked":"animator:Isuzu","floor":27},{"not_picked":["animator:Vanir","animator:YunYun","animator:KaguyaHouraisan"],"picked":"SKIP","floor":30},{"not_picked":["animator:Gillette","animator:Guy"],"picked":"animator:ChaikaBohdan","floor":31},{"not_picked":["animator:Elesis","animator:Eve"],"picked":"animator:Greed","floor":33},{"not_picked":["animator:SuikaIbuki+1","animator:Minori"],"picked":"animator:Gillette+1","floor":35},{"not_picked":["animator:Mitsurugi+1","animator:ShidoItsuka"],"picked":"animator:Isuzu+1","floor":38},{"not_picked":["animator:Kazuma","animator:ShidoItsuka"],"picked":"animator:RoyMustang+1","floor":39},{"not_picked":["animator:AcuraTooru","animator:ChaikaBohdan"],"picked":"animator:AcuraShin","floor":41},{"not_picked":["animator:ElricAlphonse+1","animator:Ciel+1"],"picked":"animator:Viivi","floor":42},{"not_picked":["animator:Isuzu","animator:MarisaKirisame+1"],"picked":"animator:Viivi+1","floor":44},{"not_picked":["animator:Lu","animator:Ciel+1","animator:EmiyaShirou+1"],"picked":"SKIP","floor":45},{"not_picked":["animator:Lu","animator:ReineMurasame","animator:EmiyaShirou+1"],"picked":"SKIP","floor":45},{"not_picked":["animator:AyaShameimaru+1","animator:Minori+1"],"picked":"animator:Marielle","floor":48}],"player_experience":864991,"relics_obtained":[{"floor":6,"key":"Mercury Hourglass"},{"floor":9,"key":"Replay:Mystery Machine"},{"floor":9,"key":"animator:Mistletoe"},{"floor":11,"key":"Pocketwatch"},{"floor":14,"key":"ReplayTheSpireMod:TigerMarble"},{"floor":23,"key":"infinitespire:Lychee Nut"},{"floor":26,"key":"infinitespire:EmpoweringShard"},{"floor":26,"key":"Lantern"},{"floor":42,"key":"Ancient Tea Set"},{"floor":43,"key":"InkBottle"},{"floor":44,"key":"Quantum Egg"},{"floor":46,"key":"Replay:Baseball"}],"event_choices":[{"cards_removed":["animator:Strike"],"damage_healed":0,"gold_gain":0,"player_choice":"Purged","damage_taken":0,"max_hp_gain":0,"max_hp_loss":0,"event_name":"Purifier","floor":2,"gold_loss":0},{"damage_healed":0,"gold_gain":0,"player_choice":"Bought 2 Potions","damage_taken":0,"max_hp_gain":0,"max_hp_loss":0,"event_name":"The Woman in Blue","floor":4,"gold_loss":0},{"damage_healed":0,"gold_gain":0,"player_choice":"Obtained Relic","damage_taken":0,"relics_obtained":["Smiling Mask"],"max_hp_gain":0,"max_hp_loss":0,"event_name":"Addict","floor":20,"gold_loss":85},{"damage_healed":0,"gold_gain":0,"player_choice":"Upgraded","damage_taken":0,"max_hp_gain":0,"max_hp_loss":0,"event_name":"Upgrade Shrine","floor":21,"gold_loss":0,"cards_upgraded":["animator:AcuraAkari"]},{"damage_healed":0,"gold_gain":0,"player_choice":"Ignored","damage_taken":0,"max_hp_gain":0,"max_hp_loss":0,"event_name":"Cursed Tome","floor":24,"gold_loss":0},{"damage_healed":0,"gold_gain":0,"player_choice":"Ignored","damage_taken":0,"max_hp_gain":0,"max_hp_loss":0,"event_name":"N\u0027loth","floor":29,"gold_loss":0},{"damage_healed":0,"gold_gain":0,"player_choice":"Upgrade","damage_taken":0,"relics_obtained":["Mark of the Bloom"],"max_hp_gain":0,"max_hp_loss":0,"event_name":"MindBloom","floor":37,"gold_loss":0,"cards_upgraded":["animator:Strike_HitsugiNoChaika","animator:Defend_HitsugiNoChaika","animator:Defend","animator:Defend","animator:Gillette","animator:NiaHonjou","animator:ElricAlphonse","animator:Rena","animator:Kazuma","animator:Isuzu","animator:AcuraTooru","animator:MikuIzayoi","animator:Viivi","animator:Hans","animator:Fredrika","animator:AcuraTooru","animator:ChaikaBohdan","animator:Viivi","animator:SuikaIbuki","animator:AcuraTooru","animator:ChaikaBohdan","animator:Rena","animator:Isuzu","animator:ChaikaBohdan","animator:Greed"]},{"damage_healed":0,"gold_gain":0,"player_choice":"Max HP","damage_taken":0,"max_hp_gain":0,"max_hp_loss":3,"event_name":"Winding Halls","floor":47,"gold_loss":0}],"is_beta":false,"boss_relics":[{"not_picked":["Sozu","ReplayTheSpireMod:DimensionalGlitch"],"picked":"animator:RacePiece"},{"not_picked":["Cursed Key","Fusion Hammer"],"picked":"Philosopher\u0027s Stone"}],"items_purged_floors":[0,0],"is_endless":false,"potions_floor_spawned":[11,12,14,18,23,27,31,33,38,39,41,44],"ascension_level":10}}