{"host":"ptvbuawyvnztju27","time":1611121760,"event":{"mods":["100% Spire Juice","BaseMod","Minty Spire (QoL Compilation)","StSLib","Unceasing Turn Reminder"],"gold_per_floor":[119,139,64,64,78,78,92,92,92,112,112,131,131,131,11,131,11,11,11],"floor_reached":18,"language":"ENG","playtime":530,"items_purged":["Moonworks:Strike"],"score":177,"play_id":"e3042baa-be9d-421a-86e1-bb2ea4a26cc0","local_time":"20210119224920","is_ascension_mode":false,"campfire_choices":[{"data":"Moonworks:CloudOfSeagulls","floor":6,"key":"SMITH"},{"data":"Moonworks:CloudOfSeagulls","floor":8,"key":"SMITH"},{"data":"Moonworks:CloudOfSeagulls","floor":11,"key":"SMITH"},{"data":"Moonworks:CloudOfSeagulls","floor":13,"key":"SMITH"},{"data":"Moonworks:JonathanRush","floor":15,"key":"SMITH"}],"circlet_count":0,"master_deck":["Moonworks:Strike","Moonworks:Strike","Moonworks:Strike","Moonworks:Defend","Moonworks:Defend","Moonworks:Defend","Moonworks:Defend","Moonworks:Ambush","Moonworks:LongDistanceShot","Moonworks:CloudOfSeagulls+1","Moonworks:CloudOfSeagulls+1","Moonworks:JonathanRush+1","Moonworks:CloudOfSeagulls+1","Moonworks:JonathanRush","Moonworks:CloudOfSeagulls+1","Moonworks:Accelerator"],"relics":["Moonworks:BrokenBomb","Moonworks:Homemark","Ancient Tea Set","Bottled Flame","Golden Idol","Snecko Eye"],"acts_visited":["Exordium","TheCity"],"potions_floor_usage":[10,10],"damage_taken":[{"damage":5,"enemies":"Small Slimes","floor":1,"turns":4},{"damage":12,"enemies":"2 Louse","floor":2,"turns":3},{"damage":4,"enemies":"Jaw Worm","floor":5,"turns":4},{"damage":9,"enemies":"Blue Slaver","floor":7,"turns":4},{"damage":10,"enemies":"Gremlin Gang","floor":10,"turns":4},{"damage":16,"enemies":"Large Slime","floor":12,"turns":5},{"damage":50,"enemies":"Hexaghost","floor":16,"turns":8},{"damage":0,"enemies":"Shell Parasite","floor":18,"turns":2}],"seed_played":"6003281253633783200","potions_obtained":[{"floor":2,"key":"Swift Potion"},{"floor":7,"key":"Swift Potion"},{"floor":16,"key":"SteroidPotion"}],"is_trial":false,"path_per_floor":["M","M","$","?","M","R","M","R","T","M","R","M","R","?","R","B",null,"M"],"character_chosen":"THE_STARBREAKER","items_purchased":[],"campfire_rested":0,"item_purchase_floors":[],"current_hp_per_floor":[55,43,43,36,32,32,23,23,23,13,13,55,55,55,55,5,56,56,56],"gold":11,"neow_bonus":"THREE_CARDS","is_daily":false,"chose_seed":false,"campfire_upgraded":5,"win_rate":0.0,"timestamp":1611121760,"path_taken":["M","M","$","?","M","R","M","R","T","M","R","M","R","?","R","BOSS","M"],"items_purchased_type":[],"build_version":"2020-12-22","purchased_purges":1,"victory":false,"max_hp_per_floor":[60,60,60,60,60,60,60,60,60,60,60,60,60,56,56,56,56,56,56],"card_choices":[{"not_picked":["Moonworks:EvilSpyWorkPreparation","Moonworks:CastOff"],"picked":"Moonworks:CloudOfSeagulls","floor":0},{"not_picked":["Moonworks:LulusLuckyEgg","Moonworks:NicePresent"],"picked":"Moonworks:CloudOfSeagulls","floor":1},{"not_picked":["Moonworks:CastOff","Moonworks:LuckyCharm","Moonworks:Bloodlust"],"picked":"SKIP","floor":2},{"not_picked":["Moonworks:LulusLuckyEgg","Moonworks:AwakeningOfTalent"],"picked":"Moonworks:JonathanRush","floor":5},{"not_picked":["Moonworks:DeployBits","Moonworks:ImOnFire"],"picked":"Moonworks:CloudOfSeagulls","floor":7},{"not_picked":["Moonworks:Assault","Moonworks:BigBangBell"],"picked":"Moonworks:JonathanRush","floor":10},{"not_picked":["Moonworks:FinalSurgery","Moonworks:GoAway"],"picked":"Moonworks:CloudOfSeagulls","floor":12},{"not_picked":["Moonworks:MetallicMonocoque","Moonworks:AnotherUltimateWeapon"],"picked":"Moonworks:Accelerator","floor":16}],"player_experience":71814,"relics_obtained":[{"floor":9,"key":"Bottled Flame"}],"event_choices":[{"damage_healed":0,"gold_gain":0,"player_choice":"Success","damage_taken":7,"relics_obtained":["Ancient Tea Set"],"max_hp_gain":0,"max_hp_loss":0,"event_name":"Scrap Ooze","floor":4,"gold_loss":0},{"damage_healed":0,"gold_gain":0,"player_choice":"Lose Max HP","damage_taken":0,"relics_obtained":["Golden Idol"],"max_hp_gain":0,"max_hp_loss":4,"event_name":"Golden Idol","floor":14,"gold_loss":0}],"is_beta":false,"boss_relics":[{"not_picked":["Sozu","Fusion Hammer"],"picked":"Snecko Eye"}],"items_purged_floors":[3],"is_endless":false,"potions_floor_spawned":[2,7,16],"killed_by":"Shell Parasite","ascension_level":0}}