{"host":"x205naxbihvu3p76","time":1611117728,"event":{"mods":["AchievementEnabler","BaseMod","Minty Spire (QoL Compilation)","StSLib","SuperFastMode"],"gold_per_floor":[112,32,107,107,120,149,149,181,205,215,234,234,47,58,58,136,136,152,21,38,38,38],"floor_reached":21,"language":"KOR","playtime":352,"items_purged":["Strike_B","Strike_B"],"score":428,"play_id":"fb8dcd14-51a6-416b-966a-05cbf96b584e","local_time":"20210120134208","is_ascension_mode":true,"campfire_choices":[{"data":"Zap","floor":7,"key":"SMITH"},{"floor":12,"key":"REST"},{"data":"Dualcast","floor":15,"key":"SMITH"}],"circlet_count":0,"master_deck":["AscendersBane","Strike_B","Strike_B","Defend_B","Defend_B","Defend_B","Defend_B","Zap+1","Dualcast+1","Doom and Gloom","FTL","Compile Driver","Cold Snap","Cold Snap","Echo Form","Tempest","Self Repair","Turbo"],"relics":["Cracked Core","NeowsBlessing","Smiling Mask","The Courier","Bag of Preparation","Inserter"],"acts_visited":["Exordium","TheCity"],"potions_floor_usage":[16],"damage_taken":[{"damage":0,"enemies":"Jaw Worm","floor":1,"turns":1},{"damage":0,"enemies":"2 Louse","floor":5,"turns":1},{"damage":0,"enemies":"Lagavulin","floor":6,"turns":1},{"damage":32,"enemies":"Gremlin Nob","floor":8,"turns":4},{"damage":0,"enemies":"Small Slimes","floor":10,"turns":2},{"damage":4,"enemies":"Red Slaver","floor":11,"turns":3},{"damage":6,"enemies":"Blue Slaver","floor":14,"turns":3},{"damage":50,"enemies":"Hexaghost","floor":16,"turns":10},{"damage":30,"enemies":"Shell Parasite","floor":18,"turns":6},{"damage":16,"enemies":"Spheric Guardian","floor":20,"turns":5},{"damage":16,"enemies":"Cultist and Chosen","floor":21,"turns":3}],"seed_played":"-2246757213991951761","potions_obtained":[{"floor":8,"key":"AttackPotion"},{"floor":11,"key":"AttackPotion"},{"floor":14,"key":"FairyPotion"}],"is_trial":false,"path_per_floor":["M","$","?","?","M","E","R","E","T","M","M","R","$","M","R","B",null,"M","$","M","M"],"character_chosen":"DEFECT","items_purchased":["Doom and Gloom","Echo Form","Self Repair","Turbo"],"campfire_rested":1,"item_purchase_floors":[2,13,19,19],"current_hp_per_floor":[64,64,53,58,58,58,58,26,26,26,22,44,44,38,38,10,60,30,30,14,0,0],"gold":38,"neow_bonus":"THREE_ENEMY_KILL","is_daily":false,"chose_seed":false,"campfire_upgraded":2,"win_rate":0.0,"timestamp":1611117728,"path_taken":["M","$","?","?","M","E","R","E","T","M","M","R","?","?","R","BOSS","M","$","M","M"],"items_purchased_type":["Card","Card","Card","Card"],"build_version":"2020-12-22","purchased_purges":2,"victory":false,"max_hp_per_floor":[71,71,71,76,76,76,76,76,76,76,76,76,76,76,76,76,76,76,76,76,76,76],"card_choices":[{"not_picked":["Steam","Turbo","Hologram"],"picked":"SKIP","floor":1},{"not_picked":["Streamline","Hologram"],"picked":"FTL","floor":5},{"not_picked":["Turbo","Coolheaded","Beam Cell"],"picked":"SKIP","floor":6},{"not_picked":["Hologram","Fission"],"picked":"Compile Driver","floor":8},{"not_picked":["Sweeping Beam","Turbo"],"picked":"Cold Snap","floor":10},{"not_picked":["Aggregate","Barrage"],"picked":"Cold Snap","floor":11},{"not_picked":["Gash","Aggregate","Streamline"],"picked":"SKIP","floor":14},{"not_picked":["Lockon","Compile Driver"],"picked":"Tempest","floor":18},{"not_picked":["Reprogram","Redo","Compile Driver"],"picked":"SKIP","floor":20}],"player_experience":984284,"relics_obtained":[{"floor":6,"key":"Smiling Mask"},{"floor":8,"key":"The Courier"},{"floor":9,"key":"Bag of Preparation"}],"event_choices":[{"damage_healed":0,"gold_gain":75,"player_choice":"Gather Gold","damage_taken":11,"max_hp_gain":0,"max_hp_loss":0,"event_name":"World of Goop","floor":3,"gold_loss":0},{"damage_healed":0,"gold_gain":0,"player_choice":"Donut","damage_taken":0,"max_hp_gain":5,"max_hp_loss":0,"event_name":"Big Fish","floor":4,"gold_loss":0}],"is_beta":false,"boss_relics":[{"not_picked":["Runic Dome","Coffee Dripper"],"picked":"Inserter"}],"items_purged_floors":[13,19],"is_endless":false,"potions_floor_spawned":[8,11,14],"killed_by":"Cultist and Chosen","ascension_level":20}}