{"host":"j4g6ia6asvpyu2b0","time":1611186650,"event":{"mods":["BaseMod","Colored Map","Minty Spire (QoL Compilation)","Permanent Neow","Quick Restart","Relic Stats","StSLib","Unceasing Turn Reminder"],"gold_per_floor":[110,123,198,208,228,228,253,263,339,372,389,16,43,62,62,62,62],"floor_reached":16,"language":"ENG","playtime":524,"items_purged":[],"score":205,"play_id":"2d74ec76-b484-41e4-a90e-7bf6bf2cf4e4","local_time":"20210120165050","is_ascension_mode":true,"campfire_choices":[{"data":"Crippling Poison","floor":6,"key":"SMITH"},{"data":"Noxious Fumes","floor":15,"key":"SMITH"}],"circlet_count":0,"master_deck":["AscendersBane","Strike_G","Strike_G","Strike_G","Strike_G","Strike_G","Defend_G","Defend_G","Defend_G","Defend_G","Defend_G","Survivor","Neutralize","Crippling Poison+1","Blur","Blade Dance","Tactician","Infinite Blades","Skewer","Well Laid Plans","Deadly Poison","Noxious Fumes+1","Dagger Spray"],"relics":["Philosopher\u0027s Stone","Centennial Puzzle","Mercury Hourglass","WingedGreaves","Gambling Chip","Vajra"],"acts_visited":["Exordium"],"potions_floor_usage":[7,7,10,13,13,13],"damage_taken":[{"damage":8,"enemies":"Small Slimes","floor":1,"turns":5},{"damage":1,"enemies":"2 Louse","floor":2,"turns":2},{"damage":0,"enemies":"Cultist","floor":4,"turns":4},{"damage":2,"enemies":"2 Fungi Beasts","floor":5,"turns":4},{"damage":3,"enemies":"Lagavulin","floor":7,"turns":11},{"damage":10,"enemies":"3 Louse","floor":8,"turns":3},{"damage":3,"enemies":"3 Sentries","floor":10,"turns":6},{"damage":2,"enemies":"Exordium Wildlife","floor":11,"turns":2},{"damage":7,"enemies":"Gremlin Nob","floor":13,"turns":3},{"damage":12,"enemies":"Gremlin Gang","floor":14,"turns":3},{"damage":4,"enemies":"Slime Boss","floor":16,"turns":6}],"seed_played":"6399226526778010107","potions_obtained":[{"floor":1,"key":"Weak Potion"},{"floor":2,"key":"SpeedPotion"},{"floor":7,"key":"Fire Potion"},{"floor":11,"key":"EntropicBrew"}],"is_trial":false,"path_per_floor":["M","M","?","M","M","R","E","M","T","E","M","$","E","M","R","B"],"character_chosen":"THE_SILENT","items_purchased":["Noxious Fumes","Gambling Chip"],"campfire_rested":0,"item_purchase_floors":[12,12],"current_hp_per_floor":[55,54,43,43,41,41,38,28,28,25,23,23,16,4,4,0,0],"gold":62,"neow_bonus":"BOSS_RELIC","is_daily":false,"chose_seed":false,"campfire_upgraded":2,"win_rate":0.0,"timestamp":1611186650,"path_taken":["M","M","?","M","M","R","E","M","T","E","M","$","E","M","R","BOSS"],"items_purchased_type":["Card","Relic"],"build_version":"2020-12-22","purchased_purges":0,"victory":false,"max_hp_per_floor":[70,70,70,70,70,70,70,70,70,70,70,70,70,70,70,70,70],"relic_stats":{"Centennial Puzzle":[15],"counters":[11,49],"Gambling Chip":[7],"obtain_stats":[{"Centennial Puzzle":7,"Gambling Chip":12,"Vajra":13,"Philosopher\u0027s Stone":0,"WingedGreaves":10,"Ring of the Snake":0,"Mercury Hourglass":9},{"Centennial Puzzle":5,"Gambling Chip":8,"Vajra":9,"Philosopher\u0027s Stone":0,"WingedGreaves":7,"Ring of the Snake":0,"Mercury Hourglass":6},{"Centennial Puzzle":26,"Gambling Chip":37,"Vajra":40,"Philosopher\u0027s Stone":0,"WingedGreaves":35,"Ring of the Snake":0,"Mercury Hourglass":29}],"Mercury Hourglass":[101]},"card_choices":[{"not_picked":["Concentrate","Dagger Spray"],"picked":"Crippling Poison","floor":1},{"not_picked":["All Out Attack","Deflect"],"picked":"Blur","floor":2},{"not_picked":["Sucker Punch","Backflip"],"picked":"Blade Dance","floor":4},{"not_picked":["Skewer","Dagger Throw"],"picked":"Tactician","floor":5},{"not_picked":["Skewer","Tactician"],"picked":"Infinite Blades","floor":7},{"not_picked":["Sucker Punch","PiercingWail"],"picked":"Skewer","floor":8},{"not_picked":["Heel Hook","Dagger Throw"],"picked":"Well Laid Plans","floor":10},{"not_picked":["Blade Dance","Dodge and Roll"],"picked":"Deadly Poison","floor":11},{"not_picked":["Setup","Unload"],"picked":"Dagger Spray","floor":13},{"not_picked":["Slice","Underhanded Strike","Eviscerate"],"picked":"SKIP","floor":14}],"player_experience":890835,"relics_obtained":[{"floor":7,"key":"Centennial Puzzle"},{"floor":9,"key":"Mercury Hourglass"},{"floor":10,"key":"WingedGreaves"},{"floor":13,"key":"Vajra"}],"event_choices":[{"damage_healed":0,"gold_gain":75,"player_choice":"Gather Gold","damage_taken":11,"max_hp_gain":0,"max_hp_loss":0,"event_name":"World of Goop","floor":3,"gold_loss":0}],"is_beta":false,"boss_relics":[],"items_purged_floors":[],"is_endless":false,"potions_floor_spawned":[1,2,7,11],"killed_by":"Slime Boss","ascension_level":13}}