{"host":"w3q5ijqu8eoknil3","time":1611129665,"event":{"mods":["AchievementEnabler","BaseMod","Block Reminder","Colored Map","Colored Powertips","Curses Come First","Dark Map","Minty Spire (QoL Compilation)","Quick Restart","Relic Stats","StSLib","ojb\u0027s Better Paths Mod","ojb\u0027s Info Mod","slay the spire mod where everything is the same but ironclad has a cowboy hat"],"gold_per_floor":[110,110,122,135,152,152,178,178,202,202,202,69,69,69],"floor_reached":13,"language":"ENG","playtime":291,"items_purged":[],"score":158,"play_id":"d6c69517-f239-4931-98a0-d0edda5aa8ee","local_time":"20210120080105","is_ascension_mode":true,"campfire_choices":[{"data":"Flying Knee","floor":6,"key":"SMITH"},{"data":"Dagger Spray","floor":8,"key":"SMITH"},{"data":"Finisher","floor":10,"key":"SMITH"}],"circlet_count":0,"master_deck":["AscendersBane","Strike_G+1","Strike_G","Strike_G","Strike_G","Strike_G+1","Defend_G","Defend_G","Defend_G","Defend_G","Defend_G","Survivor","Neutralize","Flying Knee+1","Dagger Spray+1","Finisher+1","Acrobatics","Eviscerate","Catalyst","Poisoned Stab"],"relics":["Ring of the Snake","NeowsBlessing","Omamori","Whetstone","Blood Vial"],"acts_visited":["Exordium"],"potions_floor_usage":[7,13],"damage_taken":[{"damage":0,"enemies":"Small Slimes","floor":1,"turns":1},{"damage":0,"enemies":"Jaw Worm","floor":3,"turns":1},{"damage":0,"enemies":"Cultist","floor":4,"turns":1},{"damage":3,"enemies":"Looter","floor":5,"turns":2},{"damage":40,"enemies":"3 Sentries","floor":7,"turns":11},{"damage":32,"enemies":"Lagavulin","floor":13,"turns":6}],"seed_played":"-6785499266667511874","potions_obtained":[{"floor":5,"key":"Dexterity Potion"},{"floor":7,"key":"DistilledChaos"}],"is_trial":false,"path_per_floor":["M","?","M","M","M","R","E","R","T","R","?","$","E"],"character_chosen":"THE_SILENT","items_purchased":["Catalyst","Poisoned Stab"],"campfire_rested":0,"item_purchase_floors":[12,12],"current_hp_per_floor":[59,59,59,59,56,56,16,16,16,16,11,11,0,0],"gold":69,"neow_bonus":"THREE_ENEMY_KILL","is_daily":false,"chose_seed":false,"campfire_upgraded":3,"win_rate":0.0,"timestamp":1611129665,"path_taken":["M","?","M","M","M","R","E","R","T","R","?","$","E"],"items_purchased_type":["Card","Card"],"build_version":"2020-12-22","purchased_purges":0,"victory":false,"max_hp_per_floor":[66,66,66,66,66,66,66,66,66,66,66,66,66,66],"relic_stats":{"Blood Vial":2,"counters":[6,22],"Whetstone":["Strike_G","Strike_G"],"obtain_stats":[{"Blood Vial":11,"NeowsBlessing":0,"Omamori":7,"Whetstone":9,"Ring of the Snake":0},{"Blood Vial":5,"NeowsBlessing":0,"Omamori":5,"Whetstone":5,"Ring of the Snake":0},{"Blood Vial":16,"NeowsBlessing":0,"Omamori":16,"Whetstone":16,"Ring of the Snake":0}],"Ring of the Snake":[12]},"card_choices":[{"not_picked":["Deflect","Dodge and Roll"],"picked":"Flying Knee","floor":1},{"not_picked":["Bane","Dodge and Roll"],"picked":"Dagger Spray","floor":3},{"not_picked":["Outmaneuver","Backflip"],"picked":"Finisher","floor":4},{"not_picked":["Terror","Deflect"],"picked":"Acrobatics","floor":5},{"not_picked":["Concentrate","Noxious Fumes"],"picked":"Eviscerate","floor":7}],"player_experience":999980,"relics_obtained":[{"floor":7,"key":"Omamori"},{"floor":9,"key":"Whetstone"}],"event_choices":[{"damage_healed":0,"gold_gain":0,"player_choice":"Leave","damage_taken":0,"max_hp_gain":0,"max_hp_loss":0,"event_name":"The Cleric","floor":2,"gold_loss":0},{"damage_healed":0,"gold_gain":0,"player_choice":"Success","damage_taken":5,"relics_obtained":["Blood Vial"],"max_hp_gain":0,"max_hp_loss":0,"event_name":"Scrap Ooze","floor":11,"gold_loss":0}],"is_beta":false,"boss_relics":[],"items_purged_floors":[],"is_endless":false,"potions_floor_spawned":[5,7],"killed_by":"Lagavulin","ascension_level":18}}