{"host":"746m694if73h3gai","time":1611139857,"event":{"mods":["2.2 Compatiblity","AchievementEnabler","Act Like it!","BaseMod","Colored Map","Colored Powertips","Minty Spire (QoL Compilation)","Quick Restart","Rare Cards Sparkle","Relic Stats","Replay The Spire","StSLib","Wandering Minibosses","everything is the same but u backflip on backflip","slay the spire mod where everything is the same but ironclad has a cowboy hat"],"gold_per_floor":[114,114,127,143,154,183,183,203,203,203,203],"floor_reached":10,"language":"ENG","playtime":509,"items_purged":[],"score":81,"play_id":"4029cb3f-1ad3-4bc7-8951-2e0e967e1c0f","local_time":"20210120115057","is_ascension_mode":true,"campfire_choices":[{"data":"Venomology","floor":7,"key":"SMITH"}],"circlet_count":1,"master_deck":["Strike_G","Strike_G","Strike_G","Strike_G","Strike_G","Defend_G","Defend_G","Defend_G","Defend_G","Defend_G","Survivor","Neutralize","Specialist","Dagger Throw","Blur","Venomology+1","Dagger Throw"],"relics":["Ring of the Snake","Circlet","Pantograph"],"acts_visited":[],"potions_floor_usage":[6,8,10],"damage_taken":[{"damage":2,"enemies":"Small Slimes","floor":1,"turns":7},{"damage":0,"enemies":"Cultist","floor":3,"turns":3},{"damage":8,"enemies":"2 Louse","floor":4,"turns":4},{"damage":2,"enemies":"Large Slime","floor":5,"turns":8},{"damage":28,"enemies":"Gremlin Nob","floor":6,"turns":5},{"damage":8,"enemies":"Exordium Wildlife","floor":8,"turns":3},{"damage":22,"enemies":"3 Sentries","floor":10,"turns":7}],"seed_played":"5506159522396310402","potions_obtained":[{"floor":2,"key":"LiquidMemories"},{"floor":2,"key":"Doom Potion"},{"floor":2,"key":"SmokeBomb"},{"floor":5,"key":"Strength Potion"}],"is_trial":false,"path_per_floor":["M","?","M","M","M","E","R","M","T","E"],"character_chosen":"THE_SILENT","items_purchased":[],"campfire_rested":0,"item_purchase_floors":[],"current_hp_per_floor":[68,68,68,60,58,30,30,22,22,0,0],"gold":203,"neow_bonus":"RANDOM_COLORLESS","is_daily":false,"chose_seed":false,"campfire_upgraded":1,"win_rate":0.0,"timestamp":1611139857,"path_taken":["M","?","M","?","M","E","R","M","T","E"],"items_purchased_type":[],"build_version":"2020-12-22","purchased_purges":0,"victory":false,"max_hp_per_floor":[70,70,70,70,70,70,70,70,70,70,70],"relic_stats":{"counters":[7,37],"Pantograph":0,"obtain_stats":[{"Pantograph":9,"Circlet":6,"Ring of the Snake":0},{"Pantograph":6,"Circlet":5,"Ring of the Snake":0},{"Pantograph":30,"Circlet":27,"Ring of the Snake":0}],"Ring of the Snake":[14]},"card_choices":[{"not_picked":["Dramatic Entrance","Survey Options"],"picked":"Specialist","floor":0},{"not_picked":["Flying Knee","Quick Slash"],"picked":"Dagger Throw","floor":1},{"not_picked":["Bane","Flying Knee"],"picked":"Blur","floor":3},{"not_picked":["Cloak And Dagger","Prepared","Distraction"],"picked":"SKIP","floor":4},{"not_picked":["Quick Slash","Outmaneuver"],"picked":"Venomology","floor":5},{"not_picked":["Underhanded Strike","Riddle With Holes","Prepared"],"picked":"SKIP","floor":6},{"not_picked":["Riddle With Holes","ReplayTheSpireMod:Tripwire"],"picked":"Dagger Throw","floor":8}],"player_experience":72587,"relics_obtained":[{"floor":6,"key":"Circlet"},{"floor":9,"key":"Pantograph"}],"event_choices":[{"damage_healed":0,"gold_gain":0,"player_choice":"Got Potions","damage_taken":0,"max_hp_gain":0,"max_hp_loss":0,"event_name":"Lab","floor":2,"gold_loss":0}],"is_beta":false,"boss_relics":[],"items_purged_floors":[],"is_endless":false,"potions_floor_spawned":[3,5,8],"killed_by":"3 Sentries","ascension_level":3}}