{"host":"l60rmjjsfi0fipmi","time":1611108501,"event":{"mods":["BaseMod","Colored Map","DeckTracker","Highlight Path","Minty Spire (QoL Compilation)","StSLib","The Cursed","The Servant 0.9.4"],"gold_per_floor":[116,216,228,128,141,141,155,171,244,256,256,282,297,222,222,319,319,259,275,141,240,240,240],"floor_reached":22,"language":"ENG","playtime":1946,"items_purged":["Strike_G","Defend_G"],"score":233,"play_id":"d803d834-f746-4e9f-b062-e0741c36310f","local_time":"20210119210821","is_ascension_mode":true,"campfire_choices":[{"data":"Noxious Fumes","floor":6,"key":"SMITH"},{"floor":15,"key":"REST"}],"circlet_count":0,"master_deck":["Strike_G","Strike_G","Strike_G","Defend_G","Defend_G","Defend_G","Defend_G","Survivor","Neutralize+1","Deadly Poison","Heel Hook","Dodge and Roll","Noxious Fumes+1","Footwork","Prepared+1","Well Laid Plans","Dodge and Roll+1","After Image","Backflip+1","Noxious Fumes"],"relics":["Ring of the Snake","Toxic Egg 2","Lizard Tail","Black Star"],"acts_visited":["Exordium","TheCity"],"potions_floor_usage":[19],"damage_taken":[{"damage":3,"enemies":"Jaw Worm","floor":1,"turns":5},{"damage":0,"enemies":"Cultist","floor":3,"turns":4},{"damage":1,"enemies":"2 Louse","floor":5,"turns":3},{"damage":16,"enemies":"Gremlin Gang","floor":7,"turns":5},{"damage":9,"enemies":"Looter","floor":8,"turns":4},{"damage":4,"enemies":"2 Fungi Beasts","floor":10,"turns":5},{"damage":10,"enemies":"Lagavulin","floor":12,"turns":6},{"damage":7,"enemies":"3 Louse","floor":13,"turns":4},{"damage":3,"enemies":"Hexaghost","floor":16,"turns":12},{"damage":16,"enemies":"2 Thieves","floor":18,"turns":4},{"damage":29,"enemies":"3 Byrds","floor":19,"turns":8},{"damage":85,"enemies":"Cultist and Chosen","floor":22,"turns":6}],"seed_played":"5214085994160264984","potions_obtained":[{"floor":3,"key":"Dexterity Potion"},{"floor":5,"key":"Regen Potion"},{"floor":13,"key":"SpeedPotion"}],"is_trial":false,"path_per_floor":["M","?","M","$","M","R","M","M","T","M","?","E","M","$","R","B",null,"M","M","$","?","M"],"character_chosen":"THE_SILENT","items_purchased":["Dodge and Roll","Noxious Fumes","Noxious Fumes"],"campfire_rested":1,"item_purchase_floors":[4,4,20],"current_hp_per_floor":[67,67,67,67,66,66,50,41,41,37,37,27,20,20,41,38,62,46,31,31,31,0,0],"gold":240,"neow_bonus":"UPGRADE_CARD","is_daily":false,"chose_seed":false,"campfire_upgraded":1,"win_rate":0.0,"timestamp":1611108501,"path_taken":["M","?","M","$","M","R","M","M","T","?","?","E","?","$","R","BOSS","M","M","$","?","M"],"items_purchased_type":["Card","Card","Card"],"build_version":"2020-12-22","purchased_purges":2,"victory":false,"max_hp_per_floor":[70,70,70,70,70,70,70,70,70,70,70,70,70,70,70,70,70,70,70,70,70,70,70],"card_choices":[{"not_picked":["Skewer","Deflect"],"picked":"Deadly Poison","floor":1},{"not_picked":["Underhanded Strike","Bane"],"picked":"Heel Hook","floor":3},{"not_picked":["Sucker Punch","Outmaneuver","Acrobatics"],"picked":"SKIP","floor":5},{"not_picked":["Cloak And Dagger","Underhanded Strike"],"picked":"Footwork","floor":7},{"not_picked":["Outmaneuver","Acrobatics","Flying Knee"],"picked":"SKIP","floor":8},{"not_picked":["Finisher","Sucker Punch"],"picked":"Prepared+1","floor":10},{"not_picked":["Expertise+1","Cloak And Dagger+1"],"picked":"Well Laid Plans","floor":12},{"not_picked":["Unload","Deadly Poison+1"],"picked":"Dodge and Roll+1","floor":13},{"not_picked":["Night Terror+1","Glass Knife"],"picked":"After Image","floor":16},{"not_picked":["Choke","Tactician+1","Backstab"],"picked":"SKIP","floor":18},{"not_picked":["Slice","Blade Dance+1"],"picked":"Backflip+1","floor":19}],"player_experience":505020,"relics_obtained":[{"floor":9,"key":"Toxic Egg 2"},{"floor":12,"key":"Lizard Tail"}],"event_choices":[{"damage_healed":0,"gold_gain":100,"player_choice":"Pray","damage_taken":0,"max_hp_gain":0,"max_hp_loss":0,"event_name":"Golden Shrine","floor":2,"gold_loss":0},{"cards_removed":["Strike_G"],"damage_healed":0,"gold_gain":0,"player_choice":"Offered Basic","damage_taken":0,"max_hp_gain":0,"max_hp_loss":0,"event_name":"Bonfire Elementals","floor":11,"gold_loss":0},{"damage_healed":0,"gold_gain":99,"player_choice":"Stole From Cult","damage_taken":0,"max_hp_gain":0,"max_hp_loss":0,"event_name":"Nest","floor":21,"gold_loss":0}],"is_beta":false,"boss_relics":[{"not_picked":["Snecko Eye","Runic Pyramid"],"picked":"Black Star"}],"items_purged_floors":[14,20],"is_endless":false,"potions_floor_spawned":[3,5,13,16],"killed_by":"Cultist and Chosen","ascension_level":5}}