{"host":"zxd2l8an9de7z7b9","time":1611130037,"event":{"mods":["100% Spire Juice","2.2 Compatiblity","Arknights The Spire","BaseMod","CapriCore","Colored Map","Colored Powertips","GungeonMod","Minty Spire (QoL Compilation)","Rare Cards Sparkle","Replay The Spire","StSLib","SuperFastMode"],"gold_per_floor":[110,110,130,55,130,159,159,174,174,174,184,209,33,49,49,49,49],"floor_reached":16,"language":"KOR","playtime":664,"items_purged":["ats:Strike G","ats:Strike V"],"score":135,"play_id":"fc17da91-0e66-4a67-ad17-e4d983db2fca","local_time":"20210120170717","is_ascension_mode":false,"campfire_choices":[{"data":"ats:Emotion Absorption","floor":7.0,"key":"SMITH"},{"data":"ats:Armor Crushing Shot","floor":10.0,"key":"SMITH"},{"data":"ats:Shell Defense","floor":15.0,"key":"SMITH"}],"circlet_count":0,"master_deck":["ats:Strike C","ats:Strike S","ats:Armor Crushing Shot+1","ats:Defend","ats:Defend","ats:Defend","ats:Defend","ats:Emotion Absorption+1","ats:Explosion Area Strengthen+1","ats:Spore Proliferation","ats:Disruption Kick","ats:Hammer On","ats:Beaten Up","ats:Shell Defense+1","ats:Wolf Pack","ats:Healing Strengthening"],"relics":["ats:Sanity","NeowsBlessing","ats:Originium","Mercury Hourglass","ats:Military Tradition","Gremlin Food"],"acts_visited":["Exordium"],"potions_floor_usage":[],"damage_taken":[{"damage":0.0,"enemies":"2 Louse","floor":1.0,"turns":1.0},{"damage":0.0,"enemies":"Small Slimes","floor":3.0,"turns":1.0},{"damage":0.0,"enemies":"Gremlin Nob","floor":6.0,"turns":1.0},{"damage":0.0,"enemies":"Cultist","floor":8.0,"turns":5.0},{"damage":1.0,"enemies":"Looter","floor":11.0,"turns":2.0},{"damage":14.0,"enemies":"Lagavulin","floor":12.0,"turns":5.0},{"damage":0.0,"enemies":"3 Louse","floor":14.0,"turns":1.0},{"damage":58,"enemies":"The Guardian","floor":16,"turns":16}],"seed_played":"5045376879109621168","potions_obtained":[{"floor":1.0,"key":"BlessingOfTheForge"},{"floor":11.0,"key":"BlessingOfTheForge"}],"is_trial":false,"path_per_floor":["M","?","M","$","?","E","R","M","T","R","M","E","$","M","R","B"],"character_chosen":"DOCTOR_CLASS","items_purchased":["ats:Wolf Pack"],"campfire_rested":0,"item_purchase_floors":[13],"current_hp_per_floor":[72,72,72,72,65,65,65,65,65,65,64,50,50,50,50,11,11],"gold":49,"neow_bonus":"THREE_ENEMY_KILL","is_daily":false,"chose_seed":false,"campfire_upgraded":3,"win_rate":0.0,"timestamp":1611130037,"path_taken":["M","?","M","$","?","E","R","M","T","R","?","E","$","M","R","BOSS"],"items_purchased_type":["Card"],"build_version":"2020-12-22","purchased_purges":2,"victory":false,"max_hp_per_floor":[72,72,72,72,72,72,72,72,72,72,72,72,72,72,72,72,72],"card_choices":[{"not_picked":["ats:Poison Spread","ats:Leaping Hammer"],"picked":"ats:Explosion Area Strengthen","floor":1.0},{"not_picked":["ats:Explosion Area Strengthen","ats:Volcano"],"picked":"ats:Spore Proliferation","floor":3.0},{"not_picked":["ats:Volcano","ats:Support Order"],"picked":"ats:Disruption Kick","floor":6.0},{"not_picked":["ats:Revitalization","ats:Leaping Hammer"],"picked":"ats:Hammer On","floor":8.0},{"not_picked":["ats:Poison Spread","ats:Childhood Dance"],"picked":"ats:Beaten Up","floor":11.0},{"not_picked":["ats:Healing Drone","ats:Spore Proliferation"],"picked":"ats:Shell Defense","floor":12.0},{"not_picked":["ats:Explosion Area Strengthen","ats:Flexible Camouflage"],"picked":"ats:Healing Strengthening","floor":14.0}],"player_experience":342631,"relics_obtained":[{"floor":6.0,"key":"ats:Originium"},{"floor":6.0,"key":"Mercury Hourglass"},{"floor":9.0,"key":"ats:Military Tradition"},{"floor":12.0,"key":"ats:Originium"},{"floor":12.0,"key":"Gremlin Food"}],"event_choices":[{"damage_healed":0.0,"max_hp_gain":0.0,"max_hp_loss":0.0,"gold_gain":75.0,"event_name":"FaceTrader","player_choice":"Touch","floor":5.0,"gold_loss":0.0,"damage_taken":7.0}],"is_beta":false,"boss_relics":[],"items_purged_floors":[4,13],"is_endless":false,"potions_floor_spawned":[1,11],"killed_by":"The Guardian","ascension_level":0}}