{"host":"9jkzatiwan7o33sr","time":1611104858,"event":{"mods":["A Magickal Journey","AchievementEnabler","Act Like it!","Aspiration","BaseMod","Colored Map","Colored Powertips","Conspire","Downfall","Duelist Mod","GifTheSpireLib","Hallownest","Hermit","Hubris","Infinite Spire","Marisa????????","Mimic Mod","Minty Spire (QoL Compilation)","StSLib","Stuff the Spire","Td1madao Mod","The Animator","The Bug Knight","The Construct","The Cursed","The Disciple","The Elementalist","The Factory","The Hierophant","The Jungle","The Mystic","The Necromancer","The Poker Player","The Runesmith","The Servant 0.9.4","The Witch","[IsaacMod]????"],"gold_per_floor":[118,137,156,20,11,11,11,11],"floor_reached":7,"language":"ENG","playtime":861,"items_purged":[],"score":43,"play_id":"5773d0fe-1ca0-48f8-a284-47078c050f87","local_time":"20210120020738","is_ascension_mode":false,"campfire_choices":[{"data":"Zap","floor":6,"key":"SMITH"}],"circlet_count":0,"master_deck":["Strike_B","Strike_B","Strike_B","Strike_B","Defend_B","Defend_B","Defend_B","Defend_B","Zap+1","Dualcast","Echo Form","Sweeping Beam","Pulse","Doom and Gloom","Self Repair","Coolheaded","Beam Cell"],"relics":["Cracked Core","HushsDoor","SteamSale","infinitespire:Freezer"],"acts_visited":["Exordium"],"potions_floor_usage":[],"damage_taken":[{"damage":1,"enemies":"Cultist","floor":1,"turns":3},{"damage":6,"enemies":"Jaw Worm","floor":2,"turns":4},{"damage":7,"enemies":"conspire:RoseBush","floor":3,"turns":4},{"damage":15,"enemies":"Exordium Thugs","floor":5,"turns":5},{"damage":11,"enemies":"Gremlin Nob","floor":7,"turns":3}],"seed_played":"1892338015239588366","potions_obtained":[{"floor":2,"key":"DistilledChaos"},{"floor":3,"key":"Ancient Potion"}],"is_trial":false,"path_per_floor":["M","M","M","$","M","R","E"],"character_chosen":"DEFECT","items_purchased":["infinitespire:Freezer","Self Repair","Coolheaded"],"campfire_rested":0,"item_purchase_floors":[4,4,4],"current_hp_per_floor":[74,68,61,61,53,53,42,42],"gold":11,"neow_bonus":"ONE_RANDOM_RARE_CARD","is_daily":false,"chose_seed":false,"campfire_upgraded":1,"win_rate":0.0,"timestamp":1611104858,"path_taken":["M","?","M","$","M","R","E"],"items_purchased_type":["Relic","Card","Card"],"build_version":"2020-12-22","purchased_purges":0,"victory":false,"max_hp_per_floor":[75,75,75,75,75,75,75,75],"card_choices":[{"not_picked":["Steam","BootSequence"],"picked":"Sweeping Beam","floor":1},{"not_picked":["Leap","Compile Driver"],"picked":"Pulse","floor":2},{"not_picked":["Gash","Rebound"],"picked":"Doom and Gloom","floor":3},{"not_picked":["StuffTheSpire:Rend","hubris:SpecializedCircuitry"],"picked":"Beam Cell","floor":5}],"player_experience":589494,"relics_obtained":[],"event_choices":[],"is_beta":false,"boss_relics":[],"items_purged_floors":[],"is_endless":false,"potions_floor_spawned":[2,3],"killed_by":"Gremlin Nob","ascension_level":0}}