{"host":"t7mx8yfj1no5p62f","time":1611110631,"event":{"mods":["BaseMod","Bestiary","Colored Map","Colored Powertips","Minty Spire (QoL Compilation)","Relic Stats","StSLib","ojb\u0027s Info Mod"],"gold_per_floor":[113,123,143,163,180,180,192,192,192],"floor_reached":8,"language":"ENG","playtime":354,"items_purged":[],"score":104,"play_id":"9ba7d094-3068-4e0e-beff-c4be05b78582","local_time":"20210119214351","is_ascension_mode":true,"campfire_choices":[{"data":"Zap","floor":6,"key":"SMITH"}],"circlet_count":0,"master_deck":["AscendersBane","Strike_B","Strike_B","Strike_B","Strike_B","Defend_B","Defend_B","Defend_B","Defend_B","Zap+1","Dualcast","Scrape","Chill","Cold Snap","Gash","Hello World","Gash"],"relics":["SlaversCollar"],"acts_visited":["Exordium"],"potions_floor_usage":[5],"damage_taken":[{"damage":1,"enemies":"Cultist","floor":1,"turns":3},{"damage":8,"enemies":"Small Slimes","floor":2,"turns":3},{"damage":2,"enemies":"2 Louse","floor":3,"turns":4},{"damage":12,"enemies":"Looter","floor":4,"turns":4},{"damage":14,"enemies":"Lots of Slimes","floor":5,"turns":5},{"damage":8,"enemies":"Blue Slaver","floor":7,"turns":3},{"damage":36,"enemies":"Gremlin Nob","floor":8,"turns":3}],"seed_played":"5631812041185053325","potions_obtained":[{"floor":1,"key":"LiquidBronze"},{"floor":3,"key":"FearPotion"},{"floor":7,"key":"SpeedPotion"}],"is_trial":false,"path_per_floor":["M","M","M","M","M","R","M","E"],"character_chosen":"DEFECT","items_purchased":[],"campfire_rested":0,"item_purchase_floors":[],"current_hp_per_floor":[63,55,53,41,27,27,19,0,0],"gold":192,"neow_bonus":"BOSS_RELIC","is_daily":false,"chose_seed":false,"campfire_upgraded":1,"win_rate":0.0,"timestamp":1611110631,"path_taken":["M","M","?","M","M","R","M","E"],"items_purchased_type":[],"build_version":"2020-12-22","purchased_purges":0,"victory":false,"max_hp_per_floor":[71,71,71,71,71,71,71,71,71],"relic_stats":{"counters":[7,25],"obtain_stats":[{"SlaversCollar":0,"Cracked Core":0},{"SlaversCollar":0,"Cracked Core":0},{"SlaversCollar":0,"Cracked Core":0}]},"card_choices":[{"not_picked":["Double Energy","Go for the Eyes"],"picked":"Scrape","floor":1},{"not_picked":["Coolheaded","Turbo"],"picked":"Chill","floor":2},{"not_picked":["Rebound","Compile Driver"],"picked":"Cold Snap","floor":3},{"not_picked":["Darkness","Cold Snap"],"picked":"Gash","floor":4},{"not_picked":["Darkness","Auto Shields"],"picked":"Hello World","floor":5},{"not_picked":["Conserve Battery","Reinforced Body"],"picked":"Gash","floor":7}],"player_experience":1794170,"relics_obtained":[],"event_choices":[],"is_beta":false,"boss_relics":[],"items_purged_floors":[],"is_endless":false,"potions_floor_spawned":[1,3,7],"killed_by":"Gremlin Nob","ascension_level":20}}