{"host":"f7rb14kzcw8hx1r1","time":1611161125,"event":{"mods":["BaseMod","Better Note","Better Third Choice","Colored Map","Highlight Path","Hubris","Minty Spire (QoL Compilation)","Replay The Spire","StSLib","The Forsaken"],"gold_per_floor":[113,12,22,39,114,142,156,156,156,156,189,189,208,29,29,129,129,145,145,60,79,51,82,82,93,93,93,14,14,14,25,25,120,120,134,151,196,196,19,19,33,33,33,33,47,47,47,64,64,64],"floor_reached":51,"language":"ENG","playtime":1545,"items_purged":["Strike_G","Strike_G","hubris:Despair"],"score":698,"play_id":"55e59559-4019-4c5b-8d56-c6cb45eb88bc","local_time":"20210120174525","is_ascension_mode":false,"campfire_choices":[{"data":"Neutralize","floor":8,"key":"SMITH"},{"floor":12,"key":"REST"},{"data":"Bouncing Flask","floor":15,"key":"SMITH"},{"data":"After Image","floor":24,"key":"SMITH"},{"data":"Catalyst","floor":27,"key":"SMITH"},{"data":"Footwork","floor":30,"key":"SMITH"},{"data":"Deadly Poison","floor":32,"key":"SMITH"},{"data":"PiercingWail","floor":40,"key":"SMITH"},{"data":"Footwork","floor":42,"key":"SMITH"},{"floor":47,"key":"REST"},{"floor":49,"key":"REST"}],"circlet_count":0,"master_deck":["Strike_G","Strike_G","Strike_G","Defend_G","Defend_G","Defend_G","Defend_G","Defend_G","Survivor","Neutralize+1","Poisoned Stab","Dagger Spray","PiercingWail","Bouncing Flask+1","Deflect+1","After Image+1","Deadly Poison+1","Panacea+1","Catalyst+1","Footwork+1","Catalyst+1","Hidden Blade+1","Footwork+1","After Image+1","PiercingWail+1"],"relics":["Ring of the Snake","The Specimen","Blue Doll","Mirror","hubris:AncientText","hubris:Backtick","Snake Skull","Nunchaku","Orichalcum","Juzu Bracelet","hubris:Icosahedron","Cursed Key","The Courier","hubris:Towel"],"acts_visited":["Exordium","TheCity","TheBeyond"],"potions_floor_usage":[6,11,11,11,11,16,23,23,33,33,36,45,50,50],"damage_taken":[{"damage":3,"enemies":"2 Louse","floor":1,"turns":3},{"damage":0,"enemies":"Small Slimes","floor":3,"turns":2},{"damage":3,"enemies":"Jaw Worm","floor":4,"turns":4},{"damage":14,"enemies":"3 Sentries","floor":6,"turns":10},{"damage":12,"enemies":"Exordium Wildlife","floor":7,"turns":6},{"damage":16,"enemies":"Gremlin Nob","floor":11,"turns":4},{"damage":0,"enemies":"3 Louse","floor":13,"turns":2},{"damage":12,"enemies":"The Guardian","floor":16,"turns":8},{"damage":0,"enemies":"Chosen","floor":18,"turns":5},{"damage":0,"enemies":"Shell Parasite","floor":21,"turns":5},{"damage":11,"enemies":"Gremlin Leader","floor":23,"turns":5},{"damage":4,"enemies":"Centurion and Healer","floor":25,"turns":5},{"damage":2,"enemies":"Snecko","floor":31,"turns":4},{"damage":8,"enemies":"Automaton","floor":33,"turns":7},{"damage":3,"enemies":"3 Shapes","floor":35,"turns":4},{"damage":3,"enemies":"Orb Walker","floor":36,"turns":4},{"damage":11,"enemies":"Jaw Worm Horde","floor":41,"turns":4},{"damage":31,"enemies":"4 Shapes","floor":45,"turns":5},{"damage":40,"enemies":"Sphere and 2 Shapes","floor":48,"turns":7},{"damage":22,"enemies":"Time Eater","floor":50,"turns":5}],"seed_played":"3238734026688316614","potions_obtained":[{"floor":1,"key":"ColorlessPotion"},{"floor":3,"key":"Fire Potion"},{"floor":6,"key":"SpeedPotion"},{"floor":13,"key":"CultistPotion"},{"floor":21,"key":"SkillPotion"},{"floor":23,"key":"CunningPotion"},{"floor":25,"key":"Swift Potion"},{"floor":41,"key":"Regen Potion"},{"floor":45,"key":"Strength Potion"}],"is_trial":false,"path_per_floor":["M","$","M","M","?","E","M","R","T","?","E","R","M","$","R","B",null,"M","?","?","M","$","E","R","M","T","R","$","?","R","M","R","B",null,"M","M","?","?","$","R","M","R","T","?","M","?","R","M","R","B",null],"character_chosen":"THE_SILENT","items_purchased":["Dagger Spray","Deflect+1","SkillPotion","Footwork","Venom Potion","ColorlessPotion","PiercingWail"],"campfire_rested":3,"item_purchase_floors":[2,14,14,22,28,39,39],"current_hp_per_floor":[60,60,60,57,46,32,20,20,20,20,4,22,22,22,22,10,63,63,63,63,63,63,52,52,48,48,48,48,48,48,46,46,38,63,60,57,57,57,57,57,46,46,46,46,15,15,33,25,43,36],"gold":64,"neow_bonus":"ONE_RARE_RELIC","is_daily":false,"chose_seed":false,"campfire_upgraded":8,"win_rate":0.0,"timestamp":1611161125,"path_taken":["M","$","M","M","?","E","M","R","T","?","E","R","M","$","R","BOSS","M","?","?","?","$","E","R","M","T","R","$","?","R","M","R","BOSS","M","M","?","?","$","R","M","R","T","?","M","?","R","M","R","BOSS"],"items_purchased_type":["Card","Card","Potion","Card","Potion","Potion","Card"],"build_version":"2020-12-22","purchased_purges":3,"victory":true,"max_hp_per_floor":[63,63,63,63,63,63,63,63,63,63,63,63,63,63,63,63,63,63,63,63,63,63,63,63,63,63,63,63,63,63,63,63,63,63,63,63,63,63,63,63,63,63,63,63,63,63,63,63,63,63],"card_choices":[{"not_picked":["Eviscerate","Backflip"],"picked":"Poisoned Stab","floor":1},{"not_picked":["Distraction","Skewer"],"picked":"PiercingWail","floor":3},{"not_picked":["Outmaneuver","Well Laid Plans","Dodge and Roll"],"picked":"SKIP","floor":4},{"not_picked":["Endless Agony","Terror","Riddle With Holes"],"picked":"SKIP","floor":6},{"not_picked":["Flechettes","Bane"],"picked":"Bouncing Flask","floor":7},{"not_picked":["Escape Plan","Dash","Blade Dance"],"picked":"SKIP","floor":11},{"not_picked":["Accuracy","Sucker Punch","Blade Dance"],"picked":"SKIP","floor":13},{"not_picked":["Night Terror","Poison Darts"],"picked":"After Image","floor":16},{"not_picked":["Underhanded Strike","Heel Hook+1"],"picked":"Deadly Poison","floor":18},{"not_picked":["hubris:Sniper+1","Setup"],"picked":"Catalyst","floor":21},{"not_picked":["Bane+1","ReplayTheSpireMod:Tripwire"],"picked":"Catalyst+1","floor":23},{"not_picked":["Prepared","Underhanded Strike"],"picked":"Hidden Blade+1","floor":25},{"not_picked":["Backflip","Reflex+1","Cloak And Dagger"],"picked":"SKIP","floor":31},{"not_picked":["Dodge and Roll","Toxin Wave+1","Sucker Punch+1"],"picked":"SKIP","floor":35},{"not_picked":["Quick Slash","Reflex","Cloak And Dagger+1"],"picked":"SKIP","floor":36},{"not_picked":["Terror","Accuracy"],"picked":"Footwork","floor":37},{"not_picked":["hubris:TrickCloak","Flechettes+1","All Out Attack"],"picked":"SKIP","floor":41},{"not_picked":["Footwork","Backstab","Blade Dance"],"picked":"SKIP","floor":45},{"not_picked":["Eviscerate","hubris:TrickCloak","Prepared"],"picked":"SKIP","floor":48}],"player_experience":921287,"relics_obtained":[{"floor":6,"key":"Blue Doll"},{"floor":9,"key":"Mirror"},{"floor":11,"key":"hubris:AncientText"},{"floor":23,"key":"Orichalcum"},{"floor":26,"key":"Juzu Bracelet"},{"floor":37,"key":"The Courier"}],"event_choices":[{"damage_healed":0,"gold_gain":75,"player_choice":"Gold","damage_taken":11,"max_hp_gain":0,"max_hp_loss":0,"event_name":"betterThird:BetterGoop","floor":5,"gold_loss":0},{"cards_removed":["After Image"],"damage_healed":0,"gold_gain":0,"player_choice":"Take \u0026 Give","damage_taken":0,"max_hp_gain":0,"max_hp_loss":0,"event_name":"betterNote:BetterNote","floor":19,"gold_loss":0,"cards_obtained":["Panacea"]},{"damage_healed":0,"gold_gain":0,"player_choice":"Obtained Relic","damage_taken":0,"relics_obtained":["Nunchaku"],"max_hp_gain":0,"max_hp_loss":0,"event_name":"Addict","floor":20,"gold_loss":85},{"damage_healed":0,"gold_gain":0,"player_choice":"Copied","damage_taken":0,"max_hp_gain":0,"max_hp_loss":0,"event_name":"Duplicator","floor":38,"gold_loss":0,"cards_obtained":["After Image"]},{"damage_healed":0,"gold_gain":0,"player_choice":"Ignored","damage_taken":0,"max_hp_gain":0,"max_hp_loss":0,"event_name":"Mysterious Sphere","floor":44,"gold_loss":0}],"is_beta":false,"boss_relics":[{"not_picked":["ReplayTheSpireMod:DimensionalGlitch","Honey Jar"],"picked":"hubris:Backtick"},{"not_picked":["Ring of the Serpent","HoveringKite"],"picked":"Cursed Key"}],"items_purged_floors":[2,14,39],"is_endless":false,"potions_floor_spawned":[1,3,6,13,21,23,25,41,45],"ascension_level":0}}