{"host":"usru02jcpe2a942d","time":1611136324,"event":{"mods":["Act Like it!","Ascension Reborn","BaseMod","Colored Powertips","Downfall","GifTheSpireLib","Highlight Path","Minty Spire (QoL Compilation)","MostiFishMod","Quick Restart","Relic Stats","RumiaBox-露米娅的神秘盒子","StSLib","Waifu the Spire","noobMod","篝火指南"],"gold_per_floor":[99,119,143,157,157,1,1,35,111,123,140,317,217,217,241,356,356,356,379,379,499,519,541,599,622,639,639,639,639,347,379,397,513,513,513,513,529,663,690,704,749,573,619,655,669,721,867,724,746,746],"floor_reached":51,"language":"ZHS","playtime":1966,"items_purged":["downfall:Malfunctioning","hexamod:Strike+1","hexamod:Strike+1","Pain","Decay"],"score":200,"play_id":"f60b42fa-5607-4eef-85af-562af33ca2d8","local_time":"20210120175204","is_ascension_mode":true,"campfire_choices":[{"floor":1,"key":"RECALL"},{"data":"MostiFishMod:Kaleido","floor":13,"key":"SMITH"},{"data":"hexamod:SearingWound","floor":18,"key":"SMITH"},{"data":"J.A.X.","floor":27,"key":"SMITH"},{"data":"expansioncontent:DashGenerateEvil","floor":35,"key":"SMITH"}],"circlet_count":0,"master_deck":["hexamod:Strike+1","hexamod:Defend+1","hexamod:Defend+1","hexamod:Defend+1","hexamod:Sear+1","hexamod:Float+1","hexamod:Incineration+1","hexamod:SpectralSpark","hexamod:TimeOfNeed","hexamod:SwordOfDarkness+1","hexamod:Toasty+1","MostiFishMod:Kaleido+1","hexamod:SearingWound+1","hexamod:FlamesFromBeyond+1","hexamod:GiftsFromTheDead","hexamod:StepThrough+1","J.A.X.+1","hexamod:SoulSteal+1","expansioncontent:DashGenerateEvil+1","Normality","Decay","Normality","MostiFishMod:StoryBook","hexamod:EmpoweredFlame+1"],"relics":["hexamod:SpiritBrand","DaveBox","ice","ShadowXiaoBlade","downfall:HeartBlessingRed","Anchor","Blue Candle","Smiling Mask","downfall:HeartBlessingGreen","downfall:ShatteredFragment","CaptainsWheel","RhineSuit","MutagenicStrength","Tiny Chest","downfall:RedIOU","ZombieArmy","GodSword7","Boot","ArrowTower","Busted Crown","StrikeDummy","Ccalipers","MawBank","Darkstone Periapt","MagicDraw4","Omamori","Happy Flower","Potion Belt","Toy Ornithopter","downfall:TeleportStone","Torii","Whetstone","MagicDraw3"],"acts_visited":["Exordium","TheCity","TheBeyond"],"potions_floor_usage":[9,10,12,12,12,16,19,19,47,47,50,50,50,50,50,50,50],"damage_taken":[{"damage":0,"enemies":"Jaw Worm","floor":2,"turns":2},{"damage":0,"enemies":"2 Louse","floor":3,"turns":2},{"damage":0,"enemies":"Small Slimes","floor":4,"turns":2},{"damage":0,"enemies":"Gremlin Nob","floor":8,"turns":2},{"damage":0,"enemies":"Lagavulin Event","floor":9,"turns":2},{"damage":0,"enemies":"Exordium Thugs","floor":10,"turns":2},{"damage":0,"enemies":"Gremlin Gang","floor":11,"turns":2},{"damage":0,"enemies":"downfall:FleeingMerchant","floor":12,"turns":4},{"damage":0,"enemies":"Exordium Wildlife","floor":15,"turns":1},{"damage":3,"enemies":"SI_SHIV_ARCHETYPE","floor":16,"turns":3},{"damage":0,"enemies":"Spheric Guardian","floor":19,"turns":1},{"damage":0,"enemies":"downfall:Augmenter","floor":21,"turns":3},{"damage":0,"enemies":"Shelled Parasite and Fungi","floor":22,"turns":1},{"damage":3,"enemies":"Chosen and Byrds","floor":23,"turns":2},{"damage":6,"enemies":"3 Cultists","floor":25,"turns":3},{"damage":0,"enemies":"Snake Plant","floor":26,"turns":1},{"damage":0,"enemies":"Centurion and Healer","floor":32,"turns":2},{"damage":8,"enemies":"DF_ARCHETYPE_CLAW","floor":33,"turns":3},{"damage":4,"enemies":"3 Shapes","floor":37,"turns":2},{"damage":1,"enemies":"Orb Walker","floor":39,"turns":2},{"damage":0,"enemies":"4 Shapes","floor":44,"turns":1},{"damage":2,"enemies":"Nemesis","floor":46,"turns":2},{"damage":2,"enemies":"Transient","floor":47,"turns":5},{"damage":0,"enemies":"Spire Growth","floor":49,"turns":2},{"damage":10,"enemies":"WA_ARCHETYPE_DIVINITY","floor":50,"turns":2}],"seed_played":"2324179036108719544","potions_obtained":[{"floor":2,"key":"ColorlessPotion"},{"floor":2,"key":"Swift Potion"},{"floor":3,"key":"Weak Potion"},{"floor":4,"key":"Fire Potion"},{"floor":9,"key":"EssenceOfSteel"},{"floor":10,"key":"Dexterity Potion"},{"floor":10,"key":"champ:CounterPotion"},{"floor":12,"key":"SpeedPotion"},{"floor":15,"key":"SpeedPotion"},{"floor":15,"key":"Guardian:BlockOnCardUsePotion"},{"floor":16,"key":"Swift Potion"},{"floor":19,"key":"Fruit Juice"},{"floor":19,"key":"FairyPotion"},{"floor":22,"key":"Slimebound:ThreeZeroPotion"},{"floor":22,"key":"Dexterity Potion"},{"floor":25,"key":"EntropicBrew"},{"floor":26,"key":"DuplicationPotion"},{"floor":44,"key":"champ:CounterPotion"},{"floor":44,"key":"bronze:BurnAndBuffPotion"},{"floor":47,"key":"SmokeBomb"},{"floor":49,"key":"Regen Potion"}],"is_trial":false,"path_per_floor":["R","M","M","M","?","R","T","E","?","M","M","$","R","?","M","B",null,"R","M","?","?","M","M","T","M","M","R","?","?","R","T","M","B",null,"R","?","M","?","M","?","T","R","T","M","?","E","M","$","M","B",null],"character_chosen":"THE_SPIRIT","items_purchased":["MostiFishMod:Kaleido","ZombieArmy","expansioncontent:DashGenerateEvil","MostiFishMod:StoryBook","Whetstone"],"campfire_rested":0,"item_purchase_floors":[12,30,30,42,48],"current_hp_per_floor":[84,84,84,84,84,84,84,84,84,84,84,84,84,63,63,70,91,91,96,77,77,77,74,74,68,68,68,68,68,68,68,68,70,108,108,108,104,143,142,142,142,142,142,143,143,141,141,141,141,149],"gold":746,"neow_bonus":"TEN_PERCENT_HP_BONUS","is_daily":false,"chose_seed":false,"campfire_upgraded":4,"win_rate":0.0,"timestamp":1611136324,"path_taken":["R","M","M","M","?","R","T","E","?","M","M","$","R","?","M","BOSS","R","M","?","?","?","M","T","M","?","R","?","?","R","?","M","BOSS","R","?","M","?","M","?","T","R","?","?","?","E","?","$","M","BOSS"],"items_purchased_type":["Card","Relic","Card","Card","Relic"],"build_version":"2020-12-22","purchased_purges":5,"victory":true,"max_hp_per_floor":[84,84,84,84,84,84,84,84,84,84,84,84,84,84,84,91,91,91,96,101,101,101,101,101,101,101,101,101,101,101,101,101,108,108,108,108,108,143,143,143,143,143,143,143,143,143,143,143,143,150],"relic_stats":{"Darkstone Periapt":30,"Happy Flower":[4],"Torii":0,"counters":[25,54],"Blue Candle":[6],"Whetstone":["hexamod:StepThrough","hexamod:Toasty"],"Smiling Mask":350,"Boot":[4],"MawBank":154,"Busted Crown":12,"Tiny Chest":2,"obtain_stats":[{"Darkstone Periapt":38,"DaveBox":0,"Torii":46,"downfall:HeartBlessingGreen":13,"RhineSuit":17,"downfall:TeleportStone":45,"ice":0,"Whetstone":48,"MagicDraw4":39,"Smiling Mask":9,"Boot":31,"MagicDraw3":49,"Ccalipers":36,"Tiny Chest":24,"downfall:RedIOU":28,"hexamod:SpiritBrand":0,"ZombieArmy":30,"Potion Belt":43,"downfall:ShatteredFragment":14,"downfall:HeartBlessingRed":6,"Happy Flower":41,"Blue Candle":8,"ShadowXiaoBlade":0,"Omamori":41,"MawBank":37,"hexamod:MatchstickCase":24,"Anchor":7,"CaptainsWheel":16,"Busted Crown":34,"MutagenicStrength":21,"GodSword7":31,"ArrowTower":33,"StrikeDummy":36,"Toy Ornithopter":43},{"Darkstone Periapt":19,"DaveBox":0,"Torii":22,"downfall:HeartBlessingGreen":8,"RhineSuit":10,"downfall:TeleportStone":21,"ice":0,"Whetstone":23,"MagicDraw4":20,"Smiling Mask":5,"Boot":16,"MagicDraw3":24,"Ccalipers":18,"Tiny Chest":14,"downfall:RedIOU":16,"hexamod:SpiritBrand":0,"ZombieArmy":16,"Potion Belt":20,"downfall:ShatteredFragment":8,"downfall:HeartBlessingRed":3,"Happy Flower":20,"Blue Candle":4,"ShadowXiaoBlade":0,"Omamori":20,"MawBank":19,"hexamod:MatchstickCase":14,"Anchor":3,"CaptainsWheel":10,"Busted Crown":18,"MutagenicStrength":12,"GodSword7":16,"ArrowTower":18,"StrikeDummy":18,"Toy Ornithopter":20},{"Darkstone Periapt":40,"DaveBox":0,"Torii":45,"downfall:HeartBlessingGreen":18,"RhineSuit":22,"downfall:TeleportStone":43,"ice":0,"Whetstone":50,"MagicDraw4":42,"Smiling Mask":10,"Boot":33,"MagicDraw3":52,"Ccalipers":38,"Tiny Chest":29,"downfall:RedIOU":33,"hexamod:SpiritBrand":0,"ZombieArmy":33,"Potion Belt":42,"downfall:ShatteredFragment":18,"downfall:HeartBlessingRed":6,"Happy Flower":42,"Blue Candle":8,"ShadowXiaoBlade":0,"Omamori":42,"MawBank":40,"hexamod:MatchstickCase":29,"Anchor":6,"CaptainsWheel":22,"Busted Crown":38,"MutagenicStrength":26,"GodSword7":33,"ArrowTower":38,"StrikeDummy":38,"Toy Ornithopter":42}],"Toy Ornithopter":8},"card_choices":[{"not_picked":["hexamod:ThermalTransfer+1","hexamod:StepThrough","hexamod:GhostLash"],"picked":"SKIP","floor":2},{"not_picked":["hexamod:ThermalTransfer","hexamod:Hexaguard+1"],"picked":"hexamod:Incineration","floor":3},{"not_picked":["hexamod:SkipABeat","hexamod:ShieldOfDarkness","hexamod:HauntingEcho"],"picked":"SKIP","floor":4},{"not_picked":["hexamod:ApocalypticArmor","hexamod:RadiantFlame"],"picked":"hexamod:SpectralSpark","floor":8},{"not_picked":["hexamod:ThermalTransfer","hexamod:NightmareGuise+1"],"picked":"hexamod:TimeOfNeed","floor":8},{"not_picked":["hexamod:StepThrough","hexamod:GhostOfSpireFuture+1","hexamod:FastForward+1"],"picked":"SKIP","floor":10},{"not_picked":["hexamod:SkipABeat+1","hexamod:BurningTouch"],"picked":"hexamod:SwordOfDarkness+1","floor":11},{"not_picked":["hexamod:Hexaguard+1","hexamod:ThermalTransfer"],"picked":"hexamod:Toasty","floor":12},{"not_picked":["hexamod:BacktrackSmack+1","hexamod:SwordOfDarkness","hexamod:SkipABeat+1"],"picked":"SKIP","floor":15},{"not_picked":["hexamod:HexaLevel","hexamod:TurnItUp"],"picked":"hexamod:SearingWound","floor":16},{"not_picked":["hexamod:FastForward","hexamod:ShieldOfDarkness"],"picked":"hexamod:FlamesFromBeyond+1","floor":19},{"not_picked":[],"picked":"J.A.X.","floor":21},{"not_picked":["hexamod:FlamesFromBeyond+1","hexamod:RainOfEmbers","hexamod:ThermalTransfer"],"picked":"SKIP","floor":22},{"not_picked":["hexamod:GhostLash+1","hexamod:Firestarter+1","hexamod:SpectralAdrenaline"],"picked":"SKIP","floor":23},{"not_picked":["hexamod:BurningTouch","hexamod:NightmareGuise+1"],"picked":"hexamod:SoulSteal+1","floor":25},{"not_picked":["hexamod:ShieldOfDarkness+1","hexamod:GiftsFromTheDead","hexamod:Firestarter+1"],"picked":"SKIP","floor":26},{"not_picked":["hexamod:Haunt","hexamod:StepThrough","hexamod:FirstSeal"],"picked":"SKIP","floor":32},{"not_picked":["hexamod:BacktrackSmack+1"],"picked":"SKIP","floor":37},{"not_picked":["hexamod:GhostOfSpirePast+1"],"picked":"SKIP","floor":39},{"not_picked":["hexamod:HauntingEcho+1"],"picked":"SKIP","floor":44},{"not_picked":["hexamod:GhostLash+1"],"picked":"SKIP","floor":46},{"not_picked":["hexamod:Firestarter+1"],"picked":"SKIP","floor":47},{"not_picked":[],"picked":"hexamod:EmpoweredFlame+1","floor":49}],"player_experience":300985,"relics_obtained":[{"floor":7,"key":"Anchor"},{"floor":8,"key":"Blue Candle"},{"floor":9,"key":"Smiling Mask"},{"floor":16,"key":"CaptainsWheel"},{"floor":21,"key":"MutagenicStrength"},{"floor":24,"key":"hexamod:MatchstickCase"},{"floor":24,"key":"Tiny Chest"},{"floor":31,"key":"GodSword7"},{"floor":31,"key":"Boot"},{"floor":33,"key":"ArrowTower"},{"floor":36,"key":"StrikeDummy"},{"floor":36,"key":"Ccalipers"},{"floor":37,"key":"MawBank"},{"floor":39,"key":"MagicDraw4"},{"floor":41,"key":"Omamori"},{"floor":41,"key":"Happy Flower"},{"floor":43,"key":"Potion Belt"},{"floor":43,"key":"Toy Ornithopter"},{"floor":46,"key":"Torii"},{"floor":49,"key":"MagicDraw3"}],"event_choices":[{"damage_healed":0,"gold_gain":0,"player_choice":"Ignored","damage_taken":0,"max_hp_gain":0,"max_hp_loss":0,"event_name":"Vampires","floor":29,"gold_loss":0}],"is_beta":false,"boss_relics":[{"not_picked":["EasyGame_NEW","hexamod:UnbrokenSoul"],"picked":"RhineSuit"},{"not_picked":["hexamod:IceCube","OneHitWonderSystem"],"picked":"Busted Crown"}],"items_purged_floors":[6,12,30,42,48],"is_endless":false,"potions_floor_spawned":[2,4,8,10,15,19,22,23,32,33,37,44,49],"ascension_level":-20}}