{"host":"n6qxj7a4gnapjcui","time":1611177533,"event":{"mods":["2.2 Compatiblity","AchievementEnabler","BaseMod","Colored Map","Highlight Path","Minty Spire (QoL Compilation)","Random Character Button","Rare Cards Sparkle"],"gold_per_floor":[118,145,157,169,180,180,208,265,265,265,265,282,58,90,90,90,90],"floor_reached":16,"language":"POL","playtime":899,"items_purged":["Strike_R"],"score":138,"play_id":"7fb06a0c-5156-44a8-9277-bec7ddb156f5","local_time":"20210120221853","is_ascension_mode":true,"campfire_choices":[{"data":"Flex","floor":6.0,"key":"SMITH"},{"floor":15.0,"key":"REST"}],"circlet_count":0,"master_deck":["Strike_R","Strike_R","Defend_R","Defend_R","Defend_R","Defend_R","Bash","Feel No Pain","Flex+1","Cleave","Corruption","Flex","Infernal Blade","Carnage","Battle Trance","Uppercut"],"relics":["Burning Blood","Dream Catcher","Oddly Smooth Stone","Regal Pillow","Frozen Egg 2","Sling","Boot"],"acts_visited":["Exordium"],"potions_floor_usage":[16],"damage_taken":[{"damage":6.0,"enemies":"Cultist","floor":1.0,"turns":3.0},{"damage":2.0,"enemies":"Jaw Worm","floor":3.0,"turns":3.0},{"damage":0.0,"enemies":"Small Slimes","floor":4.0,"turns":2.0},{"damage":26.0,"enemies":"Exordium Thugs","floor":5.0,"turns":4.0},{"damage":24.0,"enemies":"3 Sentries","floor":7.0,"turns":9.0},{"damage":35.0,"enemies":"Lagavulin Event","floor":8.0,"turns":8.0},{"damage":14.0,"enemies":"3 Louse","floor":12.0,"turns":3.0},{"damage":12.0,"enemies":"Gremlin Nob","floor":14.0,"turns":3.0},{"damage":80,"enemies":"Hexaghost","floor":16,"turns":11}],"seed_played":"8417908088156977418","potions_obtained":[{"floor":3.0,"key":"Dexterity Potion"},{"floor":5.0,"key":"Block Potion"},{"floor":7.0,"key":"SneckoOil"},{"floor":8.0,"key":"FearPotion"}],"is_trial":false,"path_per_floor":["M","T","M","M","M","R","E","?","T","?","?","M","$","E","R","B"],"character_chosen":"IRONCLAD","items_purchased":["Sling"],"campfire_rested":1,"item_purchase_floors":[13],"current_hp_per_floor":[80,80,80,80,60,60,42,13,13,13,80,72,72,66,80,0,0],"gold":90,"neow_bonus":"TRANSFORM_CARD","is_daily":false,"chose_seed":false,"campfire_upgraded":1,"win_rate":0.0,"timestamp":1611177533,"path_taken":["M","?","M","M","?","R","E","?","T","?","?","M","$","E","R","BOSS"],"items_purchased_type":["Relic"],"build_version":"2020-12-22","purchased_purges":1,"victory":false,"max_hp_per_floor":[80,80,80,80,80,80,80,80,80,80,80,80,80,80,80,80,80],"card_choices":[{"not_picked":["Pummel","True Grit"],"picked":"Flex","floor":1.0},{"not_picked":["Searing Blow","Perfected Strike"],"picked":"Cleave","floor":3.0},{"not_picked":["Pommel Strike","Havoc"],"picked":"Reckless Charge","floor":4.0},{"not_picked":["Dual Wield","Anger","Heavy Blade"],"picked":"SKIP","floor":5.0},{"not_picked":["Flex","Iron Wave"],"picked":"Corruption","floor":7.0},{"not_picked":["Warcry","Heavy Blade"],"picked":"Flex","floor":8.0},{"not_picked":["Heavy Blade","Evolve+1"],"picked":"Carnage","floor":12.0},{"not_picked":["Sword Boomerang","Heavy Blade"],"picked":"Battle Trance","floor":14.0},{"not_picked":["Flex","Clash"],"picked":"Uppercut","floor":15.0}],"player_experience":277380,"relics_obtained":[{"floor":2.0,"key":"Dream Catcher"},{"floor":7.0,"key":"Oddly Smooth Stone"},{"floor":9.0,"key":"Frozen Egg 2"},{"floor":14.0,"key":"Boot"}],"event_choices":[{"damage_healed":0.0,"max_hp_gain":0.0,"max_hp_loss":0.0,"gold_gain":0.0,"event_name":"Dead Adventurer","player_choice":"Searched \u00272\u0027 times","floor":8.0,"gold_loss":0.0,"damage_taken":0.0,"relics_obtained":["Regal Pillow"]},{"damage_healed":0.0,"max_hp_gain":0.0,"max_hp_loss":0.0,"gold_gain":0.0,"cards_transformed":["Strike_R"],"event_name":"Living Wall","player_choice":"Change","floor":10.0,"gold_loss":0.0,"damage_taken":0.0,"cards_obtained":["Infernal Blade"]},{"cards_removed":["Reckless Charge"],"damage_healed":67.0,"max_hp_gain":0.0,"max_hp_loss":0.0,"gold_gain":0.0,"event_name":"Bonfire Elementals","player_choice":"Offered Uncommon","floor":11.0,"gold_loss":0.0,"damage_taken":0.0}],"is_beta":false,"boss_relics":[],"items_purged_floors":[13],"is_endless":false,"potions_floor_spawned":[3,5,7,8],"killed_by":"Hexaghost","ascension_level":5}}