{"host":"foq4mrde4mssg7vt","time":1611149791,"event":{"mods":["AchievementEnabler","BaseMod","Colored Map","Colored Powertips","Highlight Path","Minty Spire (QoL Compilation)","Relic Stats","everything is the same but u backflip on backflip"],"gold_per_floor":[113,128,144,164,214,214,248,258,285,323,335,366,408,439,451,537,549,575,587,619,681,693,705,749,429,503,517,527,527,527,556,556,556,556],"floor_reached":33,"language":"ENG","playtime":1051,"items_purged":["Cleave"],"score":599,"play_id":"ece6296b-9d79-4b5d-95dc-08cedb111291","local_time":"20210120213631","is_ascension_mode":true,"campfire_choices":[{"data":"Perfected Strike","floor":6.0,"key":"SMITH"},{"data":"Metallicize","floor":15,"key":"SMITH"},{"floor":23,"key":"REST"},{"floor":29,"key":"REST"},{"floor":32,"key":"REST"}],"circlet_count":0,"master_deck":["AscendersBane","Strike_R","Strike_R","Strike_R","Strike_R","Strike_R","Defend_R","Defend_R","Defend_R","Defend_R","Bash","Wild Strike","Twin Strike","Perfected Strike+1","Reaper","Metallicize+1","Fire Breathing","Immolate","Flame Barrier","J.A.X.","Disarm","Shockwave","Spot Weakness","Evolve"],"relics":["Burning Blood","NeowsBlessing","Pantograph","MawBank","Omamori","Toy Ornithopter","Runic Dome","Nilry\u0027s Codex","Sundial","Pear","Kunai"],"acts_visited":["Exordium","TheCity"],"potions_floor_usage":[14,24,27,33,33],"damage_taken":[{"damage":0.0,"enemies":"Cultist","floor":1.0,"turns":1.0},{"damage":0.0,"enemies":"Jaw Worm","floor":2.0,"turns":1.0},{"damage":0.0,"enemies":"Small Slimes","floor":3.0,"turns":1.0},{"damage":10.0,"enemies":"3 Louse","floor":4.0,"turns":3.0},{"damage":8.0,"enemies":"Gremlin Nob","floor":7.0,"turns":3.0},{"damage":14,"enemies":"Large Slime","floor":8,"turns":5},{"damage":31,"enemies":"3 Sentries","floor":10,"turns":7},{"damage":0,"enemies":"2 Fungi Beasts","floor":12,"turns":2},{"damage":8,"enemies":"Gremlin Nob","floor":13,"turns":3},{"damage":17,"enemies":"Gremlin Gang","floor":14,"turns":6},{"damage":53,"enemies":"The Guardian","floor":16,"turns":14},{"damage":29,"enemies":"Chosen","floor":18,"turns":4},{"damage":11,"enemies":"2 Thieves","floor":20,"turns":3},{"damage":53,"enemies":"Slavers","floor":24,"turns":5},{"damage":31,"enemies":"Snake Plant","floor":27,"turns":4},{"damage":38,"enemies":"Centurion and Healer","floor":28,"turns":8},{"damage":47,"enemies":"Book of Stabbing","floor":31,"turns":5},{"damage":122,"enemies":"Automaton","floor":33,"turns":8}],"seed_played":"-3887127611777375276","potions_obtained":[{"floor":4.0,"key":"ElixirPotion"},{"floor":7.0,"key":"Swift Potion"},{"floor":10,"key":"Fire Potion"},{"floor":24,"key":"ElixirPotion"},{"floor":28,"key":"AttackPotion"},{"floor":31,"key":"Swift Potion"}],"is_trial":false,"path_per_floor":["M","M","M","M","?","R","E","M","T","E","?","M","E","M","R","B",null,"M","?","M","?","?","R","E","$","T","M","M","R","?","E","R","B"],"character_chosen":"IRONCLAD","items_purchased":["Spot Weakness","Evolve","Regen Potion"],"campfire_rested":3,"item_purchase_floors":[25,25,25],"current_hp_per_floor":[74,75,75,71,71,71,69,61,61,46,51,61,59,53,53,35,69,52,52,47,47,26,50,16,16,26,27,7,34,52,24,51,0,0],"gold":556,"neow_bonus":"THREE_ENEMY_KILL","is_daily":false,"chose_seed":false,"campfire_upgraded":2,"win_rate":0.0,"timestamp":1611149791,"path_taken":["M","?","M","M","?","R","E","?","T","E","?","M","E","M","R","BOSS","M","?","M","?","?","R","E","$","T","M","M","R","?","E","R","BOSS"],"items_purchased_type":["Card","Card","Potion"],"build_version":"2020-12-22","purchased_purges":1,"victory":false,"max_hp_per_floor":[75,75,75,75,75,75,75,75,75,75,80,80,80,80,80,80,80,80,80,80,80,80,80,80,80,90,90,90,90,90,90,90,90,90],"relic_stats":{"counters":[18,83],"Sundial":[0],"Pantograph":50,"Kunai":[2],"MawBank":192,"obtain_stats":[{"Runic Dome":17,"Pear":26,"NeowsBlessing":0,"Nilry\u0027s Codex":22,"Sundial":24,"Pantograph":7,"Omamori":10,"Kunai":31,"MawBank":9,"Burning Blood":0,"Toy Ornithopter":13},{"Runic Dome":11,"Pear":14,"NeowsBlessing":0,"Nilry\u0027s Codex":13,"Sundial":14,"Pantograph":5,"Omamori":7,"Kunai":17,"MawBank":6,"Burning Blood":0,"Toy Ornithopter":9},{"Runic Dome":46,"Pear":58,"NeowsBlessing":0,"Nilry\u0027s Codex":53,"Sundial":58,"Pantograph":9,"Omamori":21,"Kunai":75,"MawBank":14,"Burning Blood":0,"Toy Ornithopter":26}],"Burning Blood":91,"Toy Ornithopter":25},"card_choices":[{"not_picked":["Armaments","True Grit"],"picked":"Wild Strike","floor":1.0},{"not_picked":["Thunderclap","Armaments"],"picked":"Cleave","floor":2.0},{"not_picked":["Combust","Pommel Strike"],"picked":"Twin Strike","floor":3.0},{"not_picked":["Combust","Headbutt"],"picked":"Perfected Strike","floor":4.0},{"not_picked":["Metallicize","Sword Boomerang"],"picked":"Reaper","floor":7.0},{"not_picked":["Twin Strike","Sword Boomerang"],"picked":"Metallicize","floor":8},{"not_picked":["Clash","Twin Strike","Sword Boomerang"],"picked":"SKIP","floor":10},{"not_picked":["Feel No Pain","Anger"],"picked":"Fire Breathing","floor":12},{"not_picked":["Bludgeon","Thunderclap","Reaper"],"picked":"SKIP","floor":13},{"not_picked":["Searing Blow","Intimidate","Uppercut"],"picked":"SKIP","floor":14},{"not_picked":["Brutality","Offering"],"picked":"Immolate","floor":16},{"not_picked":["Headbutt","Body Slam+1"],"picked":"Flame Barrier","floor":18},{"not_picked":["Pommel Strike","Intimidate"],"picked":"Disarm","floor":20},{"not_picked":["Uppercut","Sword Boomerang"],"picked":"Shockwave","floor":24},{"not_picked":["Seeing Red","Burning Pact","Dark Embrace"],"picked":"SKIP","floor":27},{"not_picked":["Pommel Strike","Armaments","Cleave"],"picked":"SKIP","floor":28},{"not_picked":["Thunderclap","Heavy Blade","Sever Soul+1"],"picked":"SKIP","floor":31}],"player_experience":513248,"relics_obtained":[{"floor":7.0,"key":"Pantograph"},{"floor":9,"key":"MawBank"},{"floor":10,"key":"Omamori"},{"floor":13,"key":"Toy Ornithopter"},{"floor":22,"key":"Nilry\u0027s Codex"},{"floor":24,"key":"Sundial"},{"floor":26,"key":"Pear"},{"floor":31,"key":"Kunai"}],"event_choices":[{"damage_healed":0.0,"max_hp_gain":0.0,"max_hp_loss":0.0,"gold_gain":50.0,"event_name":"Golden Shrine","player_choice":"Pray","floor":5.0,"gold_loss":0.0,"damage_taken":0.0},{"damage_healed":0,"gold_gain":0,"player_choice":"Donut","damage_taken":0,"max_hp_gain":5,"max_hp_loss":0,"event_name":"Big Fish","floor":11,"gold_loss":0},{"damage_healed":0,"gold_gain":0,"player_choice":"Obtain J.A.X.","damage_taken":0,"max_hp_gain":0,"max_hp_loss":0,"event_name":"Drug Dealer","floor":19,"gold_loss":0,"cards_obtained":["J.A.X."]},{"damage_healed":0,"gold_gain":50,"player_choice":"Stole From Cult","damage_taken":0,"max_hp_gain":0,"max_hp_loss":0,"event_name":"Nest","floor":21,"gold_loss":0},{"damage_healed":0,"gold_gain":0,"player_choice":"Obtained Book","damage_taken":21,"max_hp_gain":0,"max_hp_loss":0,"event_name":"Cursed Tome","floor":22,"gold_loss":0},{"damage_healed":18,"gold_gain":0,"player_choice":"Heal","damage_taken":0,"max_hp_gain":0,"max_hp_loss":0,"event_name":"The Library","floor":30,"gold_loss":0}],"is_beta":false,"boss_relics":[{"not_picked":["Pandora\u0027s Box","SacredBark"],"picked":"Runic Dome"}],"items_purged_floors":[25],"is_endless":false,"potions_floor_spawned":[4,7,10,13,24,28,31],"killed_by":"Automaton","ascension_level":19}}