{"host":"fmwbmnqnrup981we","time":1611158314,"event":{"mods":["AchievementEnabler","Act Like it!","Alarm Clock","BaseMod","Better Altar","Better Match","Better Note","Better Skull","Better Synergies","Better Third Choice","Better Vampires","Block Reminder","Curses Come First","Displayed Cursed Tome","Downfall","Duelist Mod","Ekko","Elementarium","GungeonMod","HexUI Lib","HornydragonMod","Kratos Character Expansion","Marked Mod","Minty Spire (QoL Compilation)","Pikachu Mod","Poor People Problems","Quick Restart","Relic Stats","SIMod","StSLib","The Bug Knight","The Death Knight","The Forsaken","The Marked","The Necromancer","The Runesmith","The Servant 0.9.4","The Wild Card","TheHero","TheVacant","TheVelvet","Thieving Mod","Transform Curses","Waifu the Spire","Yuri Mod","everything is the same but u backflip on backflip"],"gold_per_floor":[114,126,126,126,126,126,157,182,209,222,147,178,192,208,208,327,327,343,343,343,362,387,387,403,418,418,418,418,434,434,506,506,627,627,651,143,163,184,184,225,225,225,251,282,282,295,21,37,37,37,37,37,37,76,76,76],"floor_reached":55,"language":"ENG","playtime":2321,"items_purged":["Regret","Injury","Omniscience"],"score":878,"play_id":"fcc92b10-2c8f-4097-862c-d57529a4912d","local_time":"20210120155834","is_ascension_mode":true,"campfire_choices":[{"floor":6,"key":"RECALL"},{"data":"theWildCard:Arsene","floor":15,"key":"SMITH"},{"floor":23,"key":"REST"},{"floor":27,"key":"REST"},{"floor":30,"key":"REST"},{"data":"MasterReality","floor":32,"key":"SMITH"},{"data":"DevaForm","floor":41,"key":"SMITH"},{"data":"Apotheosis","floor":45,"key":"SMITH"},{"floor":49,"key":"REST"},{"data":"Master of Strategy","floor":52,"key":"SMITH"}],"circlet_count":0,"master_deck":["Eruption","Vigilance","ThirdEye","FlurryOfBlows","theWildCard:Arsene+1","BattleHymn","Wireheading","MasterReality+1","Consecrate","Devotion","theWildCard:Metatron+1","Prostrate","Prostrate","Prostrate+1","Consecrate","DevaForm+1","Tantrum","Establishment","Protect","MarkedMod:PinPointDefense","PathToVictory","WreathOfFlame","MarkedMod:Acupuncture","Prostrate","BattleHymn","Apotheosis+1","Finesse","SashWhip+1","Devotion","Prostrate+1","Weave+1","Master of Strategy+1","Dark Shackles","FollowUp+1","MarkedMod:ChiBlock"],"relics":["PureWater","Golden Idol","Thread and Needle","Dead Branch","Vajra","Smiling Mask","Black Star","Nloth\u0027s Gift","Pear","Pandora\u0027s Box","Membership Card","theForsaken:HumbleEgg","Anchor","PreservedInsect","MealTicket","Happy Flower","Blue Candle","Pen Nib","DemoMod:GlassGuonStoneRelic","Nunchaku","theForsaken:Gavel"],"acts_visited":["Exordium","TheCity","TheBeyond","TheEnding"],"potions_floor_usage":[16,16,21,33,33,50,55,55],"damage_taken":[{"damage":0,"enemies":"Small Slimes","floor":1,"turns":1},{"damage":0,"enemies":"2 Louse","floor":2,"turns":1},{"damage":2,"enemies":"3 Sentries","floor":7,"turns":2},{"damage":0,"enemies":"Cultist","floor":8,"turns":2},{"damage":4,"enemies":"Gremlin Gang","floor":10,"turns":3},{"damage":0,"enemies":"HollowMod:MossKnight","floor":12,"turns":4},{"damage":2,"enemies":"3 Louse","floor":13,"turns":3},{"damage":0,"enemies":"Blue Slaver","floor":14,"turns":3},{"damage":0,"enemies":"Slime Boss","floor":16,"turns":4},{"damage":19,"enemies":"2 Thieves","floor":18,"turns":4},{"damage":21,"enemies":"Snecko","floor":21,"turns":6},{"damage":16,"enemies":"Centurion and Healer","floor":22,"turns":4},{"damage":12,"enemies":"Snake Plant","floor":24,"turns":5},{"damage":0,"enemies":"Snecko","floor":25,"turns":4},{"damage":2,"enemies":"Shelled Parasite and Fungi","floor":29,"turns":5},{"damage":19,"enemies":"Collector","floor":33,"turns":6},{"damage":17,"enemies":"3 Shapes","floor":35,"turns":4},{"damage":16,"enemies":"Orb Walker","floor":37,"turns":3},{"damage":22,"enemies":"3 Darklings","floor":38,"turns":3},{"damage":4,"enemies":"Giant Head","floor":40,"turns":8},{"damage":26,"enemies":"Reptomancer","floor":44,"turns":4},{"damage":7,"enemies":"Sphere and 2 Shapes","floor":46,"turns":3},{"damage":10,"enemies":"Transient","floor":48,"turns":5},{"damage":20,"enemies":"Awakened One","floor":50,"turns":7},{"damage":49,"enemies":"Shield and Spear","floor":54,"turns":4},{"damage":75,"enemies":"The Heart","floor":55,"turns":2}],"seed_played":"8036104387413730479","potions_obtained":[{"floor":2,"key":"Weak Potion"},{"floor":12,"key":"AttackPotion"},{"floor":13,"key":"ColorlessPotion"},{"floor":16,"key":"Ancient Potion"},{"floor":18,"key":"SkillPotion"},{"floor":24,"key":"Ancient Potion"},{"floor":40,"key":"Fire Potion"},{"floor":46,"key":"Dexterity Potion"}],"is_trial":false,"path_per_floor":["M","M","?","?","?","R","E","M","T","M","$","E","M","M","R","B",null,"M","?","?","M","M","R","M","M","T","R","?","M","R","T","R","B",null,"M","$","M","M","?","E","R","?","T","E","R","M","$","M","R","B",null,"R","$","E","B"],"character_chosen":"WATCHER","items_purchased":["Membership Card","BattleHymn","Apotheosis","Finesse","theForsaken:HumbleEgg","Master of Strategy","Pen Nib","Dark Shackles"],"campfire_rested":4,"item_purchase_floors":[36,36,36,36,36,47,47,47],"current_hp_per_floor":[72,72,72,72,72,72,70,70,70,66,66,66,64,64,64,64,72,53,53,53,32,16,37,25,25,25,46,46,44,65,75,75,56,82,65,65,49,27,76,72,72,72,72,46,46,39,54,44,66,46,76,76,76,27,0,0],"gold":76,"neow_bonus":"THREE_ENEMY_KILL","is_daily":false,"chose_seed":false,"campfire_upgraded":5,"win_rate":0.0,"timestamp":1611158314,"path_taken":["M","M","?","?","?","R","E","M","T","M","?","E","M","M","R","BOSS","M","?","?","M","?","R","M","?","T","R","?","M","R","?","R","BOSS","M","$","?","M","?","E","R","?","T","E","R","M","$","?","R","BOSS","R","$","E","BOSS"],"items_purchased_type":["Relic","Card","Card","Card","Relic","Card","Relic","Card"],"build_version":"2020-12-22","purchased_purges":3,"victory":false,"max_hp_per_floor":[72,72,72,72,72,72,72,72,72,72,72,72,72,72,72,72,72,72,72,72,72,72,72,72,72,72,72,72,72,72,82,82,82,82,82,82,82,82,76,76,76,76,76,76,76,76,76,76,76,76,76,76,76,76,76,76],"relic_stats":{"Happy Flower":[7],"counters":[26,100],"Golden Idol":160,"Dead Branch":[120],"Blue Candle":[0],"PreservedInsect":128,"Pen Nib":[5],"Smiling Mask":13,"Nunchaku":[0],"Pandora\u0027s Box":["Tantrum","Establishment","Protect","Omniscience","MarkedMod:PinPointDefense","PathToVictory","WreathOfFlame","MarkedMod:Acupuncture"],"MealTicket":15,"Black Star":3,"Nloth\u0027s Gift":4,"obtain_stats":[{"Pear":31,"NeowsBlessing":0,"Happy Flower":44,"Golden Idol":4,"Dead Branch":7,"Blue Candle":44,"Vajra":9,"Thread and Needle":5,"DemoMod:GlassGuonStoneRelic":13,"PreservedInsect":40,"Pen Nib":47,"Smiling Mask":12,"theForsaken:Gavel":54,"theForsaken:HumbleEgg":36,"Anchor":40,"Nunchaku":54,"Pandora\u0027s Box":34,"MealTicket":43,"Black Star":17,"Nloth\u0027s Gift":19,"Membership Card":36,"PureWater":0},{"Pear":15,"NeowsBlessing":0,"Happy Flower":21,"Golden Idol":2,"Dead Branch":3,"Blue Candle":21,"Vajra":4,"Thread and Needle":2,"DemoMod:GlassGuonStoneRelic":7,"PreservedInsect":20,"Pen Nib":22,"Smiling Mask":6,"theForsaken:Gavel":25,"theForsaken:HumbleEgg":17,"Anchor":20,"Nunchaku":25,"Pandora\u0027s Box":16,"MealTicket":20,"Black Star":9,"Nloth\u0027s Gift":10,"Membership Card":17,"PureWater":0},{"Pear":51,"NeowsBlessing":0,"Happy Flower":79,"Golden Idol":2,"Dead Branch":4,"Blue Candle":79,"Vajra":6,"Thread and Needle":2,"DemoMod:GlassGuonStoneRelic":16,"PreservedInsect":75,"Pen Nib":82,"Smiling Mask":13,"theForsaken:Gavel":98,"theForsaken:HumbleEgg":61,"Anchor":75,"Nunchaku":98,"Pandora\u0027s Box":57,"MealTicket":75,"Black Star":23,"Nloth\u0027s Gift":27,"Membership Card":61,"PureWater":0}]},"card_choices":[{"not_picked":["BowlingBash","CrushJoints"],"picked":"ThirdEye","floor":1},{"not_picked":["Fasting2","ThirdEye"],"picked":"FlurryOfBlows","floor":2},{"not_picked":["MentalFortress","Scrawl","InnerPeace"],"picked":"SKIP","floor":7},{"not_picked":["MarkedMod:GracefulMovements","EmptyBody"],"picked":"BattleHymn","floor":8},{"not_picked":["Crescendo","WreathOfFlame"],"picked":"Wireheading","floor":10},{"not_picked":["Blasphemy","Protect"],"picked":"MasterReality","floor":12},{"not_picked":["PathToVictory","MarkedMod:PinPointDefense","ClearTheMind"],"picked":"SKIP","floor":13},{"not_picked":["Pray","LikeWater"],"picked":"Consecrate","floor":14},{"not_picked":["Brilliance","MarkedMod:SlowDance"],"picked":"Devotion","floor":16},{"not_picked":["Pray","Evaluate","CutThroughFate"],"picked":"SKIP","floor":18},{"not_picked":["Perseverance+1","MarkedMod:GentlePulse+1"],"picked":"Prostrate","floor":21},{"not_picked":["MentalFortress+1","WindmillStrike","Protect"],"picked":"SKIP","floor":22},{"not_picked":["Wish","EmptyBody"],"picked":"Prostrate","floor":24},{"not_picked":["Halt","SashWhip"],"picked":"Prostrate+1","floor":25},{"not_picked":["Adaptation+1","FlyingSleeves"],"picked":"Consecrate","floor":29},{"not_picked":["Judgement","Brilliance"],"picked":"DevaForm","floor":33},{"not_picked":["Perseverance+1","Halt+1"],"picked":"Prostrate","floor":35},{"not_picked":["Collect","Wireheading+1"],"picked":"SashWhip+1","floor":37},{"not_picked":["BowlingBash+1","Conclude+1","CutThroughFate+1"],"picked":"SKIP","floor":38},{"not_picked":["MarkedMod:GracefulMovements+1","Crescendo+1","Scrawl"],"picked":"SKIP","floor":40},{"not_picked":["EmptyFist+1","Devotion"],"picked":"Prostrate+1","floor":44},{"not_picked":["Tantrum","SandsOfTime+1"],"picked":"Weave+1","floor":46},{"not_picked":["WindmillStrike","FlyingSleeves+1"],"picked":"FollowUp+1","floor":48},{"not_picked":["MentalFortress","CarveReality"],"picked":"MarkedMod:ChiBlock","floor":54}],"player_experience":460423,"relics_obtained":[{"floor":7,"key":"Dead Branch"},{"floor":9,"key":"Vajra"},{"floor":12,"key":"Smiling Mask"},{"floor":31,"key":"Pear"},{"floor":40,"key":"Anchor"},{"floor":40,"key":"PreservedInsect"},{"floor":43,"key":"MealTicket"},{"floor":44,"key":"Happy Flower"},{"floor":44,"key":"Blue Candle"},{"floor":54,"key":"Nunchaku"},{"floor":54,"key":"theForsaken:Gavel"}],"event_choices":[{"damage_healed":0,"gold_gain":0,"player_choice":"Take Wound","damage_taken":0,"relics_obtained":["Golden Idol"],"max_hp_gain":0,"max_hp_loss":0,"event_name":"Golden Idol","floor":4,"gold_loss":0,"cards_obtained":["Injury"]},{"damage_healed":0,"gold_gain":0,"player_choice":"Box","damage_taken":0,"relics_obtained":["Thread and Needle"],"max_hp_gain":0,"max_hp_loss":0,"event_name":"Big Fish","floor":5,"gold_loss":0,"cards_obtained":["Regret"]},{"damage_healed":0,"gold_gain":0,"player_choice":"Traded Relic","damage_taken":0,"relics_obtained":["Nloth\u0027s Gift"],"max_hp_gain":0,"max_hp_loss":0,"event_name":"N\u0027loth","floor":19,"relics_lost":["NeowsBlessing"],"gold_loss":0},{"cards_removed":["Devotion"],"damage_healed":0,"gold_gain":0,"player_choice":"Take \u0026 Give","damage_taken":0,"max_hp_gain":0,"max_hp_loss":0,"event_name":"betterNote:BetterNote","floor":20,"gold_loss":0,"cards_obtained":["theWildCard:Metatron"]},{"damage_healed":0,"gold_gain":0,"player_choice":"Copied","damage_taken":0,"max_hp_gain":0,"max_hp_loss":0,"event_name":"Duplicator","floor":42,"gold_loss":0,"cards_obtained":["Devotion"]}],"is_beta":false,"boss_relics":[{"not_picked":["HolyWater","Sozu"],"picked":"Black Star"},{"not_picked":["Coffee Dripper","Snecko Eye"],"picked":"Pandora\u0027s Box"}],"items_purged_floors":[11,36,47],"is_endless":false,"potions_floor_spawned":[2,12,13,14,16,18,24,29,40,46,48],"killed_by":"The Heart","ascension_level":1}}