{"host":"t0dtoggyaif518ut","time":1611144896,"event":{"mods":["AchievementEnabler","BaseMod","Best Route Mod","Bestiary","Better Altar","Better Match","Better Note","Better Sensory Stone","Better Silent Start","Better Skull","Better Third Choice","Better Vampires","Block Reminder","Colored Powertips","Dark Map","Displayed Cursed Tome","Energized Spire","Evolution","Gold Saver","Ironclad Rager","Minty Spire (QoL Compilation)","Practice Mode","Quick Restart","RNG Fix","Random Character Button","Relic Stats","Retaliation","Reworked Bosses","StSLib","Treasure Hunter"],"gold_per_floor":[553,553,553,94,111,111,11,22,74,104,119,119,119,23,23,101,101,114,132,20,20,38,51,51,64,64,94,94,123,123,27,27,29,29],"floor_reached":33,"language":"ENG","playtime":1820,"items_purged":["Strike_R","Defend_R"],"score":542,"play_id":"ad583bd7-fd46-4dd8-b0cb-dd9750238d32","local_time":"20210120191456","is_ascension_mode":true,"campfire_choices":[{"data":"Twin Strike","floor":6,"key":"SMITH"},{"data":"Uppercut","floor":13,"key":"SMITH"},{"floor":15,"key":"REST"},{"floor":24,"key":"REST"},{"floor":28,"key":"REST"},{"floor":30,"key":"REST"},{"data":"Blind","floor":32,"key":"SMITH"}],"circlet_count":0,"master_deck":["AscendersBane","Thunderclap","Thunderclap","Thunderclap","Thunderclap","Defend_R","Defend_R","Defend_R","Bash","Twin Strike+1","Twin Strike+1","Metallicize","Uppercut+1","TH:CursedSword","TH:CopperCoins","Reaper","Rampage+1","Madness","TH:CursedSword","Battle Trance","Evolve","Wild Strike+1","Sword Boomerang","Pommel Strike","True Grit","Whirlwind","Burning Pact","TH:ArmorSpikes","TH:CopperCoins","TH:ArmorSpikes","TH:PixieDust","TH:TreasureMap","TH:CopperCoins","Blind+1"],"relics":["Burning Blood","EVO:Axolotl","Boot","Regal Pillow","Nunchaku","Mango","energizedSpire:StickyHand","CultistMask","StoneCalendar","Champion Belt","Tiny Chest"],"acts_visited":["Exordium","TheCity"],"potions_floor_usage":[16,19,27,33],"damage_taken":[{"damage":4,"enemies":"2 Louse","floor":1,"turns":2},{"damage":3,"enemies":"Small Slimes","floor":5,"turns":2},{"damage":9,"enemies":"Jaw Worm","floor":8,"turns":2},{"damage":29,"enemies":"Lagavulin","floor":10,"turns":6},{"damage":24,"enemies":"Large Slime","floor":11,"turns":5},{"damage":52,"enemies":"The Guardian","floor":16,"turns":10},{"damage":27,"enemies":"Spheric Guardian","floor":18,"turns":4},{"damage":31,"enemies":"2 Thieves","floor":19,"turns":4},{"damage":28,"enemies":"Cultist and Chosen","floor":22,"turns":6},{"damage":34,"enemies":"Snecko","floor":23,"turns":5},{"damage":15,"enemies":"Centurion and Healer","floor":25,"turns":6},{"damage":51,"enemies":"Book of Stabbing","floor":27,"turns":5},{"damage":58,"enemies":"Slavers","floor":29,"turns":6},{"damage":88,"enemies":"bossMod:newCollector","floor":33,"turns":6}],"seed_played":"-3253939950827786068","potions_obtained":[{"floor":8,"key":"LiquidBronze"},{"floor":10,"key":"EssenceOfSteel"},{"floor":11,"key":"Fire Potion"},{"floor":18,"key":"Fire Potion"},{"floor":22,"key":"Swift Potion"}],"is_trial":false,"path_per_floor":["M","?","?","$","M","R","$","M","T","E","M","?","R","$","R","B",null,"M","M","$","?","M","M","R","M","T","E","R","E","R","$","R","B"],"character_chosen":"IRONCLAD","items_purchased":["Boot","Twin Strike","DDmod:CleansePotion","Regal Pillow","Madness","Battle Trance","Evolve","Blind"],"campfire_rested":4,"item_purchase_floors":[4,4,4,4,14,20,20,31],"current_hp_per_floor":[69,74,74,74,77,77,77,74,74,65,59,59,59,59,107,61,98,77,62,62,62,50,31,79,70,70,25,73,31,79,79,79,0,0],"gold":29,"neow_bonus":"TWENTY_PERCENT_HP_BONUS","is_daily":false,"chose_seed":false,"campfire_upgraded":3,"win_rate":0.0,"timestamp":1611144896,"path_taken":["M","?","?","$","M","R","$","M","T","E","M","?","R","$","R","BOSS","M","M","$","?","M","M","R","M","T","E","R","E","R","$","R","BOSS"],"items_purchased_type":["Relic","Card","Potion","Relic","Card","Card","Card","Card"],"build_version":"2020-12-22","purchased_purges":2,"victory":false,"max_hp_per_floor":[96,96,96,96,96,96,96,96,96,110,110,110,110,110,110,110,110,110,110,110,110,110,110,110,110,110,110,110,110,110,110,110,110,110],"relic_stats":{"Regal Pillow":60,"Nunchaku":[12],"counters":[14,69],"StoneCalendar":[0],"Tiny Chest":0,"Champion Belt":[18],"Boot":[38],"obtain_stats":[{"Regal Pillow":4,"Nunchaku":9,"Mango":10,"StoneCalendar":26,"Tiny Chest":29,"CultistMask":21,"EVO:Axolotl":0,"Champion Belt":27,"energizedSpire:StickyHand":17,"Boot":4,"Burning Blood":0},{"Regal Pillow":1,"Nunchaku":3,"Mango":4,"StoneCalendar":11,"Tiny Chest":13,"CultistMask":8,"EVO:Axolotl":0,"Champion Belt":12,"energizedSpire:StickyHand":6,"Boot":1,"Burning Blood":0},{"Regal Pillow":2,"Nunchaku":6,"Mango":12,"StoneCalendar":52,"Tiny Chest":63,"CultistMask":35,"EVO:Axolotl":0,"Champion Belt":57,"energizedSpire:StickyHand":27,"Boot":2,"Burning Blood":0}],"Burning Blood":78},"card_choices":[{"not_picked":["DDmod:BurningFumesPowerCard","DDmod:CallousedSkill"],"picked":"Twin Strike","floor":1},{"not_picked":["DDmod:UnstoppableAttack","Sentinel"],"picked":"Metallicize","floor":5},{"not_picked":["Clash","Headbutt"],"picked":"Uppercut","floor":8},{"not_picked":["TH:ArmorSpikes"],"picked":"TH:CursedSword","floor":9},{"not_picked":["TH:EnergyPotion"],"picked":"TH:CopperCoins","floor":10},{"not_picked":["Body Slam","Twin Strike"],"picked":"Reaper","floor":10},{"not_picked":["Pummel","Headbutt"],"picked":"Rampage","floor":11},{"not_picked":["TH:TreasureMap"],"picked":"TH:CursedSword","floor":16},{"not_picked":["Flex+1","Warcry","Uppercut"],"picked":"SKIP","floor":18},{"not_picked":["Flame Barrier","True Grit","Rupture"],"picked":"SKIP","floor":19},{"not_picked":["True Grit","Anger","Iron Wave"],"picked":"SKIP","floor":22},{"not_picked":["Wild Strike+1","Pommel Strike"],"picked":"Sword Boomerang","floor":23},{"not_picked":["True Grit","Burning Pact"],"picked":"Whirlwind","floor":25},{"not_picked":["TH:ArmorSpikes"],"picked":"TH:CopperCoins","floor":26},{"not_picked":["TH:ArmorSpikes"],"picked":"TH:PixieDust","floor":27},{"not_picked":["Thunderclap","Headbutt","Flex+1"],"picked":"SKIP","floor":27},{"not_picked":["TH:CopperCoins"],"picked":"TH:TreasureMap","floor":29},{"not_picked":["DDmod:UnstoppableAttack","DDmod:EasePowerCard","Feel No Pain"],"picked":"SKIP","floor":29}],"player_experience":282563,"relics_obtained":[{"floor":9,"key":"Nunchaku"},{"floor":10,"key":"Mango"},{"floor":26,"key":"StoneCalendar"},{"floor":27,"key":"Champion Belt"},{"floor":29,"key":"Tiny Chest"}],"event_choices":[{"damage_healed":5,"gold_gain":0,"player_choice":"LEAVE ","damage_taken":0,"relics_obtained":[],"max_hp_gain":0,"max_hp_loss":0,"event_name":"betterSkull:BetterSkull","floor":2,"gold_loss":0,"cards_upgraded":[]},{"damage_healed":0,"gold_gain":0,"player_choice":"Upgraded","damage_taken":0,"max_hp_gain":0,"max_hp_loss":0,"event_name":"Upgrade Shrine","floor":3,"gold_loss":0,"cards_upgraded":["Twin Strike"]},{"damage_healed":0,"gold_gain":0,"player_choice":"Grow","damage_taken":0,"max_hp_gain":0,"max_hp_loss":0,"event_name":"Living Wall","floor":12,"gold_loss":0,"cards_upgraded":["Rampage"]},{"damage_healed":0,"gold_gain":0,"player_choice":"Trade","damage_taken":0,"relics_obtained":["CultistMask"],"max_hp_gain":0,"max_hp_loss":0,"event_name":"FaceTrader","floor":21,"gold_loss":0}],"is_beta":false,"boss_relics":[{"not_picked":["Black Blood","energizedSpire:CursedPentagram"],"picked":"energizedSpire:StickyHand"}],"items_purged_floors":[4,7],"is_endless":false,"potions_floor_spawned":[8,10,11,18,22,25],"killed_by":"bossMod:newCollector","ascension_level":13}}