{"host":"tch6k55kfxnw5l94","time":1611172440,"event":{"mods":["BaseMod","Downfall","Hermit","Luminous","Minty Spire (QoL Compilation)","StSLib","The Caster"],"gold_per_floor":[99,9999,10017,10017,9017,9027,9054,8854,7869,7889,7916,7930,7964,7985,8005,8101,8101,8001,8017,6467,6484,6218,6218,6218,6251,6251,5750,5750,5777,5797,5797,5810,5909,5909,5909,5926,5941,5508,5508,5508,5508,5522,5548,5548,5566,5566,5566,5597,5609,5609,5609,5634,5097,5097,5097,5097,5097],"floor_reached":58,"language":"ENG","playtime":3266,"items_purged":["bronze:Strike","bronze:Strike","bronze:Strike","bronze:Strike","bronze:Replicate","Injury","downfall:Aged"],"score":2519,"play_id":"92e9f0ea-ee43-4135-bd28-6d85e201f330","local_time":"20210120145400","is_ascension_mode":true,"campfire_choices":[{"floor":1.0,"key":"RECALL"},{"data":"Metamorphosis","floor":8.0,"key":"SMITH"},{"data":"bronze:Assembly","floor":18.0,"key":"SMITH"},{"data":"Master of Strategy","floor":23.0,"key":"SMITH"},{"data":"bronze:Format","floor":35.0,"key":"SMITH"},{"data":"bronze:Boost","floor":46.0,"key":"SMITH"},{"data":"Flash of Steel","floor":54.0,"key":"SMITH"}],"circlet_count":0,"master_deck":["bronze:Defend+1","bronze:Defend+1","bronze:Defend+1","bronze:Defend+1","bronze:Goto+1","Master of Strategy+1","bronze:DigitalCarnage+1","bronze:ClassDefault+1","bronze:ChildClass+1","Master of Strategy+1","bronze:FineTuning+1","Metamorphosis+1","bronze:Repair+1","expansioncontent:DashGenerateEvil+1","Deep Breath+1","bronze:Separator+1","bronze:Boost+1","bronze:FineTuning+1","bronze:Branch+1","bronze:CloningBeam+1","bronze:InfiniteBeams+1","bronze:Assembly+1","bronze:DigitalCarnage+1","bronze:HardenedForm+1","bronze:BronzeOrb+1","Deep Breath+1","bronze:GetLatest+1","expansioncontent:DashGenerateEvil+1","bronze:Iterate+1","bronze:Philosophize+1","bronze:FindAndReplace+1","bronze:ClassDefault+1","bronze:Iterate+1","Secret Weapon+1","bronze:Format+1","bronze:BuggyMess+1","bronze:Turbo+1","bronze:FineTuning+1","bronze:Format+1","bronze:Flail+1","bronze:ItsAFeature+1","bronze:Philosophize+1","CurseOfTheBell","bronze:Turbo+1","bronze:GetLatest+1","bronze:Turbo+1","Flash of Steel+1"],"relics":["bronze:BronzeCore","Spirit Poop","DollysMirror","Blood Vial","War Paint","PreservedInsect","Meat on the Bone","Cauldron","hexamod:CandleOfCauterizing","Gremlin Horn","Odd Mushroom","bronze:ElectromagneticCoil","OrangePellets","Ginger","Ice Cream","Vajra","Membership Card","MealTicket","TungstenRod","Bottled Lightning","Toolbox","Pen Nib","Guardian:PocketSentry","InkBottle","Philosopher\u0027s Stone","TheAbacus","FossilizedHelix","Ancient Tea Set","Mummified Hand","bronze:BottledCode","Toxic Egg 2","bronze:ProtectiveGoggles","Calling Bell","Bag of Preparation","Pantograph","StoneCalendar","Juzu Bracelet","Eternal Feather","HandDrill","Lantern","Kunai"],"acts_visited":["Exordium","TheCity","TheBeyond","TheEnding"],"potions_floor_usage":[],"damage_taken":[{"damage":15.0,"enemies":"Jaw Worm","floor":2.0,"turns":4.0},{"damage":0.0,"enemies":"Cultist","floor":3.0,"turns":2.0},{"damage":10.0,"enemies":"downfall:FleeingMerchant","floor":5.0,"turns":4.0},{"damage":0.0,"enemies":"2 Louse","floor":6.0,"turns":3.0},{"damage":7.0,"enemies":"downfall:FleeingMerchant","floor":9.0,"turns":4.0},{"damage":0.0,"enemies":"Large Slime","floor":10.0,"turns":1.0},{"damage":4.0,"enemies":"Lagavulin","floor":11.0,"turns":4.0},{"damage":0.0,"enemies":"2 Fungi Beasts","floor":12.0,"turns":2.0},{"damage":0.0,"enemies":"3 Sentries","floor":13.0,"turns":3.0},{"damage":4.0,"enemies":"The Mushroom Lair","floor":14.0,"turns":2.0},{"damage":0.0,"enemies":"Lots of Slimes","floor":15.0,"turns":1.0},{"damage":7.0,"enemies":"IC_STATUS_ARCHETYPE","floor":16.0,"turns":3.0},{"damage":0.0,"enemies":"Shell Parasite","floor":19.0,"turns":2.0},{"damage":9.0,"enemies":"downfall:FleeingMerchant","floor":20.0,"turns":4.0},{"damage":8.0,"enemies":"Chosen and Byrds","floor":21.0,"turns":4.0},{"damage":0.0,"enemies":"downfall:FleeingMerchant","floor":22.0,"turns":1.0},{"damage":0.0,"enemies":"Gremlin Leader","floor":25.0,"turns":2.0},{"damage":0.0,"enemies":"Book of Stabbing","floor":29.0,"turns":3.0},{"damage":15.0,"enemies":"Snake Plant","floor":30.0,"turns":3.0},{"damage":0.0,"enemies":"Sentry and Sphere","floor":32.0,"turns":1.0},{"damage":0.0,"enemies":"WA_ARCHETYPE_CALM","floor":33.0,"turns":5.0},{"damage":43.0,"enemies":"3 Darklings","floor":36.0,"turns":3.0},{"damage":0.0,"enemies":"Orb Walker","floor":37.0,"turns":1.0},{"damage":0.0,"enemies":"Jaw Worm Horde","floor":42.0,"turns":1.0},{"damage":0.0,"enemies":"Reptomancer","floor":43.0,"turns":1.0},{"damage":0.0,"enemies":"Transient","floor":45.0,"turns":5.0},{"damage":0.0,"enemies":"Giant Head","floor":48.0,"turns":1.0},{"damage":0.0,"enemies":"Writhing Mass","floor":49.0,"turns":1.0},{"damage":0.0,"enemies":"SI_POISON_ARCHETYPE","floor":50.0,"turns":4.0},{"damage":0.0,"enemies":"downfall:CharBossMerchant","floor":52.0,"turns":4.0},{"damage":7.0,"enemies":"downfall:NeowBoss","floor":55.0,"turns":6.0},{"damage":0,"enemies":"downfall:NeowBossFinal","floor":56,"turns":3},{"damage":12,"enemies":"downfall:NeowBossFinal","floor":57,"turns":5}],"seed_played":"-4897526833333748316","potions_obtained":[{"floor":3.0,"key":"FearPotion"},{"floor":9.0,"key":"DuplicationPotion"},{"floor":9.0,"key":"PowerPotion"},{"floor":10.0,"key":"bronze:BurnAndBuffPotion"},{"floor":12.0,"key":"BlessingOfTheForge"},{"floor":15.0,"key":"Swift Potion"},{"floor":16.0,"key":"champ:CounterPotion"},{"floor":26.0,"key":"CultistPotion"},{"floor":30.0,"key":"Guardian:BlockOnCardUsePotion"},{"floor":42.0,"key":"SteroidPotion"},{"floor":52.0,"key":"bronze:BurnAndBuffPotion"}],"is_trial":false,"path_per_floor":["R","M","M","?","$","M","T","R","$","M","E","M","E","?","M","B",null,"R","M","$","M","$","R","T","E","?","$","?","E","M","?","M","B",null,"R","M","M","$","T","?","T","M","E","?","M","R","?","E","M","B",null,"E","$","R","B","B","B",null],"character_chosen":"THE_AUTOMATON","items_purchased":["DollysMirror","Blood Vial","War Paint","Explosive Potion","LiquidMemories","bronze:BuildAFunctionPotion","bronze:FineTuning","Metamorphosis","PreservedInsect","Meat on the Bone","Cauldron","expansioncontent:DashGenerateEvil","Deep Breath","bronze:Separator","OrangePellets","Ginger","Ice Cream","bronze:HardenedForm","bronze:BronzeOrb","LiquidMemories","hexamod:SoulburnPotion","SpeedPotion","Deep Breath","bronze:GetLatest","expansioncontent:DashGenerateEvil","Vajra","Membership Card","MealTicket","bronze:FindAndReplace","Block Potion","bronze:ClassDefault","Toolbox","Pen Nib","Guardian:PocketSentry","Secret Weapon","bronze:Format","bronze:BuggyMess","TheAbacus","FossilizedHelix","Ancient Tea Set","SkillPotion","bronze:ItsAFeature","HandDrill","Lantern","Kunai","Flash of Steel","bronze:FreeFunctionsPotion","Fruit Juice","AttackPotion"],"campfire_rested":0,"item_purchase_floors":[5,5,5,5,5,5,5,5,9,9,9,9,9,9,20,20,20,20,20,20,20,20,20,20,20,22,22,22,22,22,22,27,27,27,27,27,27,38,38,38,38,38,53,53,53,53,53,53,53],"current_hp_per_floor":[70,55,55,55,45,47,47,57,59,80,80,80,80,76,78,73,80,80,80,71,72,74,74,74,76,76,80,80,80,65,65,67,69,80,80,51,53,68,68,68,68,70,70,70,70,70,60,60,60,60,60,60,65,65,65,65,53],"gold":5097,"neow_bonus":"RANDOM_COLORLESS_2","is_daily":false,"chose_seed":false,"campfire_upgraded":6,"win_rate":0.0,"timestamp":1611172440,"path_taken":["R","M","M","?","?","M","T","R","$","M","E","M","E","?","M","BOSS","R","M","$","M","$","R","T","E","?","$","?","E","M","?","M","BOSS","R","M","M","$","?","?","T","M","E","?","M","R","?","E","M","BOSS","E","$","R","BOSS","BOSS","BOSS"],"items_purchased_type":["Relic","Relic","Relic","Potion","Potion","Potion","Card","Card","Relic","Relic","Relic","Card","Card","Card","Relic","Relic","Relic","Card","Card","Potion","Potion","Potion","Card","Card","Card","Relic","Relic","Relic","Card","Potion","Card","Relic","Relic","Relic","Card","Card","Card","Relic","Relic","Relic","Potion","Card","Relic","Relic","Relic","Card","Potion","Potion","Potion"],"build_version":"2020-12-22","purchased_purges":7,"victory":true,"max_hp_per_floor":[70,70,70,70,70,70,70,80,80,80,80,80,80,80,80,80,80,80,80,80,80,80,80,80,80,80,80,80,80,80,80,80,80,80,80,80,80,80,80,70,70,70,70,70,70,70,60,60,60,60,60,60,65,65,65,65,65],"card_choices":[{"not_picked":["Sadistic Nature","Mayhem"],"picked":"Master of Strategy","floor":0.0},{"not_picked":["bronze:BugBarrage","bronze:DelayedSlice"],"picked":"bronze:DigitalCarnage","floor":2.0},{"not_picked":["bronze:DelayedGuard","bronze:DelayedSlice"],"picked":"bronze:ClassDefault","floor":3.0},{"not_picked":["bronze:ItsAFeature","bronze:BitShift"],"picked":"bronze:ChildClass","floor":5.0},{"not_picked":["bronze:BuggyMess","bronze:Shell"],"picked":"bronze:Repair","floor":6.0},{"not_picked":["bronze:OilSpill","bronze:ForLoop","bronze:ShipIt"],"picked":"SKIP","floor":9.0},{"not_picked":["bronze:Frontload","bronze:ForLoop"],"picked":"bronze:Iterate","floor":10.0},{"not_picked":["bronze:Invalidate","bronze:BugBarrage"],"picked":"bronze:Boost","floor":11.0},{"not_picked":["bronze:GetLatest","bronze:ChildClass"],"picked":"bronze:FineTuning","floor":12.0},{"not_picked":["bronze:Invalidate","bronze:Deprecate"],"picked":"bronze:Branch","floor":13.0},{"not_picked":["bronze:Shell","bronze:Iterate"],"picked":"bronze:CloningBeam","floor":14.0},{"not_picked":["bronze:BugBarrage","bronze:NullPointer"],"picked":"bronze:InfiniteBeams","floor":15.0},{"not_picked":["bronze:Virus","bronze:ShipIt"],"picked":"bronze:Assembly","floor":16.0},{"not_picked":["bronze:DelayedSlice","bronze:ItsAFeature+1"],"picked":"bronze:DigitalCarnage","floor":19.0},{"not_picked":["bronze:CutThrough","bronze:CloningBeam","bronze:Shield"],"picked":"SKIP","floor":20.0},{"not_picked":["bronze:InfiniteBeams","bronze:Branch"],"picked":"bronze:Iterate+1","floor":21.0},{"not_picked":["bronze:Invalidate","bronze:OilSpill"],"picked":"bronze:Philosophize+1","floor":22.0},{"not_picked":["bronze:Deprecate+1","bronze:Overload"],"picked":"bronze:Iterate+1","floor":25.0},{"not_picked":["bronze:CutThrough","bronze:BugBarrage+1","bronze:Refactor"],"picked":"SKIP","floor":29.0},{"not_picked":["bronze:Constructor+1","bronze:CutThrough"],"picked":"bronze:Turbo","floor":30.0},{"not_picked":["bronze:BugBarrage+1","bronze:Deprecate"],"picked":"bronze:FineTuning","floor":32.0},{"not_picked":["bronze:Break","bronze:Mutator"],"picked":"bronze:Format","floor":33.0},{"not_picked":["bronze:BitShift","bronze:DelayedGuard"],"picked":"bronze:Flail","floor":36.0},{"not_picked":["bronze:Overheat","bronze:Constructor+1","bronze:DelayedGuard"],"picked":"SKIP","floor":37.0},{"not_picked":["bronze:Frontload+1","bronze:CutThrough+1","bronze:Deprecate+1"],"picked":"SKIP","floor":42.0},{"not_picked":["bronze:DelayedSlice","bronze:DelayedGuard+1"],"picked":"bronze:Philosophize+1","floor":43.0},{"not_picked":["bronze:Separator+1","bronze:ClassDefault+1"],"picked":"bronze:Turbo+1","floor":45.0},{"not_picked":["bronze:ForLoop+1","bronze:Backtrace"],"picked":"bronze:GetLatest+1","floor":48.0},{"not_picked":["bronze:ItsAFeature+1","bronze:Virus","bronze:Refactor+1"],"picked":"SKIP","floor":49.0},{"not_picked":["bronze:FollowUp","bronze:DelayedSlice+1"],"picked":"bronze:Turbo+1","floor":52.0}],"player_experience":273307,"relics_obtained":[{"floor":11.0,"key":"hexamod:CandleOfCauterizing"},{"floor":13.0,"key":"Gremlin Horn"},{"floor":14.0,"key":"Odd Mushroom"},{"floor":24.0,"key":"TungstenRod"},{"floor":25.0,"key":"Bottled Lightning"},{"floor":29.0,"key":"InkBottle"},{"floor":39.0,"key":"Mummified Hand"},{"floor":41.0,"key":"Toxic Egg 2"},{"floor":43.0,"key":"bronze:ProtectiveGoggles"},{"floor":44.0,"key":"Bag of Preparation"},{"floor":44.0,"key":"Pantograph"},{"floor":44.0,"key":"StoneCalendar"},{"floor":48.0,"key":"Juzu Bracelet"},{"floor":52.0,"key":"Eternal Feather"}],"event_choices":[{"cards_removed":["Shame"],"damage_healed":0.0,"max_hp_gain":0.0,"max_hp_loss":0.0,"gold_gain":0.0,"event_name":"Bonfire Elementals","player_choice":"Offered Curse","floor":4.0,"gold_loss":0.0,"damage_taken":0.0,"relics_obtained":["Spirit Poop"]},{"damage_healed":0.0,"max_hp_gain":0.0,"max_hp_loss":0.0,"gold_gain":0.0,"event_name":"Mushrooms","player_choice":"Fought Mushrooms","floor":14.0,"gold_loss":0.0,"damage_taken":0.0}],"is_beta":false,"boss_relics":[{"not_picked":["Coffee Dripper","Runic Dome"],"picked":"bronze:ElectromagneticCoil"},{"not_picked":["Busted Crown","bronze:PlatinumCore"],"picked":"Philosopher\u0027s Stone"}],"items_purged_floors":[5,9,20,22,27,38,53],"is_endless":false,"potions_floor_spawned":[3,10,12,15,16,30,33,37,42,52],"ascension_level":3}}