{"host":"fevvm7bbzuh4s1jc","time":1611171159,"event":{"mods":["BaseMod","Highlight Path","Minty Spire (QoL Compilation)","Relic Stats"],"gold_per_floor":[117,117,117,177,377,406,456,486,534,534,602,127,157,177,177,249,249,222,0,50,118,188,221,221,231,258,23,23,37,368,379,379,456,456,475,97,110,212,223,255,305,339,364,395,445,445,509,524,524,524,524,524,524,7,42,42],"floor_reached":57,"language":"ENG","playtime":7812,"items_purged":["Strike_G","Strike_G","Strike_G","Defend_G","Defend_G"],"score":3225,"play_id":"118f5063-e8e2-4e9e-ae28-e4b689361cec","local_time":"20210120143239","is_ascension_mode":true,"campfire_choices":[{"floor":10.0,"key":"REST"},{"data":"Corpse Explosion","floor":15.0,"key":"SMITH"},{"data":"Wraith Form v2","floor":24.0,"key":"SMITH"},{"data":"Noxious Fumes","floor":28.0,"key":"SMITH"},{"data":"Concentrate","floor":32.0,"key":"SMITH"},{"floor":46,"key":"RECALL"},{"data":"Tactician","floor":49,"key":"SMITH"},{"data":"Calculated Gamble","floor":53,"key":"SMITH"}],"circlet_count":0,"master_deck":["AscendersBane","Strike_G","Strike_G","Defend_G","Defend_G","Defend_G","Survivor","Neutralize","Dagger Spray","Predator","Corpse Explosion+1","Glass Knife","Wraith Form v2+1","Night Terror","Wraith Form v2+1","Concentrate+1","Noxious Fumes+1","Prepared+1","Deflect+1","Tactician+1","Die Die Die","Acrobatics","Madness","Madness","Calculated Gamble+1","Acrobatics","Reflex+1","Adrenaline"],"relics":["Ring of the Snake","NeowsBlessing","Potion Belt","SsserpentHead","White Beast Statue","Pen Nib","Bag of Preparation","Mummified Hand","Bottled Lightning","Runic Pyramid","Pantograph","Akabeko","OrangePellets","Old Coin","Runic Dome","Toolbox","Tough Bandages","Dream Catcher","Bronze Scales","Letter Opener","CaptainsWheel","Toy Ornithopter"],"acts_visited":["Exordium","TheCity","TheBeyond","TheEnding"],"potions_floor_usage":[50,56,56,56,56,56],"damage_taken":[{"damage":0.0,"enemies":"Small Slimes","floor":1.0,"turns":1.0},{"damage":0.0,"enemies":"2 Louse","floor":4.0,"turns":1.0},{"damage":0.0,"enemies":"Lagavulin","floor":6.0,"turns":1.0},{"damage":26.0,"enemies":"3 Sentries","floor":8.0,"turns":5.0},{"damage":0.0,"enemies":"Cultist","floor":11.0,"turns":2.0},{"damage":0.0,"enemies":"Gremlin Nob","floor":13.0,"turns":3.0},{"damage":2.0,"enemies":"2 Fungi Beasts","floor":14.0,"turns":3.0},{"damage":31.0,"enemies":"Slime Boss","floor":16.0,"turns":10.0},{"damage":14.0,"enemies":"2 Thieves","floor":18.0,"turns":5.0},{"damage":2.0,"enemies":"Shell Parasite","floor":21.0,"turns":4.0},{"damage":1.0,"enemies":"Shelled Parasite and Fungi","floor":22.0,"turns":5.0},{"damage":1.0,"enemies":"Gremlin Leader","floor":23.0,"turns":8.0},{"damage":3.0,"enemies":"Centurion and Healer","floor":25.0,"turns":5.0},{"damage":3.0,"enemies":"Snake Plant","floor":29.0,"turns":3.0},{"damage":3.0,"enemies":"Slavers","floor":30.0,"turns":3.0},{"damage":0.0,"enemies":"Chosen and Byrds","floor":31.0,"turns":3.0},{"damage":2.0,"enemies":"Champ","floor":33.0,"turns":14.0},{"damage":1.0,"enemies":"Orb Walker","floor":35.0,"turns":3.0},{"damage":0.0,"enemies":"3 Shapes","floor":37.0,"turns":3.0},{"damage":0.0,"enemies":"2 Orb Walkers","floor":38.0,"turns":2.0},{"damage":0.0,"enemies":"3 Darklings","floor":39.0,"turns":2.0},{"damage":0.0,"enemies":"Nemesis","floor":40.0,"turns":7.0},{"damage":0.0,"enemies":"Giant Head","floor":42.0,"turns":10.0},{"damage":0,"enemies":"Nemesis","floor":44,"turns":11},{"damage":4,"enemies":"Writhing Mass","floor":47,"turns":4},{"damage":0,"enemies":"Transient","floor":48,"turns":6},{"damage":0,"enemies":"Awakened One","floor":50,"turns":11},{"damage":0,"enemies":"Time Eater","floor":51,"turns":13},{"damage":7,"enemies":"Shield and Spear","floor":55,"turns":5},{"damage":6,"enemies":"The Heart","floor":56,"turns":8}],"seed_played":"-1728242603032558933","potions_obtained":[{"floor":4.0,"key":"Energy Potion"},{"floor":8.0,"key":"Strength Potion"},{"floor":11.0,"key":"DistilledChaos"},{"floor":13.0,"key":"PowerPotion"},{"floor":14.0,"key":"Swift Potion"},{"floor":16.0,"key":"SpeedPotion"},{"floor":18.0,"key":"DistilledChaos"},{"floor":21.0,"key":"CunningPotion"},{"floor":22.0,"key":"Poison Potion"},{"floor":23.0,"key":"Fire Potion"},{"floor":25.0,"key":"BlessingOfTheForge"},{"floor":29.0,"key":"Fruit Juice"},{"floor":30.0,"key":"BlessingOfTheForge"},{"floor":31.0,"key":"AttackPotion"},{"floor":33.0,"key":"Swift Potion"},{"floor":35.0,"key":"FairyPotion"},{"floor":37.0,"key":"EntropicBrew"},{"floor":55,"key":"SteroidPotion"}],"is_trial":false,"path_per_floor":["M","?","?","M","?","E","?","E","T","R","M","$","E","M","R","B",null,"M","$","?","M","M","E","R","M","T","$","R","M","E","M","R","B",null,"M","$","M","?","M","E","?","E","T","E","?","R","M","M","R","B","B",null,"R","$","E","B",null],"character_chosen":"THE_SILENT","items_purchased":["Wraith Form v2","Mummified Hand","Fire Potion","Concentrate","Noxious Fumes","OrangePellets","Toolbox","Acrobatics","CaptainsWheel"],"campfire_rested":1,"item_purchase_floors":[12,12,12,19,19,27,36,36,54],"current_hp_per_floor":[59,48,48,48,48,48,48,22,22,41,41,41,41,39,39,8,52,38,38,38,36,35,34,34,31,31,31,31,28,30,30,30,53,67,66,66,66,66,66,66,53,53,53,53,53,53,49,49,49,71,71,71,71,71,64,71],"gold":42,"neow_bonus":"THREE_ENEMY_KILL","is_daily":false,"chose_seed":false,"campfire_upgraded":6,"win_rate":0.0,"timestamp":1611171159,"path_taken":["M","?","?","?","?","E","?","E","T","R","?","$","E","M","R","BOSS","M","$","?","?","?","E","R","M","T","?","R","M","E","M","R","BOSS","M","$","M","?","M","E","?","E","T","E","?","R","?","M","R","BOSS","BOSS","R","$","E","BOSS"],"items_purchased_type":["Card","Relic","Potion","Card","Card","Relic","Relic","Card","Relic"],"build_version":"2020-12-22","purchased_purges":5,"victory":true,"max_hp_per_floor":[66,66,66,66,66,66,66,66,66,66,66,66,66,66,66,66,66,66,66,66,66,66,66,66,66,66,66,66,66,71,71,71,71,71,71,71,71,71,71,71,71,71,71,71,71,71,71,71,71,71,71,71,71,71,71,71],"relic_stats":{"counters":[30,161],"Pen Nib":[24],"Bag of Preparation":[52],"Letter Opener":[288],"SsserpentHead":600,"OrangePellets":[44],"Tough Bandages":[858],"Dream Catcher":0,"Mummified Hand":[141],"Pantograph":54,"Bronze Scales":[282],"obtain_stats":[{"Potion Belt":2,"NeowsBlessing":0,"Pen Nib":8,"Bag of Preparation":9,"Letter Opener":44,"White Beast Statue":6,"Akabeko":26,"Old Coin":30,"SsserpentHead":3,"OrangePellets":27,"Runic Dome":34,"Tough Bandages":38,"Dream Catcher":40,"CaptainsWheel":54,"Mummified Hand":12,"Pantograph":23,"Bronze Scales":42,"Toolbox":36,"Bottled Lightning":13,"Toy Ornithopter":55,"Ring of the Snake":0,"Runic Pyramid":17},{"Potion Belt":1,"NeowsBlessing":0,"Pen Nib":4,"Bag of Preparation":4,"Letter Opener":24,"White Beast Statue":3,"Akabeko":13,"Old Coin":15,"SsserpentHead":1,"OrangePellets":13,"Runic Dome":17,"Tough Bandages":20,"Dream Catcher":22,"CaptainsWheel":28,"Mummified Hand":5,"Pantograph":12,"Bronze Scales":23,"Toolbox":18,"Bottled Lightning":6,"Toy Ornithopter":29,"Ring of the Snake":0,"Runic Pyramid":8},{"Potion Belt":1,"NeowsBlessing":0,"Pen Nib":8,"Bag of Preparation":8,"Letter Opener":114,"White Beast Statue":3,"Akabeko":53,"Old Coin":59,"SsserpentHead":1,"OrangePellets":53,"Runic Dome":76,"Tough Bandages":84,"Dream Catcher":93,"CaptainsWheel":148,"Mummified Hand":10,"Pantograph":48,"Bronze Scales":103,"Toolbox":79,"Bottled Lightning":13,"Toy Ornithopter":153,"Ring of the Snake":0,"Runic Pyramid":26}],"Toy Ornithopter":6,"Ring of the Snake":[60]},"card_choices":[{"not_picked":["Choke","Prepared"],"picked":"Dagger Spray","floor":1.0},{"not_picked":["Cloak And Dagger","Quick Slash"],"picked":"Predator","floor":4.0},{"not_picked":["Caltrops","Reflex"],"picked":"Corpse Explosion","floor":6.0},{"not_picked":["Expertise","Masterful Stab"],"picked":"Glass Knife","floor":8.0},{"not_picked":["All Out Attack","Backflip","Choke"],"picked":"SKIP","floor":11.0},{"not_picked":["Flechettes","Catalyst"],"picked":"Night Terror","floor":13.0},{"not_picked":["Distraction","Caltrops","Choke"],"picked":"SKIP","floor":14.0},{"not_picked":["A Thousand Cuts","Adrenaline"],"picked":"Wraith Form v2","floor":16.0},{"not_picked":["Endless Agony","Eviscerate","Poisoned Stab"],"picked":"SKIP","floor":18.0},{"not_picked":["Slice","Quick Slash+1"],"picked":"Prepared+1","floor":21.0},{"not_picked":["Dodge and Roll","Deflect","Accuracy"],"picked":"SKIP","floor":22.0},{"not_picked":["Acrobatics","Crippling Poison"],"picked":"Deflect+1","floor":23.0},{"not_picked":["Bane","Flying Knee+1"],"picked":"Tactician","floor":25.0},{"not_picked":["Skewer","Endless Agony","Quick Slash"],"picked":"SKIP","floor":29.0},{"not_picked":["Cloak And Dagger","Blade Dance"],"picked":"Die Die Die","floor":30.0},{"not_picked":["Poisoned Stab","Dagger Spray","Blade Dance"],"picked":"SKIP","floor":31.0},{"not_picked":["Dash","Endless Agony+1","Cloak And Dagger+1"],"picked":"SKIP","floor":35.0},{"not_picked":["Slice","Bane+1","Predator"],"picked":"SKIP","floor":37.0},{"not_picked":["Dagger Spray+1","Dodge and Roll","Flying Knee"],"picked":"SKIP","floor":39.0},{"not_picked":["Dagger Spray+1","Dodge and Roll","Flying Knee"],"picked":"SKIP","floor":39.0},{"not_picked":["Backflip","Cloak And Dagger","Venomology"],"picked":"SKIP","floor":40.0},{"not_picked":["Outmaneuver+1","Bane"],"picked":"Calculated Gamble","floor":42.0},{"not_picked":["Dodge and Roll+1","Bane"],"picked":"Acrobatics","floor":44},{"not_picked":["Heel Hook","Outmaneuver","Flying Knee+1"],"picked":"SKIP","floor":47},{"not_picked":["Deadly Poison","PiercingWail"],"picked":"Reflex+1","floor":48},{"not_picked":["Expertise","Malaise"],"picked":"Adrenaline","floor":55}],"player_experience":2702718,"relics_obtained":[{"floor":6.0,"key":"White Beast Statue"},{"floor":8.0,"key":"Pen Nib"},{"floor":9.0,"key":"Bag of Preparation"},{"floor":13.0,"key":"Bottled Lightning"},{"floor":23.0,"key":"Pantograph"},{"floor":26.0,"key":"Akabeko"},{"floor":30.0,"key":"Old Coin"},{"floor":38.0,"key":"Tough Bandages"},{"floor":40.0,"key":"Dream Catcher"},{"floor":42.0,"key":"Bronze Scales"},{"floor":44,"key":"Letter Opener"},{"floor":55,"key":"Toy Ornithopter"}],"event_choices":[{"damage_healed":0.0,"max_hp_gain":0.0,"max_hp_loss":0.0,"gold_gain":0.0,"event_name":"Scrap Ooze","player_choice":"Success","floor":2.0,"gold_loss":0.0,"damage_taken":11.0,"relics_obtained":["Potion Belt"]},{"damage_healed":0.0,"max_hp_gain":0.0,"max_hp_loss":0.0,"gold_gain":0.0,"event_name":"FaceTrader","player_choice":"Trade","floor":3.0,"gold_loss":0.0,"damage_taken":0.0,"relics_obtained":["SsserpentHead"]},{"damage_healed":0.0,"max_hp_gain":0.0,"max_hp_loss":0.0,"gold_gain":150.0,"event_name":"Liars Game","player_choice":"AGREE","floor":5.0,"gold_loss":0.0,"damage_taken":0.0,"cards_obtained":["Doubt"]},{"cards_removed":["Doubt"],"damage_healed":0.0,"max_hp_gain":0.0,"max_hp_loss":0.0,"gold_gain":0.0,"event_name":"Fountain of Cleansing","player_choice":"Removed Curses","floor":7.0,"gold_loss":0.0,"damage_taken":0.0},{"damage_healed":0.0,"max_hp_gain":0.0,"max_hp_loss":0.0,"gold_gain":0.0,"event_name":"Upgrade Shrine","player_choice":"Upgraded","floor":20.0,"gold_loss":0.0,"damage_taken":0.0,"cards_upgraded":["Wraith Form v2"]},{"damage_healed":0.0,"max_hp_gain":0.0,"max_hp_loss":0.0,"gold_gain":0.0,"event_name":"Mysterious Sphere","player_choice":"Fight","floor":38.0,"gold_loss":0.0,"damage_taken":0.0},{"damage_healed":0.0,"max_hp_gain":0.0,"max_hp_loss":0.0,"gold_gain":0.0,"event_name":"Winding Halls","player_choice":"Embrace Madness","floor":41.0,"gold_loss":0.0,"damage_taken":13.0,"cards_obtained":["Madness","Madness"]},{"damage_healed":0,"gold_gain":0,"player_choice":"Ignored","damage_taken":0,"max_hp_gain":0,"max_hp_loss":0,"event_name":"SecretPortal","floor":45,"gold_loss":0}],"is_beta":false,"boss_relics":[{"not_picked":["Velvet Choker","SlaversCollar"],"picked":"Runic Pyramid"},{"not_picked":["Coffee Dripper","Sozu"],"picked":"Runic Dome"}],"items_purged_floors":[12,19,27,36,54],"is_endless":false,"potions_floor_spawned":[4,8,11,13,14,16,18,21,22,23,25,29,30,31,33,35,37,38,39,40,42,44,47,48,55],"ascension_level":20}}