{"host":"mhzgc0zma59jtmoj","time":1611121941,"event":{"mods":["BaseMod","BetterRewards","Custom Start","Glutton Mod","Hermit","Ironclad Rager","Koishi","Luminous","Minty Spire (QoL Compilation)","Shade Mod","Somnambulant","StSLib","The Cursed","The Hierophant","The Jungle","The Necromancer","Treasure Hunter"],"gold_per_floor":[160,172,184,184,207,251,251,268,293,293,293,218,233,246,246,371,371,392,420,179,179,179,200,218,133,176,192,230,251,251,251,260,395,395,415,434,452,510,573,579,579],"floor_reached":40,"language":"ENG","playtime":9038,"items_purged":["Regret"],"score":435,"play_id":"ac828f05-6d0e-4411-b642-716ae7b6ffb0","local_time":"20210120005221","daily_mods":["SealedDeck"],"is_ascension_mode":false,"campfire_choices":[{"floor":7.0,"key":"REST"},{"floor":10.0,"key":"REST"},{"floor":15.0,"key":"REST"},{"floor":30,"key":"REST"},{"floor":32,"key":"REST"}],"circlet_count":0,"master_deck":["somnambulantmod: UnthoughtKnown","somnambulantmod: TrepanningBlow","somnambulantmod: Trauma","somnambulantmod: Blink","somnambulantmod: TimeCompression","somnambulantmod: HeavyLids+1","somnambulantmod: HeavyLids","somnambulantmod: HorrificThought","somnambulantmod: HorrificThought+1","somnambulantmod: Blink","somnambulantmod: SleepParalysis","TH:CopperCoins+1","somnambulantmod: Wake","somnambulantmod: Reject","TH:DeckOfManyThings","TH:Mimic+1","somnambulantmod: LoseForm","Decay","TH:Mimic+1","somnambulantmod: Hush+1","somnambulantmod: LoseForm","Madness","Madness"],"relics":["somnambulantmod: DreamJournal","Golden Idol","Meat on the Bone","Potion Belt","Cursed Key","somnambulantmod: MemoirOfAnother","Nloth\u0027s Gift","CeramicFish","Dream Catcher","Akabeko","Sozu","Prayer Wheel","FossilizedHelix"],"acts_visited":["Exordium","TheCity","TheBeyond"],"potions_floor_usage":[33],"damage_taken":[{"damage":0.0,"enemies":"Small Slimes","floor":1.0,"turns":2.0},{"damage":0.0,"enemies":"Cultist","floor":2.0,"turns":2.0},{"damage":0.0,"enemies":"Jaw Worm","floor":3.0,"turns":3.0},{"damage":4.0,"enemies":"Exordium Wildlife","floor":5.0,"turns":1.0},{"damage":30.0,"enemies":"Lagavulin","floor":6.0,"turns":6.0},{"damage":1.0,"enemies":"Blue Slaver","floor":8.0,"turns":3.0},{"damage":2.0,"enemies":"2 Fungi Beasts","floor":13.0,"turns":2.0},{"damage":11.0,"enemies":"Exordium Thugs","floor":14.0,"turns":4.0},{"damage":45.0,"enemies":"Slime Boss","floor":16.0,"turns":10.0},{"damage":0.0,"enemies":"Spheric Guardian","floor":18.0,"turns":3.0},{"damage":0.0,"enemies":"Chosen","floor":19.0,"turns":5.0},{"damage":16.0,"enemies":"3 Cultists","floor":23.0,"turns":3.0},{"damage":9.0,"enemies":"Centurion and Healer","floor":24.0,"turns":3.0},{"damage":31.0,"enemies":"Snake Plant","floor":27.0,"turns":4.0},{"damage":36.0,"enemies":"Gremlin Leader","floor":28.0,"turns":5.0},{"damage":13,"enemies":"Cultist and Chosen","floor":29,"turns":6},{"damage":61,"enemies":"Automaton","floor":33,"turns":8},{"damage":3,"enemies":"3 Shapes","floor":35,"turns":3},{"damage":0,"enemies":"Orb Walker","floor":36,"turns":2},{"damage":33,"enemies":"2 Orb Walkers","floor":38,"turns":3},{"damage":1,"enemies":"Mind Bloom Boss Battle","floor":39,"turns":3},{"damage":46,"enemies":"Jaw Worm Horde","floor":40,"turns":2}],"seed_played":"-6172928261635602698","potions_obtained":[{"floor":3.0,"key":"SteroidPotion"},{"floor":6.0,"key":"FearPotion"},{"floor":8.0,"key":"Strength Potion"},{"floor":16.0,"key":"Swift Potion"},{"floor":18.0,"key":"FairyPotion"},{"floor":27.0,"key":"FearPotion"},{"floor":33,"key":"Fruit Juice"}],"is_trial":true,"path_per_floor":["M","M","M","?","M","E","R","M","T","R","?","$","M","M","R","B",null,"M","M","$","?","$","M","M","?","T","M","E","M","R","?","R","B",null,"M","M","?","?","?","M"],"character_chosen":"THE_SOMNAMBULANT","items_purchased":["somnambulantmod: MemoirOfAnother"],"campfire_rested":5,"item_purchase_floors":[20],"current_hp_per_floor":[70,70,70,65,61,31,52,51,51,69,69,69,67,56,71,38,71,71,71,71,71,71,55,46,46,46,27,24,23,46,70,75,31,80,77,77,67,46,45,0,0],"gold":579,"neow_bonus":"","is_daily":false,"chose_seed":false,"campfire_upgraded":0,"win_rate":0.0,"timestamp":1611121941,"path_taken":["M","M","M","?","M","E","R","M","T","R","?","$","M","M","R","BOSS","M","M","$","?","?","M","M","?","T","M","E","M","R","?","R","BOSS","M","M","?","?","?","M"],"items_purchased_type":["Relic"],"build_version":"2020-12-22","purchased_purges":1,"victory":false,"max_hp_per_floor":[70,70,70,65,65,65,67,67,67,69,69,69,69,69,71,71,71,71,71,71,71,71,71,71,71,71,71,71,71,73,73,75,80,80,80,80,80,80,80,80,80],"card_choices":[{"not_picked":["somnambulantmod: Harden","somnambulantmod: Bruise","somnambulantmod: DreamBig"],"picked":"SKIP","floor":1.0},{"not_picked":["somnambulantmod: SnuggleUp","somnambulantmod: BadIdea","somnambulantmod: Unmake"],"picked":"SKIP","floor":2.0},{"not_picked":["somnambulantmod: Blink","somnambulantmod: BadIdea"],"picked":"somnambulantmod: SleepParalysis","floor":3.0},{"not_picked":["somnambulantmod: AllForNothing","somnambulantmod: InLimbo","somnambulantmod: HeavyLids"],"picked":"SKIP","floor":5.0},{"not_picked":["TH:PixieDust"],"picked":"TH:CopperCoins","floor":6.0},{"not_picked":["somnambulantmod: Remember","somnambulantmod: DarkeningMind"],"picked":"somnambulantmod: Wake","floor":6.0},{"not_picked":["somnambulantmod: TrepanningBlow","somnambulantmod: AllForNothing"],"picked":"somnambulantmod: Reject","floor":8.0},{"not_picked":["TH:ArmorSpikes"],"picked":"TH:DeckOfManyThings","floor":9.0},{"not_picked":["somnambulantmod: Stumble","somnambulantmod: Stimulus","somnambulantmod: Pinch"],"picked":"SKIP","floor":13.0},{"not_picked":["somnambulantmod: SnuggleUp","somnambulantmod: DeeperSleep","somnambulantmod: Stimulus"],"picked":"SKIP","floor":14.0},{"not_picked":["TH:ElvenBoots"],"picked":"TH:Mimic","floor":16.0},{"not_picked":["somnambulantmod: Mindlessness","somnambulantmod: Narcolepsy"],"picked":"somnambulantmod: LoseForm","floor":16.0},{"not_picked":["somnambulantmod: Harden","somnambulantmod: Cower","somnambulantmod: Pinch"],"picked":"SKIP","floor":18.0},{"not_picked":["somnambulantmod: Repression","somnambulantmod: TrepanningBlow","somnambulantmod: TimeCompression"],"picked":"SKIP","floor":19.0},{"not_picked":["somnambulantmod: BrainFeeder","somnambulantmod: RecurringDream+1","somnambulantmod: Amnausea"],"picked":"SKIP","floor":23.0},{"not_picked":["somnambulantmod: BadIdea","somnambulantmod: Repression","somnambulantmod: Overshare+1"],"picked":"SKIP","floor":24.0},{"not_picked":["TH:CursedSword"],"picked":"TH:Mimic","floor":26.0},{"not_picked":["somnambulantmod: ShimmeringVeil","somnambulantmod: LeechFears","somnambulantmod: Bruise"],"picked":"SKIP","floor":27.0},{"not_picked":["somnambulantmod: ShimmeringVeil","somnambulantmod: LeechFears","somnambulantmod: Bruise"],"picked":"SKIP","floor":27.0},{"not_picked":["TH:PixieDust","TH:TreasureMap"],"picked":"SKIP","floor":28.0},{"not_picked":["somnambulantmod: Ignorance","somnambulantmod: Unburden","somnambulantmod: Inspiration"],"picked":"SKIP","floor":28.0},{"not_picked":["somnambulantmod: Pinch+1","somnambulantmod: Damping","somnambulantmod: BadIdea"],"picked":"SKIP","floor":29},{"not_picked":["Power Through+1","Blade Dance+1","Sweeping Beam+1"],"picked":"somnambulantmod: Hush+1","floor":32},{"not_picked":["somnambulantmod: Unburden","somnambulantmod: Ignorance"],"picked":"somnambulantmod: LoseForm","floor":33},{"not_picked":["somnambulantmod: BrainFeeder+1","somnambulantmod: Nosebleed+1","somnambulantmod: Remember"],"picked":"SKIP","floor":35},{"not_picked":["somnambulantmod: UnthoughtKnown+1","somnambulantmod: DarkeningMind+1","somnambulantmod: LayeredDefense+1"],"picked":"SKIP","floor":36}],"player_experience":201222,"relics_obtained":[{"floor":6.0,"key":"Meat on the Bone"},{"floor":9.0,"key":"Potion Belt"},{"floor":26.0,"key":"Dream Catcher"},{"floor":28.0,"key":"Akabeko"},{"floor":38,"key":"Prayer Wheel"},{"floor":39,"key":"FossilizedHelix"}],"event_choices":[{"damage_healed":0.0,"max_hp_gain":0.0,"max_hp_loss":5.0,"gold_gain":0.0,"event_name":"Golden Idol","player_choice":"Lose Max HP","floor":4.0,"gold_loss":0.0,"damage_taken":0.0,"relics_obtained":["Golden Idol"]},{"damage_healed":0.0,"max_hp_gain":0.0,"max_hp_loss":0.0,"gold_gain":0.0,"event_name":"Big Fish","player_choice":"Box","floor":11.0,"gold_loss":0.0,"damage_taken":0.0,"relics_obtained":["Anchor"],"cards_obtained":["Regret"]},{"damage_healed":0.0,"max_hp_gain":0.0,"max_hp_loss":0.0,"gold_gain":0.0,"event_name":"N\u0027loth","player_choice":"Traded Relic","floor":21.0,"relics_lost":["Anchor"],"gold_loss":0.0,"damage_taken":0.0,"relics_obtained":["Nloth\u0027s Gift"]},{"damage_healed":0.0,"max_hp_gain":0.0,"max_hp_loss":0.0,"gold_gain":0.0,"event_name":"Addict","player_choice":"Obtained Relic","floor":25.0,"gold_loss":85.0,"damage_taken":0.0,"relics_obtained":["CeramicFish"]},{"damage_healed":24,"gold_gain":0,"player_choice":"Heal","damage_taken":0,"max_hp_gain":0,"max_hp_loss":0,"event_name":"The Library","floor":31,"gold_loss":0},{"damage_healed":0,"gold_gain":0,"player_choice":"Embrace Madness","damage_taken":10,"max_hp_gain":0,"max_hp_loss":0,"event_name":"Winding Halls","floor":37,"gold_loss":0,"cards_obtained":["Madness","Madness"]},{"damage_healed":0,"gold_gain":0,"player_choice":"Fight","damage_taken":0,"max_hp_gain":0,"max_hp_loss":0,"event_name":"Mysterious Sphere","floor":38,"gold_loss":0},{"damage_healed":0,"gold_gain":0,"player_choice":"Fight","damage_taken":0,"max_hp_gain":0,"max_hp_loss":0,"event_name":"MindBloom","floor":39,"gold_loss":0}],"is_beta":false,"boss_relics":[{"not_picked":["SacredBark","Snecko Eye"],"picked":"Cursed Key"},{"not_picked":["Philosopher\u0027s Stone","Coffee Dripper"],"picked":"Sozu"}],"items_purged_floors":[12],"is_endless":false,"potions_floor_spawned":[3,6,8,16,18,27,33,36,39],"killed_by":"Jaw Worm Horde","ascension_level":0}}