{"host":"me6mz5vfpl3z3a3z","time":1611160404,"event":{"mods":["ATMod(°¢èªMod)","Act Like it!","Aspiration","BaseMod","CapriCore","Downfall","Energized Spire","Friendly Minions","Gensokyo","Hallownest","Koishi","Luminous","Marisa£¨ìFÓê¡¡Ä§ÀíÉ³£©","Minty Spire (QoL Compilation)","Reimu£¨²©ÀöÁéÃÎ£©","RumiaBox-Â¶Ã×æ«µÄÉñÃØºÐ×Ó","Spicy Shops","StSLib","The Alterego","The Blackbeard","The Bug Knight","The Cursed","The Gatherer","The Runesmith","The Showman","Yakumo Yukari mod","Yuyuko","[IsaacMod]ÒÔÈö¼âËþ","¡¾¹¦ÄÜMod¡¿»ìãçÖ®»·ÐÞ¸´²¹¶¡"],"gold_per_floor":[99,99,99,99,99,119,119,79,254,154,169,169,188,208,227,227,227,227],"floor_reached":16,"language":"ZHS","playtime":615,"items_purged":[],"score":90,"play_id":"e0951fc1-3fc2-4842-b542-b54eaa7eec4a","local_time":"20210121003324","is_ascension_mode":false,"campfire_choices":[{"floor":1,"key":"RECALL"},{"data":"AT_ChampionKick","floor":10,"key":"SMITH"}],"circlet_count":0,"master_deck":["bronze:Strike","bronze:Strike","bronze:Strike","bronze:Strike","bronze:Defend","bronze:Defend","bronze:Defend","bronze:Defend","bronze:Replicate","bronze:Goto","AT_ChampionKick+1","bronze:DelayedSlice","bronze:DelayedSlice","bronze:ForceShield","bronze:ChosenStrike","bronze:ClassDefault","bronze:Branch"],"relics":["bronze:BronzeCore","HushsDoor","AT_ATBox","NineVolt","downfall:HeartsMalice","downfall:ShatteredFragment","PaintedHorse:ReiMu","downfall:HeartBlessingRed"],"acts_visited":["Exordium"],"potions_floor_usage":[16],"damage_taken":[{"damage":0,"enemies":"2 Louse","floor":2,"turns":1},{"damage":0,"enemies":"Jaw Worm","floor":4,"turns":1},{"damage":0,"enemies":"downfall:FleeingMerchant","floor":5,"turns":1},{"damage":0,"enemies":"Small Slimes","floor":6,"turns":3},{"damage":0,"enemies":"3 Louse","floor":11,"turns":3},{"damage":3,"enemies":"Red Slaver","floor":13,"turns":2},{"damage":6,"enemies":"Exordium Wildlife","floor":14,"turns":2},{"damage":0,"enemies":"Large Slime","floor":15,"turns":2},{"damage":42,"enemies":"SI_SHIV_ARCHETYPE","floor":16,"turns":5}],"seed_played":"-1173726543063332006","potions_obtained":[{"floor":11,"key":"BlessingOfTheForge"},{"floor":13,"key":"SkillPotion"},{"floor":14,"key":"Fire Potion"}],"is_trial":false,"path_per_floor":["R","M","?","M","$","M","T","?","?","R","M","?","M","M","M","B"],"character_chosen":"THE_AUTOMATON","items_purchased":[],"campfire_rested":0,"item_purchase_floors":[],"current_hp_per_floor":[70,70,49,49,49,49,49,49,49,49,49,49,46,40,40,0,0,0],"gold":227,"neow_bonus":"THREE_ENEMY_KILL","is_daily":false,"chose_seed":false,"campfire_upgraded":1,"win_rate":0.0,"timestamp":1611160404,"path_taken":["R","M","?","M","$","M","T","?","?","R","M","?","M","M","M","BOSS"],"items_purchased_type":[],"build_version":"2020-12-22","purchased_purges":0,"victory":false,"max_hp_per_floor":[70,70,70,70,70,70,70,70,70,70,70,70,70,70,70,70,70,70],"card_choices":[{"not_picked":["bronze:BugBarrage","bronze:ForceShield"],"picked":"bronze:DelayedSlice","floor":2},{"not_picked":["bronze:Overload","bronze:Turbo"],"picked":"bronze:DelayedSlice","floor":4},{"not_picked":["bronze:BitShift","bronze:Frontload","bronze:WildBeam"],"picked":"SKIP","floor":5},{"not_picked":["bronze:Overload","bronze:Invalidate"],"picked":"bronze:ForceShield","floor":6},{"not_picked":["bronze:BitShift","bronze:Fortify"],"picked":"bronze:ChosenStrike","floor":11},{"not_picked":["bronze:Deprecate","bronze:Turbo","bronze:CutThrough"],"picked":"SKIP","floor":13},{"not_picked":["bronze:BronzeArmor","bronze:Fortify"],"picked":"bronze:ClassDefault","floor":14},{"not_picked":["bronze:DelayedGuard","bronze:Repair"],"picked":"bronze:Branch","floor":15}],"player_experience":447603,"relics_obtained":[],"event_choices":[{"damage_healed":0,"gold_gain":0,"player_choice":"ÈûÇ®","damage_taken":0,"relics_obtained":["PaintedHorse:ReiMu"],"max_hp_gain":0,"max_hp_loss":0,"event_name":"yidonshenshe","floor":8,"gold_loss":40},{"cards_removed":["Doubt"],"damage_healed":0,"gold_gain":0,"player_choice":"Card Removal","damage_taken":0,"max_hp_gain":0,"max_hp_loss":0,"event_name":"The Cleric","floor":12,"gold_loss":0}],"is_beta":false,"boss_relics":[],"items_purged_floors":[],"is_endless":false,"potions_floor_spawned":[11,13,14,15],"killed_by":"SI_SHIV_ARCHETYPE","ascension_level":0}}