{"host":"2zw05eexjythz74b","time":1611109616,"event":{"mods":["AchievementEnabler","BaseMod","Better Altar","Colored Map","Minty Spire (QoL Compilation)","StSLib","everything is the same but u backflip on backflip"],"gold_per_floor":[118,131,306,306,323,358,358,231,231,231,250,264,264,274,274,274,274],"floor_reached":16,"language":"ENG","playtime":684,"items_purged":["Doubt"],"score":117,"play_id":"7d3fa2b1-40e4-4c68-8a6d-b4ac66858ca3","local_time":"20210119202656","is_ascension_mode":true,"campfire_choices":[{"data":"Tactician","floor":7,"key":"SMITH"},{"data":"Underhanded Strike","floor":10,"key":"SMITH"},{"data":"Finisher","floor":13,"key":"SMITH"},{"floor":15,"key":"REST"}],"circlet_count":0,"master_deck":["Strike_G","Strike_G","Strike_G","Strike_G","Strike_G","Defend_G","Defend_G","Defend_G","Defend_G","Defend_G","Survivor","Neutralize","Tactician+1","Finisher+1","Concentrate","Underhanded Strike+1","Finisher"],"relics":["Runic Pyramid","CultistMask","InkBottle","Pear"],"acts_visited":["Exordium"],"potions_floor_usage":[6,11,14,16],"damage_taken":[{"damage":0,"enemies":"2 Louse","floor":1,"turns":3},{"damage":3,"enemies":"Cultist","floor":2,"turns":4},{"damage":0,"enemies":"Small Slimes","floor":5,"turns":4},{"damage":30,"enemies":"Lagavulin","floor":6,"turns":8},{"damage":9,"enemies":"Looter","floor":11,"turns":3},{"damage":8,"enemies":"Exordium Thugs","floor":12,"turns":5},{"damage":4,"enemies":"Blue Slaver","floor":14,"turns":4},{"damage":63,"enemies":"Hexaghost","floor":16,"turns":11}],"seed_played":"-7849039541099451381","potions_obtained":[{"floor":1,"key":"GamblersBrew"},{"floor":6,"key":"EntropicBrew"}],"is_trial":false,"path_per_floor":["M","M","?","?","M","E","R","$","T","R","M","M","R","M","R","B"],"character_chosen":"THE_SILENT","items_purchased":["Underhanded Strike"],"campfire_rested":1,"item_purchase_floors":[8],"current_hp_per_floor":[70,67,67,67,67,37,37,37,47,47,38,30,30,26,50,0,0],"gold":274,"neow_bonus":"BOSS_RELIC","is_daily":false,"chose_seed":false,"campfire_upgraded":3,"win_rate":0.0,"timestamp":1611109616,"path_taken":["M","M","?","?","?","E","R","$","T","R","M","?","R","M","R","BOSS"],"items_purchased_type":["Card"],"build_version":"2020-12-22","purchased_purges":1,"victory":false,"max_hp_per_floor":[70,70,70,70,70,70,70,70,80,80,80,80,80,80,80,80,80],"card_choices":[{"not_picked":["Riddle With Holes","Sucker Punch"],"picked":"Tactician","floor":1},{"not_picked":["Deflect","Sucker Punch"],"picked":"Finisher","floor":2},{"not_picked":["Slice","Quick Slash","Flying Knee"],"picked":"SKIP","floor":5},{"not_picked":["Backflip","Eviscerate"],"picked":"Concentrate","floor":6},{"not_picked":["Reflex","Quick Slash","Terror"],"picked":"SKIP","floor":11},{"not_picked":["Acrobatics","Blade Dance","Sucker Punch"],"picked":"SKIP","floor":12},{"not_picked":["Backflip","Sucker Punch"],"picked":"Finisher","floor":14}],"player_experience":236087,"relics_obtained":[{"floor":6,"key":"InkBottle"},{"floor":9,"key":"Pear"}],"event_choices":[{"damage_healed":0,"gold_gain":175,"player_choice":"AGREE","damage_taken":0,"max_hp_gain":0,"max_hp_loss":0,"event_name":"Liars Game","floor":3,"gold_loss":0,"cards_obtained":["Doubt"]},{"damage_healed":0,"gold_gain":0,"player_choice":"Trade","damage_taken":0,"relics_obtained":["CultistMask"],"max_hp_gain":0,"max_hp_loss":0,"event_name":"FaceTrader","floor":4,"gold_loss":0}],"is_beta":false,"boss_relics":[],"items_purged_floors":[8],"is_endless":false,"potions_floor_spawned":[1,6],"killed_by":"Hexaghost","ascension_level":3}}