{"host":"bf9sa99gaumonoeu","time":1611109159,"event":{"mods":["AchievementEnabler","Act Like it!","Aspiration","BaseMod","Bestiary","Better Note","Block Reminder","Colored Map","Colored Powertips","Fox Events","Friendly Minions","Gensokyo","GifTheSpireLib","Googly Eyes","Hallownest","Hermit","Highlight Path","Jorbs\u0027s Wanderer Trilogy","KinomotoSakuraMod(????)","Koishi","Marisa????????","Minty Spire (QoL Compilation)","Rare Cards Sparkle","Relic Stats","Remilia??????","Replay The Spire","Spire Arcade","StSLib","The Administrix","The Animator","The Blue Laboratory","The Bug Knight","The Construct","The Cursed","The Hierophant","The Mystic","The Necromancer","The Poker Player","The Runesmith","The Senshi","The Servant 0.9.4","ojb\u0027s Info Mod"],"gold_per_floor":[111,125,142,154,168,194,194,220,272,197,197,347,347,363,363,442,442,421,421,438,118,134,134,168,178,178,191,210,224,224,235,235,310,310,322,247,122,132,145,145,145],"floor_reached":40,"language":"ENG","playtime":4957,"items_purged":["Strike_G","Strike_G","Languid"],"score":923,"play_id":"114fe46a-5c94-4320-a256-343ce0c46283","local_time":"20210120001919","is_ascension_mode":true,"campfire_choices":[{"floor":7,"key":"REST"},{"data":"Deadly Poison","floor":11,"key":"SMITH"},{"floor":15,"key":"REST"},{"data":"Catalyst","floor":23,"key":"SMITH"},{"floor":30,"key":"REST"},{"data":"Night Terror","floor":32,"key":"SMITH"}],"circlet_count":0,"master_deck":["AscendersBane","Strike_G","Strike_G","Defend_G","Defend_G","Defend_G","Defend_G","Defend_G","Survivor","Neutralize","Skewer","Flying Knee","Deadly Poison+1","Footwork","Flying Knee","Backstab","Footwork","Prepared","Tools of the Trade","Prepared","Burst","Crippling Poison","PiercingWail","Slice+1","Catalyst+1","PiercingWail","Deadly Poison","Night Terror+1","PiercingWail+1","Dodge and Roll","Replay:Bag of Tricks","CommonCold","Deflect","Malaise","Deflect","Prepared"],"relics":["Ring of the Snake","Oddly Smooth Stone","Replay:Baseball","Ginger","Bag of Preparation","Runic Pyramid","Orrery","Happy Flower","Ancient Tea Set","Replay:Ancient Bell","ReplayTheSpireMod:Lightbulb","Replay:Bottled Steam","Prayer Wheel"],"acts_visited":["Exordium","TheCity","TheBeyond"],"potions_floor_usage":[18,20,22,25,29,38,39,39,40],"damage_taken":[{"damage":2.0,"enemies":"Cultist","floor":1.0,"turns":5.0},{"damage":0.0,"enemies":"2 Louse","floor":2.0,"turns":4.0},{"damage":0.0,"enemies":"Jaw Worm","floor":3.0,"turns":4.0},{"damage":0.0,"enemies":"Exordium Wildlife","floor":4.0,"turns":3.0},{"damage":5.0,"enemies":"3 Louse","floor":5.0,"turns":5.0},{"damage":32.0,"enemies":"3 Sentries","floor":6.0,"turns":9.0},{"damage":10,"enemies":"Replay:BlueRogue","floor":8,"turns":9},{"damage":0,"enemies":"Looter","floor":14,"turns":2},{"damage":2,"enemies":"The Guardian","floor":16,"turns":12},{"damage":2,"enemies":"2 Thieves","floor":18,"turns":4},{"damage":10,"enemies":"Shell Parasite","floor":20,"turns":7},{"damage":7,"enemies":"Chosen and Byrds","floor":22,"turns":7},{"damage":2,"enemies":"Replay:Snechameleon","floor":24,"turns":5},{"damage":11,"enemies":"Shelled Parasite and Fungi","floor":25,"turns":5},{"damage":0,"enemies":"Centurion and Healer","floor":27,"turns":5},{"damage":8,"enemies":"Sentry and Sphere","floor":28,"turns":5},{"damage":6,"enemies":"Snake Plant","floor":29,"turns":3},{"damage":0,"enemies":"Centurion and Healer","floor":31,"turns":7},{"damage":3,"enemies":"Collector","floor":33,"turns":6},{"damage":6,"enemies":"Orb Walker","floor":35,"turns":4},{"damage":10,"enemies":"3 Darklings","floor":38,"turns":11},{"damage":19,"enemies":"Writhing Mass","floor":39,"turns":3},{"damage":40,"enemies":"Giant Head","floor":40,"turns":6}],"seed_played":"-5134930618234480729","potions_obtained":[{"floor":2.0,"key":"ColorlessPotion"},{"floor":3.0,"key":"blueLaboratory:BottledHope"},{"floor":8,"key":"BlessingOfTheForge"},{"floor":14,"key":"DistilledChaos"},{"floor":16,"key":"blueLaboratory:ArtificerPotion"},{"floor":22,"key":"blueLaboratory:BubblePotion"},{"floor":28,"key":"SteroidPotion"},{"floor":29,"key":"Block Potion"},{"floor":31,"key":"EntropicBrew"},{"floor":39,"key":"Block Potion"}],"is_trial":false,"path_per_floor":["M","M","M","M","M","E","R","E","T","$","R","?","?","M","R","B",null,"M","?","M","$","M","R","E","M","T","M","M","M","R","M","R","B",null,"M","?","$","M","M","E"],"character_chosen":"THE_SILENT","items_purchased":["Orrery","Explosive Potion"],"campfire_rested":3,"item_purchase_floors":[21,21],"current_hp_per_floor":[57,57,57,57,52,20,39,29,29,29,29,29,22,22,41,39,59,57,57,47,47,40,40,38,27,27,27,19,13,32,32,32,29,57,51,51,51,41,22,0,0],"gold":145,"neow_bonus":"RANDOM_COMMON_RELIC","is_daily":false,"chose_seed":false,"campfire_upgraded":3,"win_rate":0.0,"timestamp":1611109159,"path_taken":["M","M","M","M","M","E","R","E","T","?","R","?","?","?","R","BOSS","M","?","M","$","?","R","E","M","T","M","M","M","R","M","R","BOSS","M","?","$","M","M","E"],"items_purchased_type":["Relic","Potion"],"build_version":"2020-12-22","purchased_purges":3,"victory":false,"max_hp_per_floor":[66,66,66,66,66,66,66,66,66,66,66,66,66,66,66,66,66,66,66,66,66,66,66,66,66,66,66,66,66,66,66,66,66,66,66,66,66,66,66,66,66],"relic_stats":{"Happy Flower":[18],"counters":[23,131],"Prayer Wheel":3,"Bag of Preparation":[32],"Ginger":[19],"obtain_stats":[{"Happy Flower":24,"Oddly Smooth Stone":0,"Bag of Preparation":9,"Replay:Ancient Bell":34,"Ginger":8,"Ancient Tea Set":26,"Replay:Baseball":6,"Orrery":21,"Prayer Wheel":34,"ReplayTheSpireMod:Lightbulb":34,"Ring of the Snake":0,"Runic Pyramid":17,"Replay:Bottled Steam":34},{"Happy Flower":13,"Oddly Smooth Stone":0,"Bag of Preparation":7,"Replay:Ancient Bell":19,"Ginger":7,"Ancient Tea Set":14,"Replay:Baseball":6,"Orrery":11,"Prayer Wheel":19,"ReplayTheSpireMod:Lightbulb":19,"Ring of the Snake":0,"Runic Pyramid":9,"Replay:Bottled Steam":19},{"Happy Flower":76,"Oddly Smooth Stone":0,"Bag of Preparation":39,"Replay:Ancient Bell":107,"Ginger":39,"Ancient Tea Set":81,"Replay:Baseball":30,"Orrery":64,"Prayer Wheel":107,"ReplayTheSpireMod:Lightbulb":107,"Ring of the Snake":0,"Runic Pyramid":53,"Replay:Bottled Steam":107}],"Ring of the Snake":[46]},"card_choices":[{"not_picked":["Cloak And Dagger","Infinite Blades"],"picked":"Skewer","floor":1.0},{"not_picked":["Bane","Sucker Punch"],"picked":"Flying Knee","floor":2.0},{"not_picked":["Slice","Predator"],"picked":"Deadly Poison","floor":3.0},{"not_picked":["Distraction","ReplayTheSpireMod:Scrap Shanks"],"picked":"Footwork","floor":4.0},{"not_picked":["PiercingWail","ReplayTheSpireMod:Exploit Weakness"],"picked":"Flying Knee","floor":5.0},{"not_picked":["Dagger Spray","Catalyst"],"picked":"Backstab","floor":6},{"not_picked":["Cloak And Dagger","ReplayTheSpireMod:Speed Training"],"picked":"Footwork","floor":8},{"not_picked":["Poisoned Stab","Outmaneuver"],"picked":"Prepared","floor":14},{"not_picked":["Glass Knife","aspiration:Lunge"],"picked":"Tools of the Trade","floor":16},{"not_picked":["Acrobatics","Blade Dance"],"picked":"Prepared","floor":18},{"not_picked":["Acrobatics+1","Choke+1","Slice"],"picked":"SKIP","floor":20},{"not_picked":["PiercingWail","Replay:Poison Smokescreen"],"picked":"Burst","floor":21},{"not_picked":["Sucker Punch","PiercingWail"],"picked":"Crippling Poison","floor":21},{"not_picked":["Flechettes+1","Outmaneuver"],"picked":"PiercingWail","floor":21},{"not_picked":["Prepared","Dagger Spray"],"picked":"Slice+1","floor":21},{"not_picked":["Poisoned Stab","Slice"],"picked":"Catalyst","floor":21},{"not_picked":["Acrobatics","Blur"],"picked":"PiercingWail","floor":22},{"not_picked":["Backflip","Calculated Gamble"],"picked":"Deadly Poison","floor":24},{"not_picked":["Flying Knee","Bouncing Flask"],"picked":"Night Terror","floor":25},{"not_picked":["Backflip","Dagger Spray"],"picked":"PiercingWail+1","floor":27},{"not_picked":["Infinite Blades","PiercingWail"],"picked":"Dodge and Roll","floor":28},{"not_picked":["Escape Plan+1","Deadly Poison","Backflip"],"picked":"SKIP","floor":29},{"not_picked":["All Out Attack","Finisher","Dash+1"],"picked":"SKIP","floor":31},{"not_picked":["Doppelganger","aspiration:Lunge"],"picked":"Replay:Bag of Tricks","floor":33},{"not_picked":["stsjorbsmod:Amnesia","AbeCurse"],"picked":"Languid","floor":34},{"not_picked":["Regret","CurseOfTheBell"],"picked":"Normality","floor":34},{"not_picked":["Lust_TH","animator:Curse_Dizziness"],"picked":"CommonCold","floor":34},{"not_picked":["Slice","Acrobatics"],"picked":"Deflect","floor":35},{"not_picked":["Poisoned Stab","Deadly Poison","Expertise"],"picked":"SKIP","floor":35},{"not_picked":["Poisoned Stab+1","Outmaneuver"],"picked":"Malaise","floor":38},{"not_picked":["Riddle With Holes","Crippling Poison","Deadly Poison+1"],"picked":"SKIP","floor":38},{"not_picked":["Replay:Poison Smokescreen","Cloak And Dagger+1"],"picked":"Deflect","floor":39},{"not_picked":["Slice+1","Crippling Poison"],"picked":"Prepared","floor":39}],"player_experience":1011168,"relics_obtained":[{"floor":6,"key":"Replay:Baseball"},{"floor":8,"key":"Ginger"},{"floor":9,"key":"Bag of Preparation"},{"floor":24,"key":"Happy Flower"},{"floor":26,"key":"Ancient Tea Set"}],"event_choices":[{"damage_healed":0,"gold_gain":150,"player_choice":"AGREE","damage_taken":0,"max_hp_gain":0,"max_hp_loss":0,"event_name":"Liars Game","floor":12,"gold_loss":0,"cards_obtained":["Doubt"]},{"cards_removed":["Doubt"],"damage_healed":0,"gold_gain":0,"player_choice":"Card Removal","damage_taken":7,"max_hp_gain":0,"max_hp_loss":0,"event_name":"Golden Wing","floor":13,"gold_loss":0},{"cards_removed":["Strike_G"],"damage_healed":0,"gold_gain":0,"player_choice":"Offered Basic","damage_taken":0,"max_hp_gain":0,"max_hp_loss":0,"event_name":"Bonfire Elementals","floor":19,"gold_loss":0},{"cards_removed":["Normality"],"damage_healed":0,"gold_gain":0,"player_choice":"Single Remove","damage_taken":0,"max_hp_gain":0,"max_hp_loss":0,"event_name":"Designer","floor":36,"gold_loss":75}],"is_beta":false,"boss_relics":[{"not_picked":["Velvet Choker","WristBlade"],"picked":"Runic Pyramid"},{"not_picked":["aspiration:WatcherSkillbook","Ring of the Serpent"],"picked":"Replay:Ancient Bell"},{"not_picked":["aspiration:Lifesprig","MawBank"],"picked":"ReplayTheSpireMod:Lightbulb"},{"not_picked":["Kunai","ReplayTheSpireMod:Ninjato"],"picked":"Replay:Bottled Steam"},{"not_picked":["StoneCalendar","Tough Bandages"],"picked":"Prayer Wheel"}],"items_purged_floors":[10,21,37],"is_endless":false,"potions_floor_spawned":[2,3,4,8,14,16,22,28,29,31,33,39],"killed_by":"Giant Head","ascension_level":20}}