{"host":"t0dtoggyaif518ut","time":1611140222,"event":{"mods":["AchievementEnabler","BaseMod","Best Route Mod","Bestiary","Better Altar","Better Match","Better Note","Better Sensory Stone","Better Silent Start","Better Skull","Better Third Choice","Better Vampires","Block Reminder","Colored Powertips","Dark Map","Displayed Cursed Tome","Energized Spire","Evolution","Gold Saver","Ironclad Rager","Minty Spire (QoL Compilation)","Practice Mode","Quick Restart","RNG Fix","Random Character Button","Relic Stats","Retaliation","Reworked Bosses","StSLib","Treasure Hunter"],"gold_per_floor":[610,610,624,37,47,47,60,60,60,160,160,175,175,207,207,282,282,296,296,46,46,59,59,73,73,73,73,87,47,62,112,112,112,112],"floor_reached":33,"language":"ENG","playtime":1819,"items_purged":["Strike_R","Defend_R"],"score":404,"play_id":"cbfef7f0-51fc-4ce2-bde0-5264595c3837","local_time":"20210120175702","is_ascension_mode":true,"campfire_choices":[{"data":"DDmod:SpikedSkill","floor":6,"key":"SMITH"},{"data":"Uppercut","floor":11,"key":"SMITH"},{"floor":15,"key":"REST"},{"data":"Demon Form","floor":23,"key":"SMITH"},{"data":"Double Tap","floor":25,"key":"SMITH"},{"data":"DDmod:RapidStrikeAttack","floor":27,"key":"SMITH"},{"floor":32,"key":"REST"}],"circlet_count":0,"master_deck":["AscendersBane","Cleave","Strike_R","Defend_R","Bash","Iron Wave+1","DDmod:SpikedSkill+1","DDmod:UnstoppableAttack","Uppercut+1","TH:PixieDust","Demon Form+1","Shrug It Off","TH:Mimic","TH:DeckOfManyThings","Double Tap+1","DDmod:RapidStrikeAttack+1","TH:BikiniMail","Pommel Strike","Heavy Blade","Dark Embrace"],"relics":["Burning Blood","EVO:Axolotl","Kunai","Bottled Lightning","Pantograph","Strawberry","Busted Crown","MutagenicStrength","Bag of Preparation","SsserpentHead","Question Card"],"acts_visited":["Exordium","TheCity"],"potions_floor_usage":[16,28,30],"damage_taken":[{"damage":7,"enemies":"Jaw Worm","floor":1,"turns":4},{"damage":0,"enemies":"2 Louse","floor":3,"turns":2},{"damage":8,"enemies":"Small Slimes","floor":5,"turns":3},{"damage":32,"enemies":"Exordium Thugs","floor":7,"turns":4},{"damage":23,"enemies":"Large Slime","floor":12,"turns":7},{"damage":17,"enemies":"Lagavulin","floor":14,"turns":7},{"damage":50,"enemies":"Hexaghost","floor":16,"turns":9},{"damage":14,"enemies":"Chosen","floor":18,"turns":5},{"damage":37,"enemies":"Spheric Guardian","floor":22,"turns":6},{"damage":26,"enemies":"Centurion and Healer","floor":24,"turns":5},{"damage":32,"enemies":"Snake Plant","floor":28,"turns":4},{"damage":16,"enemies":"3 Cultists","floor":30,"turns":4},{"damage":101,"enemies":"bossMod:newCollector","floor":33,"turns":6}],"seed_played":"2375953782133218490","potions_obtained":[{"floor":1,"key":"FearPotion"},{"floor":3,"key":"DDmod:CleansePotion"},{"floor":22,"key":"ColorlessPotion"},{"floor":30,"key":"DistilledChaos"}],"is_trial":false,"path_per_floor":["M","?","M","$","M","R","M","?","T","?","R","M","?","E","R","B",null,"M","?","$","?","M","R","M","R","T","R","M","?","M","?","R","B"],"character_chosen":"IRONCLAD","items_purchased":["Kunai","Bottled Lightning","Bag of Preparation"],"campfire_rested":2,"item_purchase_floors":[4,4,20],"current_hp_per_floor":[71,64,70,70,68,68,42,42,42,42,42,29,29,29,55,36,74,74,74,74,74,56,56,36,36,36,36,20,20,10,10,36,0,0],"gold":112,"neow_bonus":"HUNDRED_GOLD","is_daily":false,"chose_seed":false,"campfire_upgraded":5,"win_rate":0.0,"timestamp":1611140222,"path_taken":["M","?","M","$","M","R","M","?","T","?","R","M","?","E","R","BOSS","M","?","$","?","M","R","M","R","T","R","M","?","M","?","R","BOSS"],"items_purchased_type":["Relic","Relic","Relic"],"build_version":"2020-12-22","purchased_purges":2,"victory":false,"max_hp_per_floor":[80,80,80,80,80,80,80,80,80,80,80,80,80,87,87,87,87,87,87,87,87,87,87,87,87,87,87,87,87,87,87,87,87,87],"relic_stats":{"SsserpentHead":100,"Busted Crown":14,"counters":[34,178],"Pantograph":50,"Bag of Preparation":[10],"Kunai":[6],"Question Card":2,"obtain_stats":[{"Singing Bowl":0,"Vajra":26,"Bag of Preparation":20,"EVO:Axolotl":0,"Smiling Mask":6,"Burning Blood":0,"SsserpentHead":21,"Dream Catcher":4,"Pantograph":9,"Strawberry":14,"Toolbox":0,"Tiny Chest":0,"Prayer Wheel":12,"Necronomicon":22,"Kunai":4,"Potion Belt":9,"Happy Flower":10,"Golden Idol":5,"energizedSpire:DeadBattery":17,"Question Card":26,"Du-Vu Doll":9,"Busted Crown":17,"MutagenicStrength":19,"Molten Egg 2":12,"Bottled Lightning":4,"Pocketwatch":7},{"Singing Bowl":0,"Vajra":19,"Bag of Preparation":29,"EVO:Axolotl":0,"Smiling Mask":11,"Burning Blood":0,"SsserpentHead":29,"Dream Catcher":10,"Pantograph":25,"Strawberry":27,"Toolbox":0,"Tiny Chest":0,"Prayer Wheel":14,"Necronomicon":18,"Kunai":23,"Potion Belt":12,"Happy Flower":4,"Golden Idol":2,"energizedSpire:DeadBattery":16,"Question Card":31,"Du-Vu Doll":3,"Busted Crown":28,"MutagenicStrength":29,"Molten Egg 2":5,"Bottled Lightning":23,"Pocketwatch":3},{"Singing Bowl":0,"Vajra":104,"Bag of Preparation":153,"EVO:Axolotl":0,"Smiling Mask":57,"Burning Blood":0,"SsserpentHead":153,"Dream Catcher":52,"Pantograph":125,"Strawberry":139,"Toolbox":0,"Tiny Chest":0,"Prayer Wheel":72,"Necronomicon":97,"Kunai":118,"Potion Belt":60,"Happy Flower":19,"Golden Idol":8,"energizedSpire:DeadBattery":90,"Question Card":164,"Du-Vu Doll":12,"Busted Crown":148,"MutagenicStrength":153,"Molten Egg 2":22,"Bottled Lightning":118,"Pocketwatch":12}],"Burning Blood":184},"card_choices":[{"not_picked":["Perfected Strike","DDmod:SpikedSkill"],"picked":"Iron Wave","floor":1},{"not_picked":["Wild Strike","Armaments"],"picked":"DDmod:SpikedSkill","floor":3},{"not_picked":["Armaments","Clothesline"],"picked":"DDmod:UnstoppableAttack","floor":5},{"not_picked":["DDmod:CallousedSkill","Anger"],"picked":"Uppercut","floor":7},{"not_picked":["TH:Mimic"],"picked":"TH:PixieDust","floor":9},{"not_picked":["Warcry","Perfected Strike"],"picked":"Demon Form","floor":12},{"not_picked":["TH:EnergyPotion"],"picked":"TH:Mimic","floor":14},{"not_picked":["Thunderclap","Armaments","Fire Breathing"],"picked":"SKIP","floor":14},{"not_picked":["TH:EnergyPotion"],"picked":"TH:DeckOfManyThings","floor":16},{"not_picked":["Barricade","Immolate"],"picked":"Double Tap","floor":16},{"not_picked":["DDmod:UnstoppableAttack"],"picked":"SKIP","floor":18},{"not_picked":["Sever Soul"],"picked":"SKIP","floor":22},{"not_picked":[],"picked":"DDmod:RapidStrikeAttack","floor":24},{"not_picked":[],"picked":"TH:BikiniMail","floor":26},{"not_picked":["DDmod:UnstoppableAttack"],"picked":"Pommel Strike","floor":28},{"not_picked":["Carnage"],"picked":"Heavy Blade","floor":30}],"player_experience":282563,"relics_obtained":[{"floor":9,"key":"Pantograph"},{"floor":14,"key":"Strawberry"},{"floor":26,"key":"Question Card"}],"event_choices":[{"cards_removed":["Defend_R"],"damage_healed":0,"gold_gain":0,"player_choice":"Card Removal","damage_taken":7,"max_hp_gain":0,"max_hp_loss":0,"event_name":"Golden Wing","floor":2,"gold_loss":0},{"cards_removed":["Strike_R"],"damage_healed":0,"gold_gain":0,"player_choice":"Offered Basic","damage_taken":0,"max_hp_gain":0,"max_hp_loss":0,"event_name":"Bonfire Elementals","floor":8,"gold_loss":0},{"damage_healed":0,"gold_gain":100,"player_choice":"Pray","damage_taken":0,"max_hp_gain":0,"max_hp_loss":0,"event_name":"Golden Shrine","floor":10,"gold_loss":0},{"cards_removed":["Demon Form"],"damage_healed":0,"gold_gain":0,"player_choice":"Take \u0026 Give","damage_taken":0,"max_hp_gain":0,"max_hp_loss":0,"event_name":"betterNote:BetterNote","floor":13,"gold_loss":0,"cards_obtained":["Shrug It Off"]},{"damage_healed":0,"gold_gain":0,"player_choice":"Inject Mutagens","damage_taken":0,"relics_obtained":["MutagenicStrength"],"max_hp_gain":0,"max_hp_loss":0,"event_name":"Drug Dealer","floor":19,"gold_loss":0},{"damage_healed":0,"gold_gain":0,"player_choice":"Trade","damage_taken":0,"relics_obtained":["SsserpentHead"],"max_hp_gain":0,"max_hp_loss":0,"event_name":"FaceTrader","floor":21,"gold_loss":0},{"cards_removed":["Strike_R"],"damage_healed":0,"gold_gain":0,"player_choice":"Upgrade and Remove","damage_taken":0,"max_hp_gain":0,"max_hp_loss":0,"event_name":"Designer","floor":29,"gold_loss":90,"cards_upgraded":["Iron Wave"]},{"damage_healed":0,"gold_gain":0,"cards_transformed":["Defend_R"],"player_choice":"Transformed","damage_taken":0,"max_hp_gain":0,"max_hp_loss":0,"event_name":"Transmorgrifier","floor":31,"gold_loss":0,"cards_obtained":["Dark Embrace"]}],"is_beta":false,"boss_relics":[{"not_picked":["Ectoplasm","SacredBark"],"picked":"Busted Crown"}],"items_purged_floors":[4,20],"is_endless":false,"potions_floor_spawned":[1,3,22,30],"killed_by":"bossMod:newCollector","ascension_level":13}}