{"host":"xetj7e4h1njmphhb","time":1611114661,"event":{"mods":["BaseMod","Minty Spire (QoL Compilation)","SuperFastMode"],"gold_per_floor":[116,116,116,129,147,175,175,195,220,220,230,230,246,257,257,257,257],"floor_reached":16,"language":"ENG","playtime":501,"items_purged":[],"score":104,"play_id":"52b3770e-f94f-443a-b62e-0053e00f3fb3","local_time":"20210119225101","is_ascension_mode":false,"campfire_choices":[{"floor":7,"key":"REST"},{"floor":12,"key":"REST"},{"floor":15,"key":"REST"}],"circlet_count":0,"master_deck":["Strike_B","Strike_B+1","Strike_B+1","Strike_B","Defend_B","Defend_B","Defend_B","Zap","Dualcast","Static Discharge+1","Barrage","Glacier","Thunder Strike","Gash","Sweeping Beam","Rebound","Redo"],"relics":["Cracked Core","NeowsBlessing","Whetstone","Nunchaku"],"acts_visited":["Exordium"],"potions_floor_usage":[],"damage_taken":[{"damage":0,"enemies":"2 Louse","floor":1,"turns":1},{"damage":0,"enemies":"Jaw Worm","floor":4,"turns":1},{"damage":0,"enemies":"Small Slimes","floor":5,"turns":1},{"damage":6,"enemies":"Gremlin Nob","floor":6,"turns":4},{"damage":26,"enemies":"Exordium Thugs","floor":8,"turns":5},{"damage":9,"enemies":"2 Fungi Beasts","floor":11,"turns":3},{"damage":14,"enemies":"Blue Slaver","floor":13,"turns":3},{"damage":13,"enemies":"Red Slaver","floor":14,"turns":2},{"damage":69,"enemies":"The Guardian","floor":16,"turns":5}],"seed_played":"8735482040394155493","potions_obtained":[{"floor":4,"key":"Block Potion"},{"floor":11,"key":"Explosive Potion"},{"floor":14,"key":"LiquidMemories"}],"is_trial":false,"path_per_floor":["M","?","?","M","M","E","R","M","T","?","M","R","M","M","R","B"],"character_chosen":"DEFECT","items_purchased":[],"campfire_rested":3,"item_purchase_floors":[],"current_hp_per_floor":[75,68,68,68,68,62,75,49,49,54,45,69,55,42,66,0,0],"gold":257,"neow_bonus":"THREE_ENEMY_KILL","is_daily":false,"chose_seed":false,"campfire_upgraded":0,"win_rate":0.0,"timestamp":1611114661,"path_taken":["M","?","?","M","M","E","R","M","T","?","M","R","M","?","R","BOSS"],"items_purchased_type":[],"build_version":"2020-12-22","purchased_purges":0,"victory":false,"max_hp_per_floor":[75,75,75,75,75,75,75,75,75,80,80,80,80,80,80,80,80],"card_choices":[{"not_picked":["Sweeping Beam","Compile Driver"],"picked":"Static Discharge","floor":1},{"not_picked":["Sweeping Beam","Coolheaded"],"picked":"Barrage","floor":4},{"not_picked":["Aggregate","Hologram"],"picked":"Glacier","floor":5},{"not_picked":["Heatsinks","Chaos"],"picked":"Thunder Strike","floor":6},{"not_picked":["Coolheaded","Blizzard"],"picked":"Gash","floor":8},{"not_picked":["Cold Snap","Genetic Algorithm"],"picked":"Sweeping Beam","floor":11},{"not_picked":["Aggregate","Compile Driver"],"picked":"Rebound","floor":13},{"not_picked":["Streamline","White Noise"],"picked":"Redo","floor":14}],"player_experience":7920,"relics_obtained":[{"floor":6,"key":"Whetstone"},{"floor":9,"key":"Nunchaku"}],"event_choices":[{"cards_removed":["Defend_B"],"damage_healed":0,"gold_gain":0,"player_choice":"Card Removal","damage_taken":7,"max_hp_gain":0,"max_hp_loss":0,"event_name":"Golden Wing","floor":2,"gold_loss":0},{"damage_healed":0,"gold_gain":0,"player_choice":"Grow","damage_taken":0,"max_hp_gain":0,"max_hp_loss":0,"event_name":"Living Wall","floor":3,"gold_loss":0,"cards_upgraded":["Static Discharge"]},{"damage_healed":0,"gold_gain":0,"player_choice":"Donut","damage_taken":0,"max_hp_gain":5,"max_hp_loss":0,"event_name":"Big Fish","floor":10,"gold_loss":0}],"is_beta":false,"boss_relics":[],"items_purged_floors":[],"is_endless":false,"potions_floor_spawned":[4,11,14],"killed_by":"The Guardian","ascension_level":0}}