{"host":"s41rn2jhghpwfrvz","time":1611125805,"event":{"mods":["BaseMod","Minty Spire (QoL Compilation)","Quick Restart","Relic Stats","SuperFastMode"],"gold_per_floor":[114,132,132,146,96,129,149,149,149,149,164,174,208,208,208,286,336,352,352,370,370,387,415,415,450,450,483,347,374,324,351,351,428,428,440,457,477,530,204,204,229,229,274,302,334,361,361,389,389,389,389,389,389,52,84,84],"floor_reached":57,"language":"ENG","playtime":1744,"items_purged":["ClearTheMind","LessonLearned+1","CutThroughFate+1","ClearTheMind+1"],"score":4008,"play_id":"71ac7676-8aab-4335-8272-8176414bb49c","local_time":"20210120085645","daily_mods":["SealedDeck","Vintage","DeadlyEvents"],"is_ascension_mode":true,"campfire_choices":[{"floor":8,"key":"REST"},{"data":"TalkToTheHand","floor":10,"key":"SMITH"},{"data":"LessonLearned","floor":15,"key":"SMITH"},{"floor":24,"key":"RECALL"},{"floor":32,"key":"REST"},{"floor":40,"key":"REST"},{"floor":49,"key":"REST"},{"floor":53,"key":"REST"}],"circlet_count":0,"master_deck":["AscendersBane","EmptyFist+1","WheelKick+1","InnerPeace+1","TalkToTheHand+1","TalkToTheHand+1","Prostrate+1","Scrawl+1","ForeignInfluence+1","Prostrate+1","Sanctity+1","MentalFortress+1"],"relics":["PureWater","Bottled Flame","Bronze Scales","Smiling Mask","Letter Opener","HornCleat","Pear","Toxic Egg 2","Incense Burner","WingedGreaves","Bird Faced Urn","Tiny House","Ancient Tea Set","Frozen Egg 2","MutagenicStrength","Boot","Thread and Needle","Singing Bowl","Ginger","Sundial","Yang","SacredBark","StrikeDummy","Kunai","CeramicFish","Mummified Hand","Art of War","Akabeko","CaptainsWheel","InkBottle","Anchor","CloakClasp","Nunchaku","ClockworkSouvenir","Vajra","Orichalcum"],"acts_visited":["Exordium","TheCity","TheBeyond","TheEnding"],"potions_floor_usage":[16,56,56],"damage_taken":[{"damage":0,"enemies":"Small Slimes","floor":1,"turns":3},{"damage":5,"enemies":"Jaw Worm","floor":2,"turns":2},{"damage":10,"enemies":"2 Louse","floor":4,"turns":2},{"damage":21,"enemies":"3 Sentries","floor":6,"turns":5},{"damage":16,"enemies":"Exordium Wildlife","floor":7,"turns":4},{"damage":0,"enemies":"3 Louse","floor":11,"turns":4},{"damage":2,"enemies":"Looter","floor":12,"turns":2},{"damage":15,"enemies":"Gremlin Nob","floor":13,"turns":3},{"damage":0,"enemies":"Slime Boss","floor":16,"turns":4},{"damage":0,"enemies":"3 Byrds","floor":18,"turns":3},{"damage":5,"enemies":"2 Thieves","floor":20,"turns":2},{"damage":0,"enemies":"Snake Plant","floor":22,"turns":2},{"damage":0,"enemies":"Gremlin Leader","floor":23,"turns":2},{"damage":7,"enemies":"Slavers","floor":25,"turns":2},{"damage":0,"enemies":"Book of Stabbing","floor":27,"turns":2},{"damage":0,"enemies":"Gremlin Leader","floor":29,"turns":3},{"damage":0,"enemies":"Slavers","floor":31,"turns":2},{"damage":0,"enemies":"Champ","floor":33,"turns":3},{"damage":0,"enemies":"3 Shapes","floor":35,"turns":1},{"damage":0,"enemies":"3 Darklings","floor":36,"turns":1},{"damage":0,"enemies":"Maw","floor":37,"turns":2},{"damage":10,"enemies":"2 Orb Walkers","floor":38,"turns":2},{"damage":0,"enemies":"Reptomancer","floor":41,"turns":2},{"damage":0,"enemies":"Giant Head","floor":44,"turns":2},{"damage":0,"enemies":"Nemesis","floor":45,"turns":3},{"damage":0,"enemies":"Reptomancer","floor":46,"turns":2},{"damage":0,"enemies":"Nemesis","floor":48,"turns":5},{"damage":0,"enemies":"Time Eater","floor":50,"turns":5},{"damage":0,"enemies":"Awakened One","floor":51,"turns":4},{"damage":13,"enemies":"Shield and Spear","floor":55,"turns":2},{"damage":15,"enemies":"The Heart","floor":56,"turns":6}],"seed_played":"3837395976845466343","potions_obtained":[{"floor":12,"key":"Ancient Potion"},{"floor":13,"key":"AttackPotion"},{"floor":16,"key":"BlessingOfTheForge"},{"floor":44,"key":"Ancient Potion"}],"is_trial":true,"path_per_floor":["M","M","?","M","$","E","M","R","T","R","M","M","E","T","R","B",null,"M","?","M","?","M","E","R","E","T","E","$","E","$","E","R","B",null,"M","M","M","?","$","R","E","?","T","E","E","E","T","E","R","B","B",null,"R","$","E","B",null],"character_chosen":"WATCHER","items_purchased":["Sanctity+1","Mummified Hand","ClockworkSouvenir","Vajra"],"campfire_rested":5,"item_purchase_floors":[28,39,54,54],"current_hp_per_floor":[61,56,49,39,39,18,2,22,32,32,32,30,15,15,15,17,68,68,68,63,63,63,63,63,58,58,58,58,60,60,60,86,89,89,89,89,89,81,81,91,93,93,93,95,97,99,99,101,101,101,101,101,101,101,90,77],"gold":84,"neow_bonus":"","is_daily":false,"chose_seed":false,"campfire_upgraded":2,"win_rate":0.0,"timestamp":1611125805,"path_taken":["M","M","?","M","$","E","M","R","T","R","M","M","E","?","R","BOSS","M","?","M","?","M","E","R","E","T","E","?","?","$","E","R","BOSS","M","M","M","?","$","R","E","?","T","E","E","?","?","E","R","BOSS","BOSS","R","$","E","BOSS"],"items_purchased_type":["Card","Relic","Relic","Relic"],"build_version":"2020-12-22","purchased_purges":4,"victory":true,"max_hp_per_floor":[68,68,68,68,68,68,68,68,78,78,78,78,78,78,78,78,83,83,83,83,83,83,83,83,85,85,85,85,87,87,87,87,89,89,89,89,89,91,91,91,93,93,93,95,97,99,99,101,101,101,101,101,101,101,103,103],"relic_stats":{"Singing Bowl":20,"counters":[31,87],"CeramicFish":0,"Yang":[125],"CloakClasp":[59],"Letter Opener":[813],"Ginger":[10],"Orichalcum":[0],"Smiling Mask":250,"Boot":[30],"Nunchaku":[5],"Sundial":[100],"Mummified Hand":[9],"Bronze Scales":[280],"Bird Faced Urn":[5],"Art of War":[0],"Kunai":[22],"obtain_stats":[{"Tiny House":17,"Singing Bowl":25,"SacredBark":34,"CeramicFish":37,"Vajra":54,"Yang":31,"Incense Burner":12,"CloakClasp":47,"Ginger":27,"Smiling Mask":4,"Ancient Tea Set":18,"Boot":22,"ClockworkSouvenir":54,"Nunchaku":48,"HornCleat":7,"Sundial":29,"Mummified Hand":39,"WingedGreaves":13,"Kunai":36,"Toxic Egg 2":11,"InkBottle":45,"Pear":9,"Thread and Needle":23,"Letter Opener":6,"Frozen Egg 2":20,"Orichalcum":55,"Akabeko":43,"Bottled Flame":1,"CaptainsWheel":44,"Anchor":46,"Bronze Scales":2,"Bird Faced Urn":14,"MutagenicStrength":21,"Art of War":41,"PureWater":0,"StrikeDummy":35},{"Tiny House":9,"Singing Bowl":14,"SacredBark":18,"CeramicFish":21,"Vajra":29,"Yang":17,"Incense Burner":7,"CloakClasp":26,"Ginger":15,"Smiling Mask":3,"Ancient Tea Set":10,"Boot":12,"ClockworkSouvenir":29,"Nunchaku":27,"HornCleat":5,"Sundial":16,"Mummified Hand":22,"WingedGreaves":8,"Kunai":20,"Toxic Egg 2":6,"InkBottle":25,"Pear":5,"Thread and Needle":13,"Letter Opener":4,"Frozen Egg 2":11,"Orichalcum":30,"Akabeko":23,"Bottled Flame":1,"CaptainsWheel":24,"Anchor":26,"Bronze Scales":2,"Bird Faced Urn":8,"MutagenicStrength":11,"Art of War":23,"PureWater":0,"StrikeDummy":19},{"Tiny House":29,"Singing Bowl":40,"SacredBark":50,"CeramicFish":54,"Vajra":79,"Yang":47,"Incense Burner":22,"CloakClasp":65,"Ginger":42,"Smiling Mask":7,"Ancient Tea Set":32,"Boot":36,"ClockworkSouvenir":79,"Nunchaku":70,"HornCleat":16,"Sundial":45,"Mummified Hand":56,"WingedGreaves":25,"Kunai":52,"Toxic Egg 2":20,"InkBottle":63,"Pear":16,"Thread and Needle":38,"Letter Opener":12,"Frozen Egg 2":34,"Orichalcum":81,"Akabeko":58,"Bottled Flame":3,"CaptainsWheel":60,"Anchor":65,"Bronze Scales":5,"Bird Faced Urn":25,"MutagenicStrength":34,"Art of War":58,"PureWater":0,"StrikeDummy":51}],"InkBottle":[19]},"card_choices":[{"not_picked":["ThirdEye","Halt"],"picked":"LessonLearned","floor":6},{"not_picked":["CutThroughFate","FlurryOfBlows"],"picked":"Prostrate+1","floor":13},{"not_picked":["Brilliance","LessonLearned"],"picked":"Scrawl+1","floor":16},{"not_picked":["SashWhip","Crescendo+1"],"picked":"ForeignInfluence+1","floor":17},{"not_picked":["WaveOfTheHand+1","SashWhip","CutThroughFate"],"picked":"SKIP","floor":23},{"not_picked":["SandsOfTime","FlurryOfBlows","ThirdEye+1"],"picked":"Singing Bowl","floor":25},{"not_picked":["ClearTheMind+1","Halt+1"],"picked":"Prostrate+1","floor":27},{"not_picked":["Evaluate+1","JustLucky","ClearTheMind+1"],"picked":"Singing Bowl","floor":29},{"not_picked":["Perseverance+1","LikeWater+1"],"picked":"MentalFortress+1","floor":31},{"not_picked":["Devotion+1","Establishment+1","Ragnarok"],"picked":"Singing Bowl","floor":33},{"not_picked":["EmptyBody+1","CutThroughFate","Perseverance+1"],"picked":"Singing Bowl","floor":38},{"not_picked":["FlurryOfBlows+1","PathToVictory+1","EmptyBody+1"],"picked":"Singing Bowl","floor":41},{"not_picked":["EmptyFist+1","Judgement+1","Wallop+1"],"picked":"Singing Bowl","floor":44},{"not_picked":["FollowUp","EmptyMind+1","Halt+1"],"picked":"Singing Bowl","floor":45},{"not_picked":["Nirvana+1","CrushJoints","EmptyFist+1"],"picked":"Singing Bowl","floor":46},{"not_picked":["WreathOfFlame+1","Consecrate+1","PathToVictory+1"],"picked":"Singing Bowl","floor":48},{"not_picked":["ThirdEye+1","DeusExMachina+1","Fasting2+1"],"picked":"Singing Bowl","floor":55}],"player_experience":1816059,"relics_obtained":[{"floor":1,"key":"Bottled Flame"},{"floor":2,"key":"Bronze Scales"},{"floor":4,"key":"Smiling Mask"},{"floor":6,"key":"Letter Opener"},{"floor":7,"key":"HornCleat"},{"floor":9,"key":"Pear"},{"floor":11,"key":"Toxic Egg 2"},{"floor":12,"key":"Incense Burner"},{"floor":13,"key":"WingedGreaves"},{"floor":14,"key":"Bird Faced Urn"},{"floor":18,"key":"Ancient Tea Set"},{"floor":20,"key":"Frozen Egg 2"},{"floor":22,"key":"Boot"},{"floor":23,"key":"Thread and Needle"},{"floor":25,"key":"Singing Bowl"},{"floor":27,"key":"Ginger"},{"floor":29,"key":"Sundial"},{"floor":31,"key":"Yang"},{"floor":35,"key":"StrikeDummy"},{"floor":36,"key":"Kunai"},{"floor":37,"key":"CeramicFish"},{"floor":41,"key":"Art of War"},{"floor":43,"key":"Akabeko"},{"floor":44,"key":"CaptainsWheel"},{"floor":45,"key":"InkBottle"},{"floor":46,"key":"Anchor"},{"floor":47,"key":"CloakClasp"},{"floor":48,"key":"Nunchaku"},{"floor":55,"key":"Orichalcum"}],"event_choices":[{"cards_removed":["ClearTheMind"],"damage_healed":0,"gold_gain":0,"player_choice":"Card Removal","damage_taken":7,"max_hp_gain":0,"max_hp_loss":0,"event_name":"Golden Wing","floor":3,"gold_loss":0},{"cards_removed":["LikeWater"],"damage_healed":0,"gold_gain":0,"player_choice":"Elegance","damage_taken":0,"max_hp_gain":0,"max_hp_loss":0,"event_name":"Back to Basics","floor":19,"gold_loss":0},{"damage_healed":0,"gold_gain":0,"player_choice":"Inject Mutagens","damage_taken":0,"relics_obtained":["MutagenicStrength"],"max_hp_gain":0,"max_hp_loss":0,"event_name":"Drug Dealer","floor":21,"gold_loss":0},{"damage_healed":0,"gold_gain":0,"player_choice":"Fight","damage_taken":0,"max_hp_gain":0,"max_hp_loss":0,"event_name":"Mysterious Sphere","floor":38,"gold_loss":0},{"damage_healed":0,"gold_gain":0,"player_choice":"Ignored","damage_taken":0,"max_hp_gain":0,"max_hp_loss":0,"event_name":"Tomb of Lord Red Mask","floor":42,"gold_loss":0}],"is_beta":false,"boss_relics":[{"not_picked":["Runic Dome","Astrolabe"],"picked":"Tiny House"},{"not_picked":["Philosopher\u0027s Stone","Snecko Eye"],"picked":"SacredBark"}],"items_purged_floors":[5,28,30,39],"is_endless":false,"potions_floor_spawned":[1,12,13,16,22,25,27,33,36,41,44,46,48],"ascension_level":20}}