{"host":"vyjryxuuuxkt43k4","time":1611162209,"event":{"mods":["AchievementEnabler","BaseMod","Colored Map","DeckTracker","Keyboard Shortcuts","Minty Spire (QoL Compilation)","Permanent Neow","Quick Restart","StSLib","SuperFastMode","everything is the same but u backflip on backflip"],"gold_per_floor":[118,131,142,142,159,189,189,221,295,305,305,323,343,356,356,455,455,468,468,239,254,9,9,9,9],"floor_reached":24,"language":"KOR","playtime":1413,"items_purged":["Distraction","Tools of the Trade"],"score":305,"play_id":"77a54bc4-2048-421b-b430-d293ed9cde3e","local_time":"20210121020329","is_ascension_mode":true,"campfire_choices":[{"floor":7,"key":"REST"},{"floor":11,"key":"REST"},{"data":"1","floor":15,"key":"LIFT"},{"data":"2","floor":23,"key":"LIFT"}],"circlet_count":0,"master_deck":["Survivor","Neutralize","Deep Breath","Caltrops","Dagger Throw","Poisoned Stab","PiercingWail","Dagger Spray","Adrenaline","Leg Sweep","Blur","Cloak And Dagger","Well Laid Plans","A Thousand Cuts","Masterful Stab","Flechettes","Outmaneuver","Tactician","Night Terror","Backflip","Calculated Gamble"],"relics":["Ring of the Snake","MealTicket","Girya","Meat on the Bone","Pandora\u0027s Box","Bag of Preparation","Akabeko"],"acts_visited":["Exordium","TheCity"],"potions_floor_usage":[3,6,10,16,16,24],"damage_taken":[{"damage":5,"enemies":"2 Louse","floor":1,"turns":3},{"damage":0,"enemies":"Cultist","floor":2,"turns":4},{"damage":0,"enemies":"Jaw Worm","floor":3,"turns":4},{"damage":2,"enemies":"2 Fungi Beasts","floor":5,"turns":4},{"damage":37,"enemies":"3 Sentries","floor":6,"turns":10},{"damage":39,"enemies":"Lagavulin","floor":8,"turns":10},{"damage":0,"enemies":"Blue Slaver","floor":10,"turns":4},{"damage":0,"enemies":"Looter","floor":12,"turns":4},{"damage":3,"enemies":"3 Louse","floor":13,"turns":3},{"damage":2,"enemies":"Large Slime","floor":14,"turns":11},{"damage":40,"enemies":"Slime Boss","floor":16,"turns":16},{"damage":24,"enemies":"Spheric Guardian","floor":18,"turns":5},{"damage":0,"enemies":"3 Byrds","floor":21,"turns":5},{"damage":77,"enemies":"Gremlin Leader","floor":24,"turns":6}],"seed_played":"-7667286391104074683","potions_obtained":[{"floor":1,"key":"Fire Potion"},{"floor":3,"key":"CunningPotion"},{"floor":8,"key":"Block Potion"},{"floor":12,"key":"ColorlessPotion"},{"floor":14,"key":"EssenceOfSteel"},{"floor":21,"key":"Fire Potion"}],"is_trial":false,"path_per_floor":["M","M","M","?","M","E","R","E","T","M","R","M","M","M","R","B",null,"M","?","$","M","$","R","E"],"character_chosen":"THE_SILENT","items_purchased":["Bag of Preparation","Akabeko"],"campfire_rested":2,"item_purchase_floors":[20,22],"current_hp_per_floor":[58,58,58,58,56,19,40,1,1,13,34,46,43,41,41,13,56,44,44,59,59,70,70,0,0],"gold":9,"neow_bonus":"RANDOM_COLORLESS","is_daily":false,"chose_seed":false,"campfire_upgraded":0,"win_rate":0.0,"timestamp":1611162209,"path_taken":["M","M","M","?","M","E","R","E","T","M","R","?","M","M","R","BOSS","M","?","$","M","$","R","E"],"items_purchased_type":["Relic","Relic"],"build_version":"2020-12-22","purchased_purges":2,"victory":false,"max_hp_per_floor":[70,70,70,70,70,70,70,70,70,70,70,70,70,70,70,70,70,70,70,70,70,70,70,70,70],"card_choices":[{"not_picked":["Purity","Panacea"],"picked":"Deep Breath","floor":0},{"not_picked":["Outmaneuver","Heel Hook"],"picked":"Caltrops","floor":1},{"not_picked":["Deflect","Sucker Punch"],"picked":"Dagger Throw","floor":2},{"not_picked":["Riddle With Holes","Prepared"],"picked":"Poisoned Stab","floor":3},{"not_picked":["Cloak And Dagger","Deadly Poison"],"picked":"PiercingWail","floor":5},{"not_picked":["Dodge and Roll","Backflip"],"picked":"Dagger Spray","floor":6},{"not_picked":["Tactician","Quick Slash"],"picked":"Adrenaline","floor":8},{"not_picked":["Bouncing Flask","Endless Agony"],"picked":"Leg Sweep","floor":10},{"not_picked":["Flechettes","Outmaneuver"],"picked":"Blur","floor":12},{"not_picked":["Acrobatics","Terror"],"picked":"Cloak And Dagger","floor":13},{"not_picked":["Quick Slash","Heel Hook"],"picked":"Well Laid Plans","floor":14},{"not_picked":["Doppelganger","Adrenaline"],"picked":"A Thousand Cuts","floor":16},{"not_picked":["Dagger Spray","Backflip","Bane+1"],"picked":"SKIP","floor":18},{"not_picked":["Backstab","Caltrops"],"picked":"Calculated Gamble","floor":21}],"player_experience":174374,"relics_obtained":[{"floor":6,"key":"MealTicket"},{"floor":8,"key":"Girya"},{"floor":9,"key":"Meat on the Bone"}],"event_choices":[{"cards_removed":["Strike_G"],"damage_healed":0,"gold_gain":0,"player_choice":"Offered Basic","damage_taken":0,"max_hp_gain":0,"max_hp_loss":0,"event_name":"Bonfire Elementals","floor":4,"gold_loss":0},{"cards_removed":["Dagger Throw"],"damage_healed":0,"gold_gain":0,"player_choice":"Elegance","damage_taken":0,"max_hp_gain":0,"max_hp_loss":0,"event_name":"Back to Basics","floor":19,"gold_loss":0}],"is_beta":false,"boss_relics":[{"not_picked":["Ring of the Serpent","Calling Bell"],"picked":"Pandora\u0027s Box"}],"items_purged_floors":[20,22],"is_endless":false,"potions_floor_spawned":[1,3,8,12,14,21],"killed_by":"Gremlin Leader","ascension_level":9}}