{"host":"3j2m8n0ywf988fwb","time":1611137559,"event":{"mods":["2.2 Compatiblity","AchievementEnabler","Act Like it!","Aspiration","Astrologer","BaseMod","Beaked The Cultist","Better Altar","Better Match","Better Note","Better Sensory Stone","Better Skull","Better Third Choice","CCEM","ChefMod","Colored Map","Colored Powertips","Conspire","Dark Map","Energized Spire","Evolution","Fireblade Mod","GifTheSpireLib","Googly Eyes","Halation","Hallownest","Highlight Path","Hubris","Infinite Spire","Jedi Mod","Marisa????????","Marked Mod","Mimic Mod","Minty Spire (QoL Compilation)","Random Character Button","Relic Stats","Replay The Spire","Robot Space Explorer","Shop Mod","Somnambulant","Spire Arcade","StSLib","Stuff the Spire","The Bug Knight","The Hierophant","The Marked","The Runesmith","TheFirefly","Unceasing Turn Reminder","everything is the same but u backflip on backflip"],"gold_per_floor":[111,59,59,59,59,59,79,79,113,113,193,193,2,20,34,51,51,154,154,167,167,117,117,42,42,42],"floor_reached":25,"language":"ENG","playtime":1037,"items_purged":["somnambulantmod: SomnambulantStrike","somnambulantmod: SomnambulantStrike"],"score":217,"play_id":"be37e52f-1b54-4a7f-9cda-c2027467d109","local_time":"20210120041239","is_ascension_mode":true,"campfire_choices":[{"floor":8,"key":"REST"},{"floor":10,"key":"REST"},{"floor":12,"key":"REST"},{"floor":17,"key":"REST"}],"circlet_count":0,"master_deck":["somnambulantmod: MindWave","somnambulantmod: MindWave","somnambulantmod: SomnambulantStrike","somnambulantmod: Defend_Somnambulant","somnambulantmod: Defend_Somnambulant","somnambulantmod: Defend_Somnambulant+1","somnambulantmod: Defend_Somnambulant+1","somnambulantmod: Defend_Somnambulant","somnambulantmod: QuickNap","somnambulantmod: PrimingPunch+1","somnambulantmod: Damping","somnambulantmod: Remember","somnambulantmod: LightSleeper","somnambulantmod: LightSleeper","somnambulantmod: Unknow+1","somnambulantmod: LostMind","somnambulantmod: Pinch","somnambulantmod: DarkeningMind","somnambulantmod: Pinch","somnambulantmod: Blink","somnambulantmod: Cower","somnambulantmod: LoseForm","ReplayTheSpireMod:Necrogeddon+1"],"relics":["somnambulantmod: DreamJournal","EVO:Axolotl","PreservedInsect","halation:BottledLove","Replay:Grab Bag","beaked:SacredNecklace","jedi:paperlyon","Anchor","somnambulantmod: GluedMask","CCEMRelics:WhiteRose","Nloth\u0027s Gift"],"acts_visited":["Exordium","TheCity"],"potions_floor_usage":[18,25],"damage_taken":[{"damage":6,"enemies":"Small Slimes","floor":1,"turns":5},{"damage":5,"enemies":"2 Louse","floor":7,"turns":6},{"damage":12,"enemies":"Gremlin Nob","floor":9,"turns":4},{"damage":12,"enemies":"Cultist","floor":14,"turns":5},{"damage":31,"enemies":"Exordium Thugs","floor":15,"turns":7},{"damage":16,"enemies":"2 Fungi Beasts","floor":16,"turns":4},{"damage":27,"enemies":"Fading Forest","floor":18,"turns":11},{"damage":44,"enemies":"3 Byrds","floor":20,"turns":7},{"damage":46,"enemies":"Gremlin Leader","floor":25,"turns":5}],"seed_played":"4434285789866698113","potions_obtained":[{"floor":7,"key":"Elixir"},{"floor":9,"key":"Reflective Coating"},{"floor":16,"key":"Languid Potion"},{"floor":18,"key":"Languid Potion"},{"floor":20,"key":"jedi:wingpotion"}],"is_trial":false,"path_per_floor":["M","$","PTL","PTL","?","?","M","R","E","R","T","R","$","M","M","M","R","B",null,"M","AVR","?","?","?","E"],"character_chosen":"THE_SOMNAMBULANT","items_purchased":["somnambulantmod: LightSleeper","somnambulantmod: Pinch","somnambulantmod: DarkeningMind"],"campfire_rested":4,"item_purchase_floors":[2,13,13],"current_hp_per_floor":[43,43,43,43,43,43,38,61,49,72,72,76,76,64,33,17,41,32,78,34,34,34,34,34,0,0],"gold":42,"neow_bonus":"THREE_RARE_CARDS","is_daily":false,"chose_seed":false,"campfire_upgraded":0,"win_rate":0.0,"timestamp":1611137559,"path_taken":["M","$","PTL","PTL","?","?","M","R","E","R","T","R","$","M","?","M","R","BOSS","M","AVR","?","?","?","E"],"items_purchased_type":["Card","Card","Card"],"build_version":"2020-12-22","purchased_purges":2,"victory":false,"max_hp_per_floor":[70,70,70,70,70,70,70,72,72,74,74,76,76,76,76,76,78,78,78,78,78,78,78,78,78,78],"relic_stats":{"counters":[9,54],"PreservedInsect":45,"Nloth\u0027s Gift":0,"obtain_stats":[{"Anchor":19,"hubris:Backtick":19,"halation:BottledLove":11,"jedi:paperlyon":19,"Replay:Grab Bag":19,"somnambulantmod: DreamJournal":0,"PreservedInsect":9,"beaked:SacredNecklace":19,"somnambulantmod: GluedMask":21,"Nloth\u0027s Gift":23,"EVO:Axolotl":0,"CCEMRelics:WhiteRose":21},{"Anchor":7,"hubris:Backtick":7,"halation:BottledLove":3,"jedi:paperlyon":7,"Replay:Grab Bag":7,"somnambulantmod: DreamJournal":0,"PreservedInsect":3,"beaked:SacredNecklace":7,"somnambulantmod: GluedMask":8,"Nloth\u0027s Gift":8,"EVO:Axolotl":0,"CCEMRelics:WhiteRose":8},{"Anchor":42,"hubris:Backtick":42,"halation:BottledLove":15,"jedi:paperlyon":42,"Replay:Grab Bag":42,"somnambulantmod: DreamJournal":0,"PreservedInsect":15,"beaked:SacredNecklace":42,"somnambulantmod: GluedMask":49,"Nloth\u0027s Gift":49,"EVO:Axolotl":0,"CCEMRelics:WhiteRose":49}]},"card_choices":[{"not_picked":["somnambulantmod: Ignorance","somnambulantmod: RuthlessStudy"],"picked":"somnambulantmod: Damping","floor":0},{"not_picked":["somnambulantmod: Unknow","somnambulantmod: BadIdea"],"picked":"somnambulantmod: Remember","floor":1},{"not_picked":["somnambulantmod: Extract","somnambulantmod: Bloom"],"picked":"somnambulantmod: Unknow","floor":7},{"not_picked":["somnambulantmod: Cower","somnambulantmod: ShimmeringVeil"],"picked":"somnambulantmod: LostMind","floor":9},{"not_picked":["somnambulantmod: HeavyLids","somnambulantmod: Harden"],"picked":"somnambulantmod: Pinch","floor":14},{"not_picked":["somnambulantmod: Harden","somnambulantmod: Sleepyhead"],"picked":"somnambulantmod: Blink","floor":15},{"not_picked":["somnambulantmod: TrepanningBlow","somnambulantmod: DarkeningMind"],"picked":"somnambulantmod: Cower","floor":16},{"not_picked":["somnambulantmod: NewDawn","somnambulantmod: Mindlessness"],"picked":"somnambulantmod: LoseForm","floor":18},{"not_picked":["somnambulantmod: AllForNothing","somnambulantmod: InLimbo+1","somnambulantmod: HeadSmack+1"],"picked":"SKIP","floor":20},{"not_picked":["Transmutation+1","ReplayTheSpireMod:Brewmster+1"],"picked":"ReplayTheSpireMod:Necrogeddon+1","floor":24}],"player_experience":1080811,"relics_obtained":[{"floor":9,"key":"PreservedInsect"},{"floor":11,"key":"halation:BottledLove"}],"event_choices":[{"damage_healed":0,"gold_gain":0,"player_choice":"Bet on Murderer","damage_taken":0,"max_hp_gain":0,"max_hp_loss":0,"event_name":"The Joust","floor":22,"gold_loss":50},{"damage_healed":0,"gold_gain":0,"player_choice":"Traded Relic","damage_taken":0,"relics_obtained":["Nloth\u0027s Gift"],"max_hp_gain":0,"max_hp_loss":0,"event_name":"N\u0027loth","floor":23,"relics_lost":["hubris:Backtick"],"gold_loss":0},{"damage_healed":0,"gold_gain":0,"player_choice":"2","damage_taken":0,"max_hp_gain":0,"max_hp_loss":0,"event_name":"betterMatch:BetterMatch","floor":24,"gold_loss":0,"cards_obtained":["betterMatch:ColorlessRareCard"]}],"is_beta":false,"boss_relics":[{"not_picked":["hubris:RunicObelisk","Honey Jar"],"picked":"Replay:Grab Bag"},{"not_picked":["energizedSpire:CursedPentagram","ChewingGum"],"picked":"beaked:SacredNecklace"},{"not_picked":["energizedSpire:RedRose","jedi:hotpepper"],"picked":"jedi:paperlyon"},{"not_picked":["beaked:SacredDeck","SacredBark"],"picked":"hubris:Backtick"}],"items_purged_floors":[13,21],"is_endless":false,"potions_floor_spawned":[7,9,16,18,20],"killed_by":"Gremlin Leader","ascension_level":2}}