{"host":"fkig9nrckec4xsh0","time":1611109618,"event":{"mods":["BaseMod","Colored Map","Minty Spire (QoL Compilation)","Quick Restart","Replay The Spire","StSLib"],"gold_per_floor":[115,115,8,28,28,28,38,38,38,38,38],"floor_reached":10,"language":"ENG","playtime":399,"items_purged":[],"score":81,"play_id":"1056790d-29aa-4270-86a6-c3c37b31655a","local_time":"20210119212658","is_ascension_mode":true,"campfire_choices":[{"data":"Discovery","floor":6,"key":"SMITH"},{"data":"Leg Sweep","floor":8,"key":"SMITH"}],"circlet_count":0,"master_deck":["Strike_G","Strike_G","Strike_G","Strike_G","Strike_G","Defend_G","Defend_G","Defend_G","Defend_G","Survivor","Neutralize","Discovery+1","Crippling Poison","ReplayTheSpireMod:Exploit Weakness+1","Sucker Punch","Dash","Underhanded Strike+1","Leg Sweep+1"],"relics":["Ring of the Snake","ReplayFunnel","Question Card"],"acts_visited":["Exordium"],"potions_floor_usage":[],"damage_taken":[{"damage":3.0,"enemies":"2 Louse","floor":1.0,"turns":3.0},{"damage":1,"enemies":"Cultist","floor":4,"turns":4},{"damage":0,"enemies":"Jaw Worm","floor":7,"turns":4},{"damage":14,"enemies":"Lagavulin","floor":10,"turns":5}],"seed_played":"-13979818950414848","potions_obtained":[{"floor":1.0,"key":"Languid Potion"}],"is_trial":false,"path_per_floor":["M","?","$","M","?","R","M","R","T","E"],"character_chosen":"THE_SILENT","items_purchased":["ReplayTheSpireMod:Exploit Weakness+1","Sucker Punch"],"campfire_rested":0,"item_purchase_floors":[3,3],"current_hp_per_floor":[60,60,60,59,59,59,59,59,59,45,45],"gold":38,"neow_bonus":"RANDOM_COLORLESS","is_daily":false,"chose_seed":false,"campfire_upgraded":2,"win_rate":0.0,"timestamp":1611109618,"path_taken":["M","?","?","M","?","R","M","R","T","E"],"items_purchased_type":["Card","Card"],"build_version":"2020-12-22","purchased_purges":0,"victory":false,"max_hp_per_floor":[70,70,70,70,70,70,70,70,70,70,70],"card_choices":[{"not_picked":["Impatience","Replay:BasicMightCard"],"picked":"Discovery","floor":0.0},{"not_picked":["Sucker Punch","Dagger Throw"],"picked":"Crippling Poison","floor":1.0},{"not_picked":["Dagger Throw","Bane"],"picked":"Dash","floor":4},{"not_picked":["Riddle With Holes","Flying Knee"],"picked":"Leg Sweep","floor":7}],"player_experience":366324,"relics_obtained":[{"floor":9,"key":"Question Card"}],"event_choices":[{"damage_healed":0,"gold_gain":0,"player_choice":"Gave Potion","damage_taken":0,"relics_obtained":["ReplayFunnel"],"max_hp_gain":0,"max_hp_loss":0,"event_name":"WeMeetAgain","floor":2,"gold_loss":0}],"is_beta":false,"boss_relics":[],"items_purged_floors":[],"is_endless":false,"potions_floor_spawned":[1],"killed_by":"Lagavulin","ascension_level":9}}