{"host":"51mqhfpmwwd4kxyt","time":1611156398,"event":{"mods":["BaseMod","Downfall","Hermit","Highlight Path","Minty Spire (QoL Compilation)","READ ME - Guardian Mod","Remilia??????","StSLib","The Animator","The Bug Knight","The Cursed","The Jungle","The Servant 0.9.4"],"gold_per_floor":[109,121,91,109,125,125,141,151,151,151,167,183,183,202,202,202,202],"floor_reached":16,"language":"ENG","playtime":476,"items_purged":[],"score":127,"play_id":"4c6e0013-1de0-4259-8683-52906454e8f2","local_time":"20210120102638","is_ascension_mode":true,"campfire_choices":[{"data":"Burning Pact","floor":6,"key":"SMITH"},{"floor":13,"key":"REST"},{"data":"Double Tap","floor":15,"key":"SMITH"}],"circlet_count":0,"master_deck":["Strike_R","Strike_R","Strike_R","Strike_R","Strike_R","Defend_R","Defend_R","Defend_R","Defend_R","Bash","Shrug It Off","Burning Pact+1","Warcry","Bloodletting","Double Tap+1"],"relics":["Burning Blood","NeowsBlessing","Omamori"],"acts_visited":["Exordium"],"potions_floor_usage":[5,11,16,16],"damage_taken":[{"damage":0,"enemies":"Cultist","floor":1,"turns":1},{"damage":0,"enemies":"Small Slimes","floor":2,"turns":1},{"damage":0,"enemies":"2 Louse","floor":4,"turns":1},{"damage":6,"enemies":"Looter","floor":5,"turns":2},{"damage":2,"enemies":"2 Fungi Beasts","floor":7,"turns":5},{"damage":12,"enemies":"3 Louse","floor":8,"turns":4},{"damage":49,"enemies":"Exordium Thugs","floor":11,"turns":9},{"damage":16,"enemies":"Red Slaver","floor":12,"turns":3},{"damage":20,"enemies":"3 Louse","floor":14,"turns":4},{"damage":69,"enemies":"Hexaghost","floor":16,"turns":12}],"seed_played":"1278591006596798272","potions_obtained":[{"floor":2,"key":"champ:CounterPotion"},{"floor":3,"key":"AttackPotion"},{"floor":3,"key":"BloodPotion"},{"floor":4,"key":"Regen Potion"},{"floor":7,"key":"GamblersBrew"},{"floor":8,"key":"Dexterity Potion"}],"is_trial":false,"path_per_floor":["M","M","?","M","M","R","M","M","T","?","M","M","R","M","R","B"],"character_chosen":"IRONCLAD","items_purchased":[],"campfire_rested":1,"item_purchase_floors":[],"current_hp_per_floor":[78,80,80,80,80,80,80,74,74,74,46,36,60,46,46,0,0],"gold":202,"neow_bonus":"THREE_ENEMY_KILL","is_daily":false,"chose_seed":false,"campfire_upgraded":2,"win_rate":0.0,"timestamp":1611156398,"path_taken":["M","M","?","?","M","R","M","M","T","?","M","M","R","M","R","BOSS"],"items_purchased_type":[],"build_version":"2020-12-22","purchased_purges":0,"victory":false,"max_hp_per_floor":[80,80,80,80,80,80,80,80,80,80,80,80,80,80,80,80,80],"card_choices":[{"not_picked":["Sword Boomerang","Anger"],"picked":"Shrug It Off","floor":1},{"not_picked":["Flame Barrier","Bloodletting"],"picked":"Burning Pact","floor":2},{"not_picked":["Hemokinesis","Thunderclap"],"picked":"Warcry","floor":4},{"not_picked":["Intimidate","Flex","Heavy Blade"],"picked":"SKIP","floor":5},{"not_picked":["Perfected Strike","Wild Strike","Pommel Strike"],"picked":"SKIP","floor":7},{"not_picked":["Sever Soul","Wild Strike"],"picked":"Bloodletting","floor":8},{"not_picked":["Cleave","Warcry"],"picked":"Double Tap","floor":11},{"not_picked":["Second Wind","Iron Wave","Intimidate"],"picked":"SKIP","floor":12},{"not_picked":["Cleave","Entrench","Clash"],"picked":"SKIP","floor":14}],"player_experience":412551,"relics_obtained":[{"floor":9,"key":"Omamori"}],"event_choices":[{"damage_healed":0,"gold_gain":0,"player_choice":"Bought 2 Potions","damage_taken":0,"max_hp_gain":0,"max_hp_loss":0,"event_name":"The Woman in Blue","floor":3,"gold_loss":0},{"damage_healed":0,"gold_gain":0,"player_choice":"Ignored","damage_taken":0,"max_hp_gain":0,"max_hp_loss":0,"event_name":"Liars Game","floor":10,"gold_loss":0}],"is_beta":false,"boss_relics":[],"items_purged_floors":[],"is_endless":false,"potions_floor_spawned":[2,4,7,8],"killed_by":"Hexaghost","ascension_level":6}}