{"host":"cjhtzh7tp54jdfyv","time":1611118970,"event":{"mods":["AchievementEnabler","BaseMod","Colored Map","Colored Powertips","Curses Come First","DeckTracker","Filter the Spire","Minty Spire (QoL Compilation)","RNG Fix","Relic Sorter","Relic Stats","StSLib","UnlockEverythingMod","ojb\u0027s Better Paths Mod","ojb\u0027s Info Mod"],"gold_per_floor":[118,138,150,166,166,192,15,49,49,49,63,97,114,133,133,210,210,224,224,149,166,183,213,225,268,304,340,380,392,404,427,439,528,540,565,577,589,601,623,660,684,722,757,769,813,825,854,895,907,919,931,943,955,4,33,33],"floor_reached":57,"language":"ENG","playtime":4887,"items_purged":["Defend_G","Strike_G"],"score":3250,"play_id":"cd5943ba-a177-4f84-902d-99edb590963e","local_time":"20210120000250","is_ascension_mode":true,"campfire_choices":[{"floor":15.0,"key":"REST"},{"floor":30.0,"key":"RECALL"},{"floor":32.0,"key":"REST"},{"floor":44.0,"key":"REST"},{"floor":46.0,"key":"REST"},{"floor":49.0,"key":"REST"},{"floor":53.0,"key":"REST"}],"circlet_count":0,"master_deck":["AscendersBane","Strike_G","Strike_G","Strike_G","Defend_G+1","Defend_G+1","Defend_G","Defend_G","Survivor","Neutralize","Dagger Spray","Dash","Riddle With Holes","Blade Dance","Dagger Throw","Terror","Predator","Blade Dance","Wraith Form v2+1","Blade Dance","Terror","Phantasmal Killer","Cloak And Dagger","Prepared+1","Ghostly","Ghostly","Ghostly","Blade Dance","Expertise","Cloak And Dagger+1","Die Die Die","Madness","Madness","Cloak And Dagger+1","Night Terror","Blade Dance+1","Well Laid Plans+1","Adrenaline","Cloak And Dagger+1","Infinite Blades","Panacea","Acrobatics"],"relics":["Fusion Hammer","Ginger","Akabeko","Vajra","PreservedInsect","WristBlade","MawBank","Singing Bowl","Omamori","Lantern","Calling Bell","Juzu Bracelet","Eternal Feather","Dead Branch","Strawberry","Dream Catcher","Anchor","Bag of Preparation","Art of War","Kunai","Pen Nib","Cauldron","Snake Skull"],"acts_visited":["Exordium","TheCity","TheBeyond","TheEnding"],"potions_floor_usage":[55,56],"damage_taken":[{"damage":4.0,"enemies":"Small Slimes","floor":1.0,"turns":6.0},{"damage":0.0,"enemies":"Cultist","floor":2.0,"turns":4.0},{"damage":0.0,"enemies":"2 Louse","floor":3.0,"turns":3.0},{"damage":3.0,"enemies":"Looter","floor":4.0,"turns":3.0},{"damage":0.0,"enemies":"Gremlin Nob","floor":6.0,"turns":3.0},{"damage":2.0,"enemies":"3 Sentries","floor":8.0,"turns":6.0},{"damage":6.0,"enemies":"3 Louse","floor":11.0,"turns":2.0},{"damage":0.0,"enemies":"Lagavulin","floor":12.0,"turns":6.0},{"damage":0.0,"enemies":"2 Fungi Beasts","floor":13.0,"turns":1.0},{"damage":0.0,"enemies":"Looter","floor":14.0,"turns":1.0},{"damage":1.0,"enemies":"Slime Boss","floor":16.0,"turns":6.0},{"damage":4.0,"enemies":"2 Thieves","floor":18.0,"turns":3.0},{"damage":0.0,"enemies":"Chosen","floor":21.0,"turns":1.0},{"damage":0.0,"enemies":"Sentry and Sphere","floor":22.0,"turns":4.0},{"damage":10.0,"enemies":"Book of Stabbing","floor":23.0,"turns":3.0},{"damage":0.0,"enemies":"Gremlin Leader","floor":25.0,"turns":3.0},{"damage":2.0,"enemies":"Book of Stabbing","floor":28.0,"turns":2.0},{"damage":14.0,"enemies":"Snake Plant","floor":31.0,"turns":2.0},{"damage":3.0,"enemies":"Champ","floor":33.0,"turns":7.0},{"damage":0.0,"enemies":"3 Darklings","floor":35.0,"turns":1.0},{"damage":0.0,"enemies":"3 Shapes","floor":39.0,"turns":2.0},{"damage":0.0,"enemies":"Giant Head","floor":40.0,"turns":3.0},{"damage":0.0,"enemies":"Jaw Worm Horde","floor":41.0,"turns":3.0},{"damage":3.0,"enemies":"Nemesis","floor":42.0,"turns":3.0},{"damage":0.0,"enemies":"Reptomancer","floor":45.0,"turns":2.0},{"damage":1.0,"enemies":"Writhing Mass","floor":47.0,"turns":3.0},{"damage":0.0,"enemies":"Giant Head","floor":48.0,"turns":2.0},{"damage":11.0,"enemies":"Awakened One","floor":50.0,"turns":6.0},{"damage":29.0,"enemies":"Time Eater","floor":51.0,"turns":12.0},{"damage":0,"enemies":"Shield and Spear","floor":55,"turns":3},{"damage":31,"enemies":"The Heart","floor":56,"turns":10}],"seed_played":"580663700833464035","potions_obtained":[{"floor":1.0,"key":"Fire Potion"},{"floor":4.0,"key":"Fruit Juice"},{"floor":6.0,"key":"Energy Potion"},{"floor":13.0,"key":"BlessingOfTheForge"},{"floor":16.0,"key":"PowerPotion"},{"floor":23.0,"key":"Swift Potion"},{"floor":39.0,"key":"FearPotion"},{"floor":40.0,"key":"AttackPotion"},{"floor":54.0,"key":"Energy Potion"},{"floor":54.0,"key":"Energy Potion"},{"floor":54.0,"key":"BlessingOfTheForge"}],"is_trial":false,"path_per_floor":["M","M","M","M","?","E","$","E","T","?","M","E","M","M","R","B",null,"M","?","$","M","M","E","?","E","T","T","E","$","R","M","R","B",null,"M","$","?","?","M","E","M","E","T","R","E","R","M","E","R","B","B",null,"R","$","E","B",null],"character_chosen":"THE_SILENT","items_purchased":["Terror","Predator","Blade Dance","Kunai","Pen Nib","Cauldron","Infinite Blades","Panacea","BlessingOfTheForge"],"campfire_rested":6,"item_purchase_floors":[7,7,7,54,54,54,54,54,54],"current_hp_per_floor":[55,55,55,52,32,32,32,30,30,30,24,24,29,29,50,49,66,62,62,62,62,62,52,35,35,35,35,33,33,33,19,29,26,33,35,35,35,28,28,35,37,36,36,48,50,52,51,51,54,43,14,44,54,54,54,23],"gold":33,"neow_bonus":"BOSS_RELIC","is_daily":false,"chose_seed":false,"campfire_upgraded":0,"win_rate":0.0,"timestamp":1611118970,"path_taken":["M","M","M","M","?","E","?","E","T","?","M","E","M","M","R","BOSS","M","?","$","M","?","E","?","E","T","?","E","$","R","M","R","BOSS","M","$","?","?","M","E","M","E","T","R","E","R","M","E","R","BOSS","BOSS","R","$","E","BOSS"],"items_purchased_type":["Card","Card","Card","Relic","Relic","Relic","Card","Card","Potion"],"build_version":"2020-12-22","purchased_purges":2,"victory":true,"max_hp_per_floor":[66,66,66,66,66,66,66,66,66,66,66,66,71,71,71,71,71,71,71,71,71,71,71,35,35,35,35,35,35,35,35,35,35,35,37,37,37,37,37,44,46,48,48,48,50,52,52,52,54,54,54,54,54,54,54,54],"relic_stats":{"Singing Bowl":12,"counters":[31,116],"Dead Branch":[226],"Eternal Feather":23,"PreservedInsect":595,"Pen Nib":[5],"Snake Skull":[26],"Juzu Bracelet":0,"Bag of Preparation":[12],"Ginger":[13],"MawBank":372,"Dream Catcher":4,"Art of War":[3],"Kunai":[16],"obtain_stats":[{"Lantern":28,"Singing Bowl":25,"Dead Branch":34,"Vajra":9,"Eternal Feather":34,"PreservedInsect":12,"Pen Nib":54,"Snake Skull":55,"Omamori":26,"Juzu Bracelet":34,"Bag of Preparation":45,"Ginger":6,"MawBank":23,"Akabeko":8,"Calling Bell":34,"Cauldron":54,"Dream Catcher":42,"Anchor":43,"WristBlade":17,"Strawberry":40,"Fusion Hammer":0,"Art of War":48,"Kunai":54,"Ring of the Snake":0},{"Lantern":17,"Singing Bowl":16,"Dead Branch":19,"Vajra":6,"Eternal Feather":19,"PreservedInsect":8,"Pen Nib":29,"Snake Skull":30,"Omamori":16,"Juzu Bracelet":19,"Bag of Preparation":25,"Ginger":5,"MawBank":15,"Akabeko":6,"Calling Bell":19,"Cauldron":29,"Dream Catcher":24,"Anchor":24,"WristBlade":11,"Strawberry":22,"Fusion Hammer":0,"Art of War":27,"Kunai":29,"Ring of the Snake":0},{"Lantern":57,"Singing Bowl":55,"Dead Branch":66,"Vajra":25,"Eternal Feather":66,"PreservedInsect":33,"Pen Nib":103,"Snake Skull":106,"Omamori":55,"Juzu Bracelet":66,"Bag of Preparation":80,"Ginger":19,"MawBank":52,"Akabeko":25,"Calling Bell":66,"Cauldron":103,"Dream Catcher":78,"Anchor":78,"WristBlade":41,"Strawberry":72,"Fusion Hammer":0,"Art of War":85,"Kunai":103,"Ring of the Snake":0}]},"card_choices":[{"not_picked":["Flying Knee","Poisoned Stab"],"picked":"Dagger Spray","floor":1.0},{"not_picked":["Backstab","All Out Attack"],"picked":"Dash","floor":2.0},{"not_picked":["Cloak And Dagger","Dodge and Roll"],"picked":"Riddle With Holes","floor":3.0},{"not_picked":["Expertise","Choke"],"picked":"Blade Dance","floor":4.0},{"not_picked":["Poisoned Stab","Flying Knee"],"picked":"Dagger Throw","floor":6.0},{"not_picked":["Bane","Infinite Blades"],"picked":"Wraith Form v2","floor":8.0},{"not_picked":["Poisoned Stab","Terror"],"picked":"Blade Dance","floor":11.0},{"not_picked":["Blur","Poisoned Stab","Setup"],"picked":"SKIP","floor":12.0},{"not_picked":["Outmaneuver","Expertise","Crippling Poison"],"picked":"SKIP","floor":13.0},{"not_picked":["Terror","Cloak And Dagger","Sucker Punch"],"picked":"SKIP","floor":14.0},{"not_picked":["Cloak And Dagger","Sucker Punch"],"picked":"Terror","floor":14.0},{"not_picked":["Doppelganger","Bullet Time"],"picked":"Phantasmal Killer","floor":16.0},{"not_picked":["PiercingWail","Flying Knee+1"],"picked":"Cloak And Dagger","floor":18.0},{"not_picked":["Caltrops","Terror","Concentrate"],"picked":"SKIP","floor":21.0},{"not_picked":["Bane","Flying Knee+1"],"picked":"Prepared+1","floor":22.0},{"not_picked":["Sucker Punch","Flying Knee","Grand Finale"],"picked":"SKIP","floor":23.0},{"not_picked":["Dagger Throw+1","Noxious Fumes"],"picked":"Blade Dance","floor":25.0},{"not_picked":["Sucker Punch","Dagger Throw"],"picked":"Expertise","floor":28.0},{"not_picked":["Reflex","Expertise"],"picked":"Cloak And Dagger+1","floor":31.0},{"not_picked":["A Thousand Cuts","Unload"],"picked":"Die Die Die","floor":33.0},{"not_picked":["Sucker Punch","Dodge and Roll+1","Flechettes+1"],"picked":"Singing Bowl","floor":35.0},{"not_picked":["Dagger Throw","Terror"],"picked":"Cloak And Dagger+1","floor":39.0},{"not_picked":["Bullet Time","Flying Knee"],"picked":"Night Terror","floor":40.0},{"not_picked":["Dagger Spray","Reflex+1","Outmaneuver"],"picked":"Singing Bowl","floor":41.0},{"not_picked":["Underhanded Strike+1","Expertise","Grand Finale"],"picked":"Singing Bowl","floor":42.0},{"not_picked":["Crippling Poison","Well Laid Plans+1"],"picked":"Blade Dance+1","floor":44.0},{"not_picked":["Distraction","Underhanded Strike","Poisoned Stab"],"picked":"Singing Bowl","floor":45.0},{"not_picked":["Setup+1","Flying Knee","Dagger Throw"],"picked":"Singing Bowl","floor":46.0},{"not_picked":["Quick Slash+1","Acrobatics"],"picked":"Well Laid Plans+1","floor":47.0},{"not_picked":["Deflect","Riddle With Holes"],"picked":"Adrenaline","floor":48.0},{"not_picked":["Slice","Deadly Poison+1","Sucker Punch"],"picked":"Singing Bowl","floor":49.0},{"not_picked":["Outmaneuver","Sucker Punch+1"],"picked":"Cloak And Dagger+1","floor":53.0},{"not_picked":["Poisoned Stab","Riddle With Holes"],"picked":"Acrobatics","floor":55}],"player_experience":4602822,"relics_obtained":[{"floor":6.0,"key":"Ginger"},{"floor":8.0,"key":"Akabeko"},{"floor":9.0,"key":"Vajra"},{"floor":12.0,"key":"PreservedInsect"},{"floor":23.0,"key":"MawBank"},{"floor":25.0,"key":"Singing Bowl"},{"floor":26.0,"key":"Omamori"},{"floor":28.0,"key":"Lantern"},{"floor":34.0,"key":"Juzu Bracelet"},{"floor":34.0,"key":"Eternal Feather"},{"floor":34.0,"key":"Dead Branch"},{"floor":40.0,"key":"Strawberry"},{"floor":42.0,"key":"Dream Catcher"},{"floor":43.0,"key":"Anchor"},{"floor":45.0,"key":"Bag of Preparation"},{"floor":48.0,"key":"Art of War"},{"floor":55,"key":"Snake Skull"}],"event_choices":[{"damage_healed":0.0,"max_hp_gain":0.0,"max_hp_loss":0.0,"gold_gain":0.0,"event_name":"Shining Light","player_choice":"Entered Light","floor":5.0,"gold_loss":0.0,"damage_taken":20.0,"cards_upgraded":["Defend_G","Defend_G"]},{"damage_healed":0.0,"max_hp_gain":0.0,"max_hp_loss":0.0,"gold_gain":0.0,"event_name":"Living Wall","player_choice":"Grow","floor":10.0,"gold_loss":0.0,"damage_taken":0.0,"cards_upgraded":["Wraith Form v2"]},{"damage_healed":0.0,"max_hp_gain":0.0,"max_hp_loss":0.0,"gold_gain":0.0,"event_name":"The Mausoleum","player_choice":"Ignored","floor":19.0,"gold_loss":0.0,"damage_taken":0.0},{"damage_healed":0.0,"max_hp_gain":0.0,"max_hp_loss":36.0,"gold_gain":0.0,"event_name":"Ghosts","player_choice":"Became a Ghost","floor":24.0,"gold_loss":0.0,"damage_taken":0.0,"cards_obtained":["Ghostly","Ghostly","Ghostly"]},{"cards_removed":["Strike_G"],"damage_healed":0.0,"max_hp_gain":0.0,"max_hp_loss":0.0,"gold_gain":0.0,"event_name":"Falling","player_choice":"Removed Attack","floor":37.0,"gold_loss":0.0,"damage_taken":0.0},{"damage_healed":0.0,"max_hp_gain":0.0,"max_hp_loss":0.0,"gold_gain":0.0,"event_name":"Winding Halls","player_choice":"Embrace Madness","floor":38.0,"gold_loss":0.0,"damage_taken":7.0,"cards_obtained":["Madness","Madness"]}],"is_beta":false,"boss_relics":[{"not_picked":["Astrolabe","Sozu"],"picked":"WristBlade"},{"not_picked":["Empty Cage","Velvet Choker"],"picked":"Calling Bell"}],"items_purged_floors":[20,54],"is_endless":false,"potions_floor_spawned":[1,4,6,13,16,23,28,39,40,47],"ascension_level":20}}