{"host":"qmlry8i8enac5s44","time":1611150628,"event":{"mods":["Act Like it!","BaseMod","Colored Map","Gensokyo","Luminous","Marisa£®ÏF”Í°°ƒß¿Ì…≥£©","Minty Spire (QoL Compilation)","StSLib","Youmu£®ªÍ∆«—˝√Œ£©","°æ“≈ŒÔø®≈∆°øREMEMod"],"gold_per_floor":[109,109,109,125,75,108,108,133,157,187,197,209,229,245,245,346,346,365,383,277,292,292,292],"floor_reached":22,"language":"ZHS","playtime":1146,"items_purged":[],"score":284,"play_id":"e41443c0-746d-4375-8d94-b90bf7bd11ac","local_time":"20210120215028","is_ascension_mode":true,"campfire_choices":[{"data":"BlazeAway","floor":7,"key":"SMITH"},{"data":"EnergyFlow","floor":15,"key":"SMITH"}],"circlet_count":0,"master_deck":["Strike_MRS","Strike_MRS","Strike_MRS","Strike_MRS","Defend_MRS","Defend_MRS","Defend_MRS","Defend_MRS","MasterSpark","UpSweep","Gensokyo:HouraiInAPot","TreasureHunter","EnergyFlow+1","Gensokyo:BlessingOfVigor","BlazeAway+1","OneTimeOff","CollectingQuirk","IllusionStar+1","Gensokyo:Shovel","Gensokyo:RustyChest"],"relics":["BewitchedHakkero","REME_ComplimentaryCards","NeowsBlessing","Gensokyo:Justice","Frozen Egg 2","Bag of Marbles","Lantern","Tiny Chest","Centennial Puzzle","Mango","Bronze Scales"],"acts_visited":["Exordium","Gensokyo:Gensokyo"],"potions_floor_usage":[13,16,16,21,21,21],"damage_taken":[{"damage":0,"enemies":"Gensokyo:Python","floor":1,"turns":1},{"damage":0,"enemies":"Gensokyo:2_Kodama","floor":4,"turns":1},{"damage":1,"enemies":"Gensokyo:Cirno","floor":6,"turns":2},{"damage":37,"enemies":"Gensokyo:Aya","floor":8,"turns":6},{"damage":5,"enemies":"Gensokyo:Mamizou","floor":10,"turns":7},{"damage":0,"enemies":"Gensokyo:3_Fairies","floor":11,"turns":3},{"damage":0,"enemies":"Gensokyo:VengefulSpirit","floor":12,"turns":2},{"damage":0,"enemies":"Gensokyo:2_Rabbits","floor":13,"turns":1},{"damage":0,"enemies":"Gensokyo:Python_and_Kodama","floor":14,"turns":2},{"damage":4,"enemies":"Gensokyo:Reimu","floor":16,"turns":6},{"damage":0,"enemies":"Gensokyo:Chomper","floor":18,"turns":3},{"damage":0,"enemies":"Gensokyo:2_Gloops","floor":19,"turns":2},{"damage":13,"enemies":"Gensokyo:Swordslinger","floor":21,"turns":4},{"damage":64,"enemies":"Gensokyo:Wraith","floor":22,"turns":6}],"seed_played":"1169664021958753053","potions_obtained":[{"floor":6,"key":"LiquidMemories"},{"floor":10,"key":"ColorlessPotion"},{"floor":11,"key":"REME_GoldPotion"},{"floor":13,"key":"ShroomBrew"},{"floor":14,"key":"PowerPotion"},{"floor":16,"key":"ColorlessPotion"},{"floor":19,"key":"ColorlessPotion"}],"is_trial":false,"path_per_floor":["M","?","?","M","?","E","R","E","T","E","M","M","M","M","R","B",null,"M","M","COS","M","M"],"character_chosen":"MARISA","items_purchased":[],"campfire_rested":0,"item_purchase_floors":[],"current_hp_per_floor":[75,75,75,75,75,74,74,37,37,32,32,32,32,32,32,42,77,77,77,77,64,0,0],"gold":292,"neow_bonus":"THREE_ENEMY_KILL","is_daily":false,"chose_seed":false,"campfire_upgraded":2,"win_rate":0.0,"timestamp":1611150628,"path_taken":["M","?","?","M","?","E","R","E","T","E","?","M","M","M","R","BOSS","M","M","COS","?","M"],"items_purchased_type":[],"build_version":"2020-12-22","purchased_purges":0,"victory":false,"max_hp_per_floor":[75,75,75,75,75,75,75,75,75,75,75,75,75,75,75,89,89,89,89,89,89,89,89],"card_choices":[{"not_picked":["ShootingEcho","MeteoricShower"],"picked":"PulseMagic","floor":1},{"not_picked":["PowerUp","DC"],"picked":"TreasureHunter","floor":2},{"not_picked":["ShootingEcho","6A"],"picked":"EnergyFlow","floor":4},{"not_picked":["WitchOfGreed+1","UnstableBomb"],"picked":"BlazeAway","floor":6},{"not_picked":["GrandCross","DarkMatter"],"picked":"OneTimeOff","floor":8},{"not_picked":["MilkyWay","SporeBomb","MeteoricShower"],"picked":"SKIP","floor":10},{"not_picked":["ShootingEcho","GrandCross","DragonMeteor"],"picked":"SKIP","floor":11},{"not_picked":["DoubleSpark","MeteoricShower","Occultation"],"picked":"SKIP","floor":12},{"not_picked":["WitchLeyline","MysteriousBeam","PowerUp"],"picked":"SKIP","floor":13},{"not_picked":["CollectingQuirk","MeteoricShower","DoubleSpark"],"picked":"SKIP","floor":14},{"not_picked":["JA","StarDustReverie"],"picked":"CollectingQuirk","floor":16},{"not_picked":["6A","AsteroidBelt","DoubleSpark"],"picked":"SKIP","floor":18},{"not_picked":["GravityBeat","UnstableBomb"],"picked":"IllusionStar+1","floor":19},{"not_picked":["MilkyWay","GalacticHalo","DC"],"picked":"SKIP","floor":21}],"player_experience":423505,"relics_obtained":[{"floor":6,"key":"Frozen Egg 2"},{"floor":8,"key":"Bag of Marbles"},{"floor":8,"key":"Lantern"},{"floor":10,"key":"Tiny Chest"},{"floor":10,"key":"Centennial Puzzle"},{"floor":16,"key":"Mango"}],"event_choices":[],"is_beta":false,"boss_relics":[{"not_picked":["SlaversCollar","RampagingMagicTools"],"picked":"BewitchedHakkero"}],"items_purged_floors":[],"is_endless":false,"potions_floor_spawned":[6,10,11,13,14,16,19],"killed_by":"Gensokyo:Wraith","ascension_level":5}}