{"host":"njb27ds59h4j3ikk","time":1611121484,"event":{"mods":["AchievementEnabler","BaseMod","Better Altar","Better Match","Better Note","Better Sensory Stone","Better Skull","Better Third Choice","BetterRewards","Downfall","Hermit","Hubris","Minty Spire (QoL Compilation)","Permanent Neow","Quarter Circle Forward PUNCH!","Quick Restart","Rare Cards Sparkle","Shop Mod","StSLib","Trackpad","Transform Curses"],"gold_per_floor":[99,99,99,99,119,137,137,137,153,171,271,571,471,502,519,519,519,519],"floor_reached":16,"language":"ENG","playtime":573,"items_purged":[],"score":105,"play_id":"016a520b-26ec-4e45-b755-7265696642d3","local_time":"20210120004444","is_ascension_mode":true,"campfire_choices":[{"data":"champ:Execute","floor":1.0,"key":"SMITH"},{"data":"champ:EnragedBash","floor":8.0,"key":"SMITH"},{"data":"champ:SetATrap","floor":13.0,"key":"SMITH"}],"circlet_count":0,"master_deck":["champ:Strike","champ:Strike","champ:Strike","champ:Strike","champ:Defend","champ:Defend","champ:Defend","champ:Defend","champ:Execute+1","champ:Taunt","champ:EnragedBash+1","champ:SkillfulDodge","champ:ViciousMockery","champ:Parry","champ:DefensiveShout","champ:SetATrap+1","champ:FanOfKnives","downfall:Icky","downfall:Icky","champ:Backstep","champ:FlashCut"],"relics":["champ:ChampionCrown","downfall:HeartsMalice","downfall:HeartBlessingBlue","Akabeko"],"acts_visited":["Exordium"],"potions_floor_usage":[16,16],"damage_taken":[{"damage":0.0,"enemies":"Small Slimes","floor":2.0,"turns":1.0},{"damage":0.0,"enemies":"2 Louse","floor":3.0,"turns":1.0},{"damage":0.0,"enemies":"Jaw Worm","floor":4.0,"turns":1.0},{"damage":27.0,"enemies":"Exordium Wildlife","floor":5.0,"turns":3.0},{"damage":20.0,"enemies":"Large Slime","floor":6.0,"turns":5.0},{"damage":16.0,"enemies":"3 Louse","floor":9.0,"turns":3.0},{"damage":30.0,"enemies":"2 Fungi Beasts","floor":10.0,"turns":3.0},{"damage":56.0,"enemies":"Lagavulin","floor":14.0,"turns":5.0},{"damage":20.0,"enemies":"Blue Slaver","floor":15.0,"turns":2.0},{"damage":19,"enemies":"SI_SHIV_ARCHETYPE","floor":16,"turns":7}],"seed_played":"4910699627071875269","potions_obtained":[{"floor":6.0,"key":"Weak Potion"},{"floor":10.0,"key":"FearPotion"},{"floor":15.0,"key":"Swift Potion"}],"is_trial":false,"path_per_floor":["R","M","M","M","M","M","T","R","M","M","?","?","R","E","M","B"],"character_chosen":"THE_CHAMP","items_purchased":[],"campfire_rested":0,"item_purchase_floors":[],"current_hp_per_floor":[90,90,90,90,78,78,78,78,72,57,57,57,67,36,16,0,0,0],"gold":519,"neow_bonus":"THREE_ENEMY_KILL","is_daily":false,"chose_seed":false,"campfire_upgraded":3,"win_rate":0.0,"timestamp":1611121484,"path_taken":["R","M","M","M","M","M","T","R","M","M","?","?","R","E","M","BOSS"],"items_purchased_type":[],"build_version":"2020-12-22","purchased_purges":0,"victory":false,"max_hp_per_floor":[90,90,90,90,90,90,90,90,90,90,90,90,100,100,100,100,100,100],"card_choices":[{"not_picked":["champ:Circumvent","champ:Shatter"],"picked":"champ:EnragedBash","floor":2.0},{"not_picked":["champ:PerfectedStrike","champ:CrownThrow"],"picked":"champ:SkillfulDodge","floor":3.0},{"not_picked":["champ:PerfectedStrike","champ:ViciousMockery","champ:Haymaker"],"picked":"SKIP","floor":4.0},{"not_picked":["champ:PerfectedStrike","champ:Haymaker"],"picked":"champ:ViciousMockery","floor":4.0},{"not_picked":["champ:EndlessRage","champ:Haymaker"],"picked":"champ:Parry","floor":5.0},{"not_picked":["champ:FlashCut","champ:BladeFlurry"],"picked":"champ:DefensiveShout","floor":6.0},{"not_picked":["champ:FlashCut","champ:GutPunch"],"picked":"champ:SetATrap","floor":9.0},{"not_picked":["champ:Devastate","champ:ShieldSigil"],"picked":"champ:FanOfKnives","floor":10.0},{"not_picked":["champ:CrookedStrike","champ:GladiatorStyle"],"picked":"champ:Backstep","floor":14.0},{"not_picked":["champ:Duel","champ:PreciseThrust"],"picked":"champ:FlashCut","floor":15.0}],"player_experience":1259328,"relics_obtained":[{"floor":14.0,"key":"Akabeko"}],"event_choices":[],"is_beta":false,"boss_relics":[],"items_purged_floors":[],"is_endless":false,"potions_floor_spawned":[6,10,15],"killed_by":"SI_SHIV_ARCHETYPE","ascension_level":1}}