{"host":"oc9z8cublggqyfxu","time":1611142917,"event":{"mods":["AchievementEnabler","Act Like it!","Aspiration","BaseMod","Colored Map","Colored Powertips","Dota2Spire","Friendly Minions","Gensokyo","GifTheSpireLib","Hallownest","Hermit","Highlight Path","Infinite Spire","KinomotoSakuraMod(木之本樱)","Koishi","Lobotomy","LobotomyExtend","Marisa（F雨　魔理沙）","Minty Spire (QoL Compilation)","Quick Restart","Rare Cards Sparkle","Relic Stats","Remilia（蕾米莉亚）","Replay The Spire","RumiaBox-露米娅的神秘盒子","Spicy Shops","StSLib","The Administrix","The Animator","The Blackbeard","The Bug Knight","The Cursed","The Hierophant","The Mystic","The Runesmith","The Servant 0.9.4","Yakumo Yukari mod","Youmu（魂魄妖梦）","Yuyuko","vexMod","【功能Mod】混沌之环修复补丁","【功能Mod】聪明的最终Boss"],"gold_per_floor":[275,275,295,295,120,120,120,176,176,30,30,73,73,121,121,254,254,294,340,65,106,106,106,106,106,106,106,106,150,221,250,250,250,250],"floor_reached":33,"language":"ZHS","playtime":2340,"items_purged":["CommonCold","Defend_P","Strike_P","Defend_P","Defend_P"],"score":354,"play_id":"0b916d0a-5d98-4e2c-a699-6c3fcf603454","local_time":"20210120194157","is_ascension_mode":true,"campfire_choices":[{"data":"Wish","floor":6.0,"key":"SMITH"},{"data":"Eruption","floor":11.0,"key":"SMITH"},{"data":"BowlingBash","floor":13.0,"key":"SMITH"},{"data":"JustLucky","floor":15.0,"key":"SMITH"},{"data":"infinitespire:TheBestDefense","floor":23.0,"key":"SMITH"},{"data":"LessonLearned","floor":25.0,"key":"SMITH"},{"data":"Protect","floor":32,"key":"SMITH"},{"data":"Strike_P","floor":32,"key":"SMITH"}],"circlet_count":0,"master_deck":["Strike_P+3","Strike_P","Defend_P","Eruption+1","Vigilance+1","BowlingBash+1","Wish+1","BlackSwan","Nirvana+1","JustLucky+1","LessonLearned+1","infinitespire:TheBestDefense+1","Shame","OSAHOGD","Protect+1"],"relics":["PureWater","CogitoBucket","RabbitCall","LetterFromLob","ReplayTheSpireMod:Ring of Addiction","Toy Ornithopter","Chameleon Ring","ReplayTheSpireMod:Ring of Exchange","Replay:Baseball","GoldenEye","Simple Rune","War Paint","Dota2Spire:RefresherOrb","FleshIdol","Peace Pipe","DollysMirror","Replay:Ringing Soul","GodSword7","Replay:Arrowhead"],"acts_visited":["Exordium","Gensokyo:Gensokyoer"],"potions_floor_usage":[30,30],"damage_taken":[{"damage":3.0,"enemies":"Jaw Worm","floor":1.0,"turns":3.0},{"damage":0.0,"enemies":"2 Louse","floor":3.0,"turns":1.0},{"damage":15.0,"enemies":"3 Sentries","floor":8.0,"turns":7.0},{"damage":12.0,"enemies":"Small Slimes","floor":12.0,"turns":3.0},{"damage":21.0,"enemies":"2 Fungi Beasts","floor":14.0,"turns":4.0},{"damage":0.0,"enemies":"Fading Forest","floor":16.0,"turns":11.0},{"damage":7.0,"enemies":"Gensokyo:AngelMirror","floor":18.0,"turns":5.0},{"damage":9.0,"enemies":"Gensokyo:2_Gloops","floor":19.0,"turns":4.0},{"damage":71.0,"enemies":"Gensokyo:Slime_Group","floor":21.0,"turns":6.0},{"damage":11,"enemies":"Gensokyo:Mirror_and_Dog","floor":29,"turns":3},{"damage":64,"enemies":"Gensokyo:Swordslinger","floor":30,"turns":4},{"damage":34,"enemies":"Gensokyo:Reisen","floor":31,"turns":5},{"damage":80,"enemies":"Gensokyo:Eternal_Rivals","floor":33,"turns":1}],"seed_played":"8442626855744687006","potions_obtained":[{"floor":3.0,"key":"StancePotion"},{"floor":4.0,"key":"Reflective Coating"},{"floor":4.0,"key":"Toxic Potion"},{"floor":8.0,"key":"SkillPotion"},{"floor":16.0,"key":"Venom Potion"},{"floor":18.0,"key":"DuplicationPotion"},{"floor":21.0,"key":"LiquidBronze"},{"floor":29,"key":"Dota2Spire:Clarity"},{"floor":31,"key":"Swift Potion"}],"is_trial":false,"path_per_floor":["M","?","M","?","$","R","?","E","T","$","R","M","R","M","R","B",null,"M","M","$","M","AVR","R","?","R","T","?","?","M","M","E","R","B"],"character_chosen":"WATCHER","items_purchased":["War Paint"],"campfire_rested":0,"item_purchase_floors":[10],"current_hp_per_floor":[69,69,69,69,69,69,57,52,52,52,52,45,45,24,24,39,66,61,60,60,36,36,36,36,36,36,39,39,55,61,64,64,0,0],"gold":250,"neow_bonus":"","is_daily":false,"chose_seed":false,"campfire_upgraded":8,"win_rate":0.0,"timestamp":1611142917,"path_taken":["M","?","M","?","$","R","?","E","T","$","R","M","R","M","R","BOSS","M","M","$","M","AVR","R","?","R","T","?","?","M","M","E","R","BOSS"],"items_purchased_type":["Relic"],"build_version":"2020-12-22","purchased_purges":5,"victory":false,"max_hp_per_floor":[72,72,72,72,72,72,72,70,70,70,70,68,68,68,68,66,66,66,66,64,64,64,64,59,57,57,60,58,61,61,64,64,64,64],"relic_stats":{"Peace Pipe":0,"counters":[14,58],"War Paint":["Defend_P","Vigilance"],"GoldenEye":[27],"obtain_stats":[{"RabbitCall":0,"ReplayTheSpireMod:Ring of Exchange":4,"ReplayTheSpireMod:Ring of Addiction":4,"FleshIdol":18,"Dota2Spire:RefresherOrb":17,"War Paint":10,"GoldenEye":8,"Replay:Arrowhead":31,"Peace Pipe":22,"Replay:Ringing Soul":24,"CogitoBucket":0,"Replay:Baseball":7,"Chameleon Ring":4,"DollysMirror":22,"Simple Rune":9,"GodSword7":26,"LetterFromLob":1,"PureWater":0,"Toy Ornithopter":4},{"RabbitCall":0,"ReplayTheSpireMod:Ring of Exchange":2,"ReplayTheSpireMod:Ring of Addiction":2,"FleshIdol":8,"Dota2Spire:RefresherOrb":6,"War Paint":3,"GoldenEye":3,"Replay:Arrowhead":13,"Peace Pipe":10,"Replay:Ringing Soul":10,"CogitoBucket":0,"Replay:Baseball":2,"Chameleon Ring":2,"DollysMirror":10,"Simple Rune":3,"GodSword7":10,"LetterFromLob":1,"PureWater":0,"Toy Ornithopter":2},{"RabbitCall":0,"ReplayTheSpireMod:Ring of Exchange":4,"ReplayTheSpireMod:Ring of Addiction":4,"FleshIdol":35,"Dota2Spire:RefresherOrb":29,"War Paint":11,"GoldenEye":11,"Replay:Arrowhead":57,"Peace Pipe":45,"Replay:Ringing Soul":45,"CogitoBucket":0,"Replay:Baseball":4,"Chameleon Ring":4,"DollysMirror":45,"Simple Rune":11,"GodSword7":45,"LetterFromLob":3,"PureWater":0,"Toy Ornithopter":4}],"Toy Ornithopter":31},"card_choices":[{"not_picked":["PunishingBird","Bloodbath","Porccubus"],"picked":"Singing Bowl","floor":1.0},{"not_picked":["Collect","Weave"],"picked":"BowlingBash","floor":1.0},{"not_picked":["LittleHelper","HappyTeddy","ShyLook"],"picked":"Singing Bowl","floor":3.0},{"not_picked":["Vengeance","Fasting2"],"picked":"Wish","floor":3.0},{"not_picked":["Scorched","OldLady","FairyFestival"],"picked":"Singing Bowl","floor":8.0},{"not_picked":["ClearTheMind","WindmillStrike","Replay:BluntJabs"],"picked":"SKIP","floor":8.0},{"not_picked":["LittlePrince","UniverseFragment"],"picked":"BlackSwan","floor":12.0},{"not_picked":["LikeWater","PathToVictory"],"picked":"Nirvana","floor":12.0},{"not_picked":["Yin","MeatLantern","OldLady"],"picked":"Singing Bowl","floor":14.0},{"not_picked":["PathToVictory","Replay:DivineShield"],"picked":"JustLucky","floor":14.0},{"not_picked":["FairyFestival","Funeral"],"picked":"CENSORED","floor":16.0},{"not_picked":["Ragnarok","Vault"],"picked":"LessonLearned","floor":16.0},{"not_picked":["Freischutz","GalaxyChild","FairyFestival"],"picked":"Singing Bowl","floor":18.0},{"not_picked":["Study","Meditate","Evaluate"],"picked":"SKIP","floor":18.0},{"not_picked":["VoidDream","GalaxyChild","Funeral"],"picked":"Singing Bowl","floor":19.0},{"not_picked":["Protect","Evaluate","Replay:BluntJabs"],"picked":"SKIP","floor":19.0},{"not_picked":["WhitesApple","Freischutz"],"picked":"QueenOfHatred","floor":21.0},{"not_picked":["Prostrate","Replay:Vibes+1","Halt"],"picked":"SKIP","floor":21.0},{"not_picked":["Freischutz","BeautyBeast","Laetitia"],"picked":"Singing Bowl","floor":29},{"not_picked":["RedShoes","ShyLook"],"picked":"OSAHOGD","floor":29},{"not_picked":["Protect","Replay:AtTheReady","FollowUp"],"picked":"SKIP","floor":29},{"not_picked":["PunishingBird","Wellcheers","QueenBee"],"picked":"Singing Bowl","floor":30},{"not_picked":["Protect","FollowUp","WheelKick"],"picked":"SKIP","floor":30},{"not_picked":["Yin","LongBird"],"picked":"MeltingLove","floor":31},{"not_picked":["Replay:ManipulateFuture","Fasting2"],"picked":"Protect","floor":31}],"player_experience":350631,"relics_obtained":[{"floor":1.0,"key":"LetterFromLob"},{"floor":4.0,"key":"ReplayTheSpireMod:Ring of Addiction"},{"floor":4.0,"key":"Toy Ornithopter"},{"floor":4.0,"key":"Chameleon Ring"},{"floor":4.0,"key":"ReplayTheSpireMod:Ring of Exchange"},{"floor":8.0,"key":"GoldenEye"},{"floor":9.0,"key":"Simple Rune"},{"floor":26.0,"key":"GodSword7"},{"floor":31,"key":"Replay:Arrowhead"}],"event_choices":[{"damage_healed":0.0,"max_hp_gain":0.0,"max_hp_loss":0.0,"gold_gain":0.0,"event_name":"Scrap Ooze","player_choice":"Success","floor":7.0,"gold_loss":0.0,"damage_taken":12.0,"relics_obtained":["Replay:Baseball"]}],"is_beta":false,"boss_relics":[{"not_picked":["VioletLotus","ReplayTheSpireMod:CursedCoin"],"picked":"Dota2Spire:RefresherOrb"}],"items_purged_floors":[5,5,20,20,22],"is_endless":false,"potions_floor_spawned":[3,8,16,18,21,29,31],"killed_by":"Gensokyo:Eternal_Rivals","ascension_level":1}}