{"host":"1tl36azeqm6yhdgj","time":1611141819,"event":{"mods":["AchievementEnabler","BaseMod","Minty Spire (QoL Compilation)","StSLib","The IronCluck","everything is the same but u backflip on backflip"],"gold_per_floor":[114,39,39,55,68,68,84,118,418,358,358,358],"floor_reached":11,"language":"ENG","playtime":254,"items_purged":[],"score":142,"play_id":"dd7af50d-0e26-4965-855f-e281c0f3713d","local_time":"20210120062339","is_ascension_mode":true,"campfire_choices":[{"data":"Bash","floor":6,"key":"SMITH"}],"circlet_count":0,"master_deck":["AscendersBane","Strike_R","Strike_R","Strike_R","Strike_R","Defend_R","Defend_R","Defend_R","Defend_R","Bash+1","Clash","Regret","Evolve","Ghostly Armor","Juggernaut"],"relics":["Burning Blood","NeowsBlessing","Eternal Feather","Torii","Old Coin"],"acts_visited":["Exordium"],"potions_floor_usage":[8],"damage_taken":[{"damage":0,"enemies":"Jaw Worm","floor":1,"turns":1},{"damage":0,"enemies":"2 Louse","floor":4,"turns":1},{"damage":0,"enemies":"Small Slimes","floor":5,"turns":2},{"damage":19,"enemies":"Blue Slaver","floor":7,"turns":6},{"damage":56,"enemies":"3 Sentries","floor":8,"turns":10},{"damage":18,"enemies":"Lagavulin","floor":11,"turns":3}],"seed_played":"-5545347441075209727","potions_obtained":[{"floor":4,"key":"Explosive Potion"}],"is_trial":false,"path_per_floor":["M","?","?","M","M","R","M","E","T","?","E"],"character_chosen":"IRONCLAD","items_purchased":[],"campfire_rested":0,"item_purchase_floors":[],"current_hp_per_floor":[74,74,74,75,75,75,62,12,12,12,0,0],"gold":358,"neow_bonus":"THREE_ENEMY_KILL","is_daily":false,"chose_seed":false,"campfire_upgraded":1,"win_rate":0.0,"timestamp":1611141819,"path_taken":["M","?","?","M","M","R","M","E","T","?","E"],"items_purchased_type":[],"build_version":"2020-12-22","purchased_purges":0,"victory":false,"max_hp_per_floor":[75,75,75,75,75,75,75,75,75,75,75,75],"card_choices":[{"not_picked":["Sentinel","Wild Strike"],"picked":"Clash","floor":1},{"not_picked":["Shrug It Off","Sword Boomerang"],"picked":"Evolve","floor":4},{"not_picked":["Wild Strike","Clash"],"picked":"Ghostly Armor","floor":5},{"not_picked":["Shrug It Off","Seeing Red"],"picked":"Juggernaut","floor":7},{"not_picked":["Havoc","Entrench","Twin Strike"],"picked":"SKIP","floor":8}],"player_experience":2006764,"relics_obtained":[{"floor":8,"key":"Torii"},{"floor":9,"key":"Old Coin"}],"event_choices":[{"cards_removed":["Strike_R"],"damage_healed":0,"gold_gain":0,"player_choice":"Card Removal","damage_taken":0,"max_hp_gain":0,"max_hp_loss":0,"event_name":"The Cleric","floor":2,"gold_loss":75},{"damage_healed":0,"gold_gain":0,"player_choice":"Box","damage_taken":0,"relics_obtained":["Eternal Feather"],"max_hp_gain":0,"max_hp_loss":0,"event_name":"Big Fish","floor":3,"gold_loss":0,"cards_obtained":["Regret"]},{"damage_healed":0,"gold_gain":0,"player_choice":"Left Gold","damage_taken":0,"max_hp_gain":0,"max_hp_loss":0,"event_name":"World of Goop","floor":10,"gold_loss":60}],"is_beta":false,"boss_relics":[],"items_purged_floors":[],"is_endless":false,"potions_floor_spawned":[4],"killed_by":"Lagavulin","ascension_level":19}}