{"host":"bq4pt811tk9yrmjl","time":1611172191,"event":{"mods":["AchievementEnabler","BaseMod","Colored Map","Colored Powertips","Defuse TimeMaze Blight","Hermit","Minty Spire (QoL Compilation)","StSLib","SuperFastMode"],"gold_per_floor":[119,119,119,138,91,91,91,123,123,123,54,129,129,160,160,264,264,264,264],"floor_reached":18,"language":"ENG","playtime":252,"items_purged":[],"score":172,"play_id":"02ab1f96-b9e3-4ae9-8e44-b0f8db831daa","local_time":"20210120174951","is_ascension_mode":true,"campfire_choices":[{"data":"Streamline","floor":6,"key":"SMITH"},{"floor":10,"key":"REST"},{"floor":15,"key":"REST"}],"circlet_count":0,"master_deck":["Strike_B","Strike_B","Strike_B","Strike_B","Defend_B","Defend_B","Defend_B","Defend_B","Zap+1","Dualcast","Force Field","Streamline+1","Ball Lightning","Sunder","Biased Cognition"],"relics":["Cracked Core","CultistMask","TungstenRod","Letter Opener","Dream Catcher","Potion Belt","Busted Crown"],"acts_visited":["Exordium","TheCity"],"potions_floor_usage":[14],"damage_taken":[{"damage":0,"enemies":"Small Slimes","floor":1,"turns":3},{"damage":6,"enemies":"Cultist","floor":4,"turns":4},{"damage":28,"enemies":"Gremlin Nob","floor":8,"turns":4},{"damage":16,"enemies":"3 Sentries","floor":14,"turns":5},{"damage":51,"enemies":"The Guardian","floor":16,"turns":10},{"damage":11,"enemies":"3 Byrds","floor":18,"turns":3}],"seed_played":"8503715558801383449","potions_obtained":[{"floor":1,"key":"BlessingOfTheForge"}],"is_trial":false,"path_per_floor":["M","$","?","M","$","R","$","E","T","R","$","T","?","E","R","B",null,"M"],"character_chosen":"DEFECT","items_purchased":["Ball Lightning","Sunder"],"campfire_rested":2,"item_purchase_floors":[5,11],"current_hp_per_floor":[75,75,75,69,69,69,69,41,41,63,63,63,58,42,64,13,75,64,64],"gold":264,"neow_bonus":"UPGRADE_CARD","is_daily":false,"chose_seed":false,"campfire_upgraded":1,"win_rate":0.0,"timestamp":1611172191,"path_taken":["M","$","?","M","$","R","?","E","T","R","?","?","?","E","R","BOSS","M"],"items_purchased_type":["Card","Card"],"build_version":"2020-12-22","purchased_purges":0,"victory":false,"max_hp_per_floor":[75,75,75,75,75,75,75,75,75,75,75,75,75,75,75,75,75,75,75],"card_choices":[{"not_picked":["Sweeping Beam","Compile Driver"],"picked":"Force Field","floor":1},{"not_picked":["Rebound","Skim"],"picked":"Streamline","floor":4},{"not_picked":["Chaos","Turbo","Undo"],"picked":"SKIP","floor":8},{"not_picked":["Sweeping Beam","Glacier","Blizzard"],"picked":"SKIP","floor":14},{"not_picked":["Thunder Strike","Hyperbeam"],"picked":"Biased Cognition","floor":16}],"player_experience":193032,"relics_obtained":[{"floor":8,"key":"TungstenRod"},{"floor":12,"key":"Letter Opener"},{"floor":14,"key":"Potion Belt"}],"event_choices":[{"damage_healed":0,"gold_gain":0,"player_choice":"Trade","damage_taken":0,"relics_obtained":["CultistMask"],"max_hp_gain":0,"max_hp_loss":0,"event_name":"FaceTrader","floor":3,"gold_loss":0},{"damage_healed":0,"gold_gain":0,"player_choice":"Success","damage_taken":7,"relics_obtained":["Dream Catcher"],"max_hp_gain":0,"max_hp_loss":0,"event_name":"Scrap Ooze","floor":13,"gold_loss":0}],"is_beta":false,"boss_relics":[{"not_picked":["Pandora\u0027s Box","SacredBark"],"picked":"Busted Crown"}],"items_purged_floors":[],"is_endless":false,"potions_floor_spawned":[1],"killed_by":"3 Byrds","ascension_level":1}}