{"host":"ecuvtzmejf7hhjpv","time":1611182473,"event":{"mods":["AchievementEnabler","Act Like it!","Aspiration","BaseMod","Better Altar","Better Match","Better Note","Better Sensory Stone","Better Skull","Better Third Choice","BetterRewards","Conspire","Custom Start","Gensokyo","GifTheSpireLib","Hallownest","Hermit","Hubris","Kratos Character Expansion","Luminous","Marisa????????","Minty Spire (QoL Compilation)","Prisma Mod","Remilia??????","Replay The Spire","Robot Space Explorer","Spicy Shops","StSLib","The Animator","The Blackbeard","The Bug Knight","The Construct","The Cursed","The Disciple","The Dragon Tamer","The Forsaken","The Hierophant","The Jungle","The Marked","The Necromancer","The Poker Player","The Wild Card","TheSwordswoman"],"gold_per_floor":[113,113,131,151,196,231,231,231,231,250,262,292,7,27,27,125,125,140,40,89,118,118,153,153,193,219,272,285,348,387,419,419,451,451,451],"floor_reached":33,"language":"ENG","playtime":1797,"items_purged":[],"score":696,"play_id":"c89cad09-964f-49b3-a692-6a2b969159c7","local_time":"20210120164113","is_ascension_mode":true,"metric_token":2771,"campfire_choices":[{"data":"DTMod:HeadStart","floor":7,"key":"SMITH"},{"floor":15,"key":"REST"},{"data":"DTMod:Multitask","floor":24,"key":"SMITH"}],"dtmod_dragon_data":[0,50,1,-1,12,0],"circlet_count":0,"master_deck":["DTMod:Strike","DTMod:Strike+1","DTMod:Strike","DTMod:DoubleHit","DTMod:TargetDefense+1","DTMod:TargetDefense","DTMod:TargetDefense","DTMod:TargetDefense","DTMod:SwitchingTactic","DTMod:CalculatedDefense","DTMod:CalculatedDefense","DTMod:CleansingStrike+1","DTMod:CrossStep","DTMod:HeatWave+1","DTMod:Cover","DTMod:HeadStart+1","DTMod:FlameSlash","DTMod:Dissolve","DTMod:Astonish","DTMod:HeatWave+1","DTMod:DragonDance","DTMod:HeatWave+1","DTMod:ComboAttack+1","DTMod:Observe","DTMod:Multitask+1","DTMod:DeepFocus+1","conspire:SpireCoStock","conspire:SpireCoStock+1","DTMod:BurningEnergy","DTMod:BreakAttack","DTMod:ForkedFire","DTMod:CalculatedDefense","DTMod:Cover","DTMod:LowKick","DTMod:DarkBreath+1","DTMod:QuickFly"],"relics":["DTMod:PactStone","hubris:EmptyBottle","hubris:Icosahedron","Replay:Bottled Eggs","hubris:OldNail","ReplayTheSpireMod:Shallot","construct:RocketBooster","PreservedInsect","hubris:CrackedHourglass","theForsaken:Kindling","DTMod:BasicTextbook","hubris:GlazedTorus","Ice Cream"],"acts_visited":["Exordium","TheCity"],"potions_floor_usage":[6,12,12,20,21,23,23,27,27,27,27,27,27,31,31,33,33,33,33],"damage_taken":[{"damage":2,"enemies":"conspire:RoseBush","floor":1,"turns":4},{"damage":0,"enemies":"Small Slimes","floor":3,"turns":5},{"damage":0,"enemies":"Jaw Worm","floor":4,"turns":6},{"damage":13,"enemies":"Replay:BlueRogue","floor":6,"turns":13},{"damage":0,"enemies":"Large Slime","floor":10,"turns":7},{"damage":0,"enemies":"2 Fungi Beasts","floor":11,"turns":2},{"damage":0,"enemies":"Lagavulin","floor":12,"turns":7},{"damage":5,"enemies":"Red Slaver","floor":14,"turns":3},{"damage":0,"enemies":"Hexaghost","floor":16,"turns":11},{"damage":0,"enemies":"2 Thieves","floor":18,"turns":4},{"damage":11,"enemies":"Spheric Guardian","floor":20,"turns":6},{"damage":0,"enemies":"Snake Plant","floor":21,"turns":6},{"damage":0,"enemies":"conspire:Head Lice","floor":23,"turns":7},{"damage":0,"enemies":"HollowMod:Nosk","floor":25,"turns":8},{"damage":0,"enemies":"Book of Stabbing","floor":27,"turns":4},{"damage":0,"enemies":"Shelled Parasite and Fungi","floor":28,"turns":6},{"damage":0,"enemies":"Centurion and Healer","floor":29,"turns":9},{"damage":0,"enemies":"conspire:HollyBat","floor":30,"turns":8},{"damage":0,"enemies":"Slavers","floor":31,"turns":2},{"damage":72,"enemies":"Automaton","floor":33,"turns":12}],"seed_played":"-8156699075949087557","potions_obtained":[{"floor":4,"key":"Doom Potion"},{"floor":5,"key":"Reflective Coating"},{"floor":10,"key":"construct:ShiftPotion"},{"floor":14,"key":"Dexterity Potion"},{"floor":18,"key":"Adrenaline Potion"},{"floor":21,"key":"Energy Potion"},{"floor":25,"key":"ColorlessPotion"},{"floor":30,"key":"FearPotion"},{"floor":31,"key":"Languid Potion"}],"is_trial":false,"path_per_floor":["M","?","M","M","?","E","R","?","T","M","M","E","$","M","R","B",null,"M","?","M","M","?","E","R","E","T","E","M","M","M","E","R","B"],"character_chosen":"THE_DT","items_purchased":["hubris:EmptyBottle","DTMod:CalculatedDefense","SteroidPotion","DTMod:CleansingStrike","DTMod:DragonDance","PreservedInsect","DTMod:HeatWave","DTMod:ComboAttack"],"campfire_rested":1,"item_purchase_floors":[0,0,0,0,13,13,13,13],"current_hp_per_floor":[36,36,36,36,25,12,12,12,12,12,12,12,12,7,20,20,45,45,45,34,34,34,34,34,34,34,34,34,34,34,34,50,0,0,0],"gold":451,"neow_bonus":"","is_daily":false,"chose_seed":false,"campfire_upgraded":2,"win_rate":0.0,"timestamp":1611182473,"path_taken":["M","?","M","M","?","E","R","?","T","M","M","E","$","?","R","BOSS","M","?","M","M","?","E","R","E","T","E","M","?","M","E","R","BOSS"],"items_purchased_type":["Relic","Card","Potion","Card","Card","Relic","Card","Card"],"build_version":"2020-12-22","purchased_purges":0,"victory":false,"max_hp_per_floor":[45,45,45,45,45,45,45,45,45,45,45,45,45,45,45,45,45,45,45,45,45,45,45,45,45,45,45,45,45,45,45,50,50,50,50],"card_choices":[{"not_picked":["DTMod:BizarreTactic","DTMod:BurningEnergy"],"picked":"DTMod:CrossStep","floor":1},{"not_picked":["DTMod:MaximumCharge","DTMod:Weaken"],"picked":"DTMod:HeatWave","floor":3},{"not_picked":["DTMod:MagicField","DTMod:Shift"],"picked":"DTMod:Cover","floor":4},{"not_picked":["DTMod:PurifyingFlame","DTMod:BreakAttack"],"picked":"DTMod:HeadStart","floor":5},{"not_picked":["DTMod:BlazingStrike","DTMod:GhostSkin"],"picked":"DTMod:FlameSlash","floor":6},{"not_picked":["DTMod:BuildUp","DTMod:MagicField"],"picked":"DTMod:Dissolve","floor":10},{"not_picked":["DTMod:MagicField","DTMod:BuildUp"],"picked":"DTMod:Astonish","floor":11},{"not_picked":["DTMod:RunningTactic","DTMod:Astonish"],"picked":"DTMod:HeatWave","floor":12},{"not_picked":["DTMod:Adaptation","DTMod:Cover"],"picked":"DTMod:Observe","floor":14},{"not_picked":["DTMod:GearUp","DTMod:FierySynthesis"],"picked":"DTMod:Multitask","floor":16},{"not_picked":["DTMod:BreakAttack","DTMod:MagicField+1"],"picked":"DTMod:DeepFocus","floor":18},{"not_picked":["DTMod:TagTeam","DTMod:ExcessFootwork"],"picked":"DTMod:BurningEnergy","floor":20},{"not_picked":["DTMod:Threaten","DTMod:Weaken","DTMod:BlazingStrike"],"picked":"SKIP","floor":21},{"not_picked":["DTMod:BurningEnergy","DTMod:Weaken"],"picked":"DTMod:ForkedFire","floor":23},{"not_picked":["DTMod:BreakAttack","DTMod:PurifyingFlame"],"picked":"DTMod:CalculatedDefense","floor":25},{"not_picked":["DTMod:CleansingStrike","DTMod:BlazingStrike"],"picked":"DTMod:Cover","floor":27},{"not_picked":["DTMod:TriAttack","DTMod:Hide+1"],"picked":"DTMod:LowKick","floor":28},{"not_picked":["DTMod:ShieldDrain+1","DTMod:BreakAttack"],"picked":"DTMod:DarkBreath+1","floor":29},{"not_picked":["DTMod:PurifyingFlame","DTMod:BizarreTactic"],"picked":"DTMod:QuickFly","floor":30},{"not_picked":["DTMod:BreakAttack","DTMod:Conduct","DTMod:Astonish"],"picked":"SKIP","floor":31}],"player_experience":967881,"relics_obtained":[{"floor":5,"key":"Replay:Bottled Eggs"},{"floor":6,"key":"hubris:OldNail"},{"floor":9,"key":"ReplayTheSpireMod:Shallot"},{"floor":12,"key":"construct:RocketBooster"},{"floor":23,"key":"theForsaken:Kindling"},{"floor":25,"key":"DTMod:BasicTextbook"},{"floor":27,"key":"hubris:GlazedTorus"},{"floor":31,"key":"Ice Cream"}],"event_choices":[{"damage_healed":0,"gold_gain":0,"player_choice":"Grow","damage_taken":0,"max_hp_gain":0,"max_hp_loss":0,"event_name":"Living Wall","floor":8,"gold_loss":0,"cards_upgraded":["DTMod:CleansingStrike"]},{"damage_healed":0,"gold_gain":0,"player_choice":"Invest 2","damage_taken":0,"max_hp_gain":0,"max_hp_loss":0,"event_name":"conspire:Investor","floor":19,"gold_loss":0},{"damage_healed":0,"gold_gain":0,"cards_transformed":["DTMod:Strike"],"player_choice":"Transformed","damage_taken":0,"max_hp_gain":0,"max_hp_loss":0,"event_name":"Transmorgrifier","floor":22,"gold_loss":0,"cards_obtained":["DTMod:BreakAttack"]}],"is_beta":false,"boss_relics":[{"not_picked":["Runic Dome","aspiration:RitualDagger"],"picked":"hubris:CrackedHourglass"}],"items_purged_floors":[],"is_endless":false,"potions_floor_spawned":[4,6,10,14,16,18,21,25,30,31],"killed_by":"Automaton","ascension_level":1}}