{"host":"xp5rvh2jwe2ejyfm","time":1611108738,"event":{"mods":["BaseMod","Downfall","Hermit","Minty Spire (QoL Compilation)","Robot Space Explorer","StSLib","The Clintock","The Construct","The Cursed","The Disciple","The Forsaken","The Hierophant","The Runesmith"],"gold_per_floor":[118,118,83,102,102,129,129,145,145,158,158,177,211,62,62,161,161,176,193,206,226,276,303,303,314,314,314,342,354,373,390,390,494,494,509,509,520,535,585,585,585,107,107,134,146,146,146],"floor_reached":46,"language":"ENG","playtime":2526,"items_purged":[],"score":574,"play_id":"2e3ac0b0-5065-4556-89ea-ffbf43c295b2","local_time":"20210119211218","is_ascension_mode":false,"campfire_choices":[{"data":"RobotSpaceExplorer:MiniLasers","floor":7,"key":"SMITH"},{"data":"RobotSpaceExplorer:SurgingStrike","floor":11,"key":"SMITH"},{"floor":15,"key":"REST"},{"floor":24,"key":"REST"},{"floor":27,"key":"REST"},{"floor":32,"key":"REST"},{"floor":40,"key":"REST"}],"circlet_count":0,"master_deck":["RobotSpaceExplorer:Scan+1","RobotSpaceExplorer:MiniLasers+1","RobotSpaceExplorer:GearShield","RobotSpaceExplorer:SurgingStrike","Regret","RobotSpaceExplorer:Pulsar","RobotSpaceExplorer:SurgingStrike+1","RobotSpaceExplorer:LaserBurst","RobotSpaceExplorer:MiniDrones","RobotSpaceExplorer:Pulsar","RobotSpaceExplorer:Pulsar","RobotSpaceExplorer:DroneSwarm","CurseOfTheBell","RobotSpaceExplorer:MiniDrones","RobotSpaceExplorer:MetalStrike","RobotSpaceExplorer:ImprovisedAttack+1","RobotSpaceExplorer:PowerCollector","RobotSpaceExplorer:TurboDodge+1","RobotSpaceExplorer:IronShell+1","RobotSpaceExplorer:Fix","RobotSpaceExplorer:MetalStrike+1","RobotSpaceExplorer:GearShield+1","RobotSpaceExplorer:DroneSwarm","RobotSpaceExplorer:Probe","RobotSpaceExplorer:Counterblock","RobotSpaceExplorer:FranticSearch","RobotSpaceExplorer:GearShield","RobotSpaceExplorer:ShockMissile","RobotSpaceExplorer:SurgingStrike","RobotSpaceExplorer:SwiftStep","RobotSpaceExplorer:SurgingStrike","RobotSpaceExplorer:GlueShot+1","RobotSpaceExplorer:Discharger","Parasite","RobotSpaceExplorer:ShockKick","RobotSpaceExplorer:SlimeMissile+1","RobotSpaceExplorer:PowerGlove","RobotSpaceExplorer:MiniDrones","RobotSpaceExplorer:ToxicBomb","RobotSpaceExplorer:Blitz+1"],"relics":["RobotSpaceExplorer:RoboCore","NeowsBlessing","Pear","Ancient Tea Set","Meat on the Bone","War Paint","PreservedInsect","DollysMirror","Calling Bell","Centennial Puzzle","Letter Opener","Mango","Regal Pillow","Tiny Chest","RobotSpaceExplorer:FoglandsKnife","Pandora\u0027s Box","Turnip","HornCleat","Bird Faced Urn","Happy Flower"],"acts_visited":["Exordium","TheCity","TheBeyond"],"potions_floor_usage":[13,16,23,23,30,38,39,45],"damage_taken":[{"damage":0,"enemies":"2 Louse","floor":1,"turns":1},{"damage":0,"enemies":"Small Slimes","floor":4,"turns":1},{"damage":0,"enemies":"Lagavulin","floor":6,"turns":1},{"damage":0,"enemies":"Cultist","floor":8,"turns":3},{"damage":12,"enemies":"Large Slime","floor":10,"turns":5},{"damage":0,"enemies":"Blue Slaver","floor":12,"turns":3},{"damage":47,"enemies":"Gremlin Nob","floor":13,"turns":6},{"damage":14,"enemies":"The Guardian","floor":16,"turns":11},{"damage":32,"enemies":"Spheric Guardian","floor":18,"turns":8},{"damage":6,"enemies":"Chosen","floor":19,"turns":5},{"damage":36,"enemies":"Centurion and Healer","floor":20,"turns":13},{"damage":22,"enemies":"Shelled Parasite and Fungi","floor":21,"turns":10},{"damage":22,"enemies":"Book of Stabbing","floor":23,"turns":5},{"damage":29,"enemies":"Snake Plant","floor":25,"turns":7},{"damage":34,"enemies":"Slavers","floor":28,"turns":4},{"damage":39,"enemies":"Snecko","floor":29,"turns":8},{"damage":13,"enemies":"Centurion and Healer","floor":30,"turns":11},{"damage":11,"enemies":"Shelled Parasite and Fungi","floor":31,"turns":9},{"damage":44,"enemies":"Collector","floor":33,"turns":10},{"damage":36,"enemies":"3 Darklings","floor":35,"turns":8},{"damage":29,"enemies":"3 Shapes","floor":37,"turns":4},{"damage":36,"enemies":"Writhing Mass","floor":38,"turns":10},{"damage":19,"enemies":"Mind Bloom Boss Battle","floor":39,"turns":9},{"damage":39,"enemies":"Jaw Worm Horde","floor":45,"turns":5},{"damage":71,"enemies":"Giant Head","floor":46,"turns":9}],"seed_played":"-7625252944764837689","potions_obtained":[{"floor":6,"key":"SneckoOil"},{"floor":8,"key":"Dexterity Potion"},{"floor":12,"key":"AttackPotion"},{"floor":18,"key":"hexamod:SoulburnPotion"},{"floor":20,"key":"construct:ShiftPotion"},{"floor":29,"key":"Explosive Potion"},{"floor":37,"key":"Regen Potion"},{"floor":38,"key":"Explosive Potion"},{"floor":39,"key":"DuplicationPotion"},{"floor":45,"key":"SpeedPotion"}],"is_trial":false,"path_per_floor":["M","?","?","M","?","E","R","M","T","M","R","M","E","$","R","B",null,"M","M","M","M","?","E","R","M","T","R","E","M","M","M","R","B",null,"M","?","M","M","?","R","T","$","T","T","M","E"],"character_chosen":"RobotSpaceExplorer","items_purchased":["DollysMirror","Bird Faced Urn","RobotSpaceExplorer:PowerGlove","RobotSpaceExplorer:MiniDrones","RobotSpaceExplorer:ToxicBomb"],"campfire_rested":5,"item_purchase_floors":[14,42,42,42,42],"current_hp_per_floor":[75,73,85,85,85,85,85,85,85,73,73,73,38,38,63,49,99,67,61,37,27,27,17,61,44,44,88,54,27,30,35,79,51,99,63,63,46,37,34,78,78,78,78,78,57,0,0],"gold":146,"neow_bonus":"THREE_ENEMY_KILL","is_daily":false,"chose_seed":false,"campfire_upgraded":2,"win_rate":0.0,"timestamp":1611108738,"path_taken":["M","?","?","M","?","E","R","M","T","M","R","M","E","$","R","BOSS","M","M","M","M","?","E","R","M","T","R","E","M","M","M","R","BOSS","M","?","M","M","?","R","?","$","T","?","M","E"],"items_purchased_type":["Relic","Relic","Card","Card","Card"],"build_version":"2020-12-22","purchased_purges":0,"victory":false,"max_hp_per_floor":[75,85,85,85,85,85,85,85,85,85,85,85,85,85,85,85,99,99,99,99,99,99,99,99,99,99,99,99,99,99,99,99,99,99,99,99,99,99,99,99,99,99,99,99,99,99,99],"card_choices":[{"not_picked":["RobotSpaceExplorer:SwiftStep","RobotSpaceExplorer:ShockKick"],"picked":"RobotSpaceExplorer:GearShield","floor":1},{"not_picked":["RobotSpaceExplorer:IronShell","RobotSpaceExplorer:FranticSearch"],"picked":"RobotSpaceExplorer:SurgingStrike","floor":4},{"not_picked":["RobotSpaceExplorer:ShovelStrike","RobotSpaceExplorer:ShockKick"],"picked":"RobotSpaceExplorer:Pulsar","floor":6},{"not_picked":["RobotSpaceExplorer:ToxicBomb","RobotSpaceExplorer:ShockKick"],"picked":"RobotSpaceExplorer:SurgingStrike","floor":8},{"not_picked":["RobotSpaceExplorer:StunGrenade","RobotSpaceExplorer:Counterblock"],"picked":"RobotSpaceExplorer:LaserBurst","floor":10},{"not_picked":["RobotSpaceExplorer:MiniBoosters","RobotSpaceExplorer:SurgingShield"],"picked":"RobotSpaceExplorer:MiniDrones","floor":12},{"not_picked":["RobotSpaceExplorer:GearShield","RobotSpaceExplorer:Counterblock"],"picked":"RobotSpaceExplorer:Pulsar","floor":13},{"not_picked":["RobotSpaceExplorer:BlastShield","RobotSpaceExplorer:HighVoltage"],"picked":"RobotSpaceExplorer:DroneSwarm","floor":16},{"not_picked":["RobotSpaceExplorer:StunGrenade","RobotSpaceExplorer:Probe"],"picked":"RobotSpaceExplorer:MiniDrones","floor":18},{"not_picked":["RobotSpaceExplorer:MiniDrones","RobotSpaceExplorer:SwiftStep"],"picked":"RobotSpaceExplorer:MetalStrike","floor":19},{"not_picked":["RobotSpaceExplorer:MakeshiftVolley","RobotSpaceExplorer:Wormhole"],"picked":"RobotSpaceExplorer:Probe","floor":20},{"not_picked":["RobotSpaceExplorer:ShovelStrike","RobotSpaceExplorer:Smokescreen+1"],"picked":"RobotSpaceExplorer:ImprovisedAttack+1","floor":21},{"not_picked":["RobotSpaceExplorer:ImprovisedAttack","RobotSpaceExplorer:MetalStrike"],"picked":"RobotSpaceExplorer:PowerCollector","floor":23},{"not_picked":["RobotSpaceExplorer:GlueSpray","RobotSpaceExplorer:FranticSearch"],"picked":"RobotSpaceExplorer:TurboDodge+1","floor":25},{"not_picked":["RobotSpaceExplorer:ShovelStrike","RobotSpaceExplorer:Wormhole"],"picked":"RobotSpaceExplorer:IronShell+1","floor":28},{"not_picked":["RobotSpaceExplorer:Counterblock","RobotSpaceExplorer:FrostMissile+1"],"picked":"RobotSpaceExplorer:Fix","floor":29},{"not_picked":["RobotSpaceExplorer:DualCore","RobotSpaceExplorer:SurgingShield+1"],"picked":"RobotSpaceExplorer:MetalStrike+1","floor":30},{"not_picked":["RobotSpaceExplorer:Electroshield+1","RobotSpaceExplorer:Calculate"],"picked":"RobotSpaceExplorer:GearShield+1","floor":31},{"not_picked":["RobotSpaceExplorer:Exploration","RobotSpaceExplorer:Autoloader"],"picked":"RobotSpaceExplorer:DroneSwarm","floor":33},{"not_picked":["RobotSpaceExplorer:Jetpack","RobotSpaceExplorer:FranticSearch"],"picked":"RobotSpaceExplorer:GlueShot+1","floor":35},{"not_picked":["RobotSpaceExplorer:FrostMissile","RobotSpaceExplorer:ScrapMissile+1"],"picked":"RobotSpaceExplorer:Discharger","floor":37},{"not_picked":["RobotSpaceExplorer:ImprovisedAttack+1","RobotSpaceExplorer:SurgingStrike"],"picked":"RobotSpaceExplorer:ShockKick","floor":38},{"not_picked":["RobotSpaceExplorer:FranticSearch+1","RobotSpaceExplorer:SelfCleaning+1"],"picked":"RobotSpaceExplorer:SlimeMissile+1","floor":39},{"not_picked":["RobotSpaceExplorer:StarLightning","RobotSpaceExplorer:Pulsar"],"picked":"RobotSpaceExplorer:Blitz+1","floor":45}],"player_experience":255285,"relics_obtained":[{"floor":6,"key":"Meat on the Bone"},{"floor":9,"key":"War Paint"},{"floor":13,"key":"PreservedInsect"},{"floor":17,"key":"Centennial Puzzle"},{"floor":17,"key":"Letter Opener"},{"floor":17,"key":"Mango"},{"floor":23,"key":"Regal Pillow"},{"floor":26,"key":"Tiny Chest"},{"floor":28,"key":"RobotSpaceExplorer:FoglandsKnife"},{"floor":39,"key":"Turnip"},{"floor":41,"key":"HornCleat"},{"floor":44,"key":"Happy Flower"}],"event_choices":[{"damage_healed":0,"gold_gain":0,"player_choice":"Success","damage_taken":12,"relics_obtained":["Pear"],"max_hp_gain":0,"max_hp_loss":0,"event_name":"Scrap Ooze","floor":2,"gold_loss":0},{"damage_healed":21,"gold_gain":0,"player_choice":"Healed","damage_taken":0,"max_hp_gain":0,"max_hp_loss":0,"event_name":"The Cleric","floor":3,"gold_loss":35},{"damage_healed":0,"gold_gain":0,"player_choice":"Box","damage_taken":0,"relics_obtained":["Ancient Tea Set"],"max_hp_gain":0,"max_hp_loss":0,"event_name":"Big Fish","floor":5,"gold_loss":0,"cards_obtained":["Regret"]},{"damage_healed":0,"gold_gain":100,"player_choice":"Bet on Murderer","damage_taken":0,"max_hp_gain":0,"max_hp_loss":0,"event_name":"The Joust","floor":22,"gold_loss":50},{"cards_removed":["RobotSpaceExplorer:Probe"],"damage_healed":0,"gold_gain":0,"player_choice":"Removed Attack","damage_taken":0,"max_hp_gain":0,"max_hp_loss":0,"event_name":"Falling","floor":36,"gold_loss":0},{"damage_healed":0,"gold_gain":0,"player_choice":"Fight","damage_taken":0,"max_hp_gain":0,"max_hp_loss":0,"event_name":"MindBloom","floor":39,"gold_loss":0}],"is_beta":false,"boss_relics":[{"not_picked":["Runic Pyramid","Coffee Dripper"],"picked":"Calling Bell"},{"not_picked":["Fusion Hammer","Philosopher\u0027s Stone"],"picked":"Pandora\u0027s Box"}],"items_purged_floors":[],"is_endless":false,"potions_floor_spawned":[6,8,12,18,20,21,29,37,38,39,45],"killed_by":"Giant Head","ascension_level":0}}