{"host":"lv7etzzgwahaenh9","time":1611131976,"event":{"mods":["AchievementEnabler","BaseMod","Colored Map","Colored Powertips","Highlight Path","Minty Spire (QoL Compilation)","Permanent Neow","Quick Restart","Random Character Button","StSLib"],"gold_per_floor":[367,379,379,454,465,465,95,128,210,210,230,255,255,269,269,368,368,378,378,378,394,409,409,441,20,102,102,17,47,47,77,77,182,182,202,202,213,213,213,213,245,245,245,279,292,292,306,322,322,322,322],"floor_reached":50,"language":"ENG","playtime":2610,"items_purged":["Strike_G","Defend_G"],"score":818,"play_id":"ae3316dc-b4a5-4763-a580-67266f300d61","local_time":"20210120003936","is_ascension_mode":true,"campfire_choices":[{"floor":6.0,"key":"REST"},{"data":"Crippling Poison","floor":13.0,"key":"SMITH"},{"data":"Deadly Poison","floor":15.0,"key":"SMITH"},{"data":"Bullet Time","floor":23.0,"key":"SMITH"},{"data":"Corpse Explosion","floor":27.0,"key":"SMITH"},{"data":"Backflip","floor":30.0,"key":"SMITH"},{"data":"Neutralize","floor":32.0,"key":"SMITH"},{"data":"Poisoned Stab","floor":40,"key":"SMITH"},{"data":"Survivor","floor":42,"key":"SMITH"},{"data":"Accuracy","floor":46,"key":"SMITH"},{"data":"Bite","floor":49,"key":"SMITH"}],"circlet_count":0,"master_deck":["Defend_G","Defend_G","Defend_G","Survivor+1","Neutralize+1","Blade Dance","Crippling Poison+1","Deadly Poison+1","Poisoned Stab+1","Bullet Time+1","Cloak And Dagger","Slice","Accuracy+1","Corpse Explosion+1","Acrobatics+1","Bite","Bite","Bite","Bite+1","Bite","Backflip+1","Terror+1","Footwork+1","Bouncing Flask+1","Burst+1","Noxious Fumes+1","Finesse+1","Phantasmal Killer+1"],"relics":["Ring of the Snake","Meat on the Bone","Nunchaku","Eternal Feather","Bronze Scales","SacredBark","Toxic Egg 2","Frozen Egg 2","Pantograph","Bag of Marbles","Molten Egg 2","Bottled Lightning","Runic Pyramid","The Courier","FossilizedHelix","Kunai"],"acts_visited":["Exordium","TheCity","TheBeyond"],"potions_floor_usage":[33,33,37,44,44,48],"damage_taken":[{"damage":5.0,"enemies":"Jaw Worm","floor":1.0,"turns":6.0},{"damage":0.0,"enemies":"2 Louse","floor":2.0,"turns":4.0},{"damage":0.0,"enemies":"Small Slimes","floor":5.0,"turns":4.0},{"damage":17.0,"enemies":"3 Sentries","floor":8.0,"turns":7.0},{"damage":1.0,"enemies":"Blue Slaver","floor":11.0,"turns":3.0},{"damage":19.0,"enemies":"Gremlin Nob","floor":12.0,"turns":4.0},{"damage":0.0,"enemies":"3 Louse","floor":14.0,"turns":1.0},{"damage":9.0,"enemies":"The Guardian","floor":16.0,"turns":8.0},{"damage":15.0,"enemies":"2 Thieves","floor":18.0,"turns":2.0},{"damage":18.0,"enemies":"Spheric Guardian","floor":21.0,"turns":5.0},{"damage":11.0,"enemies":"Snake Plant","floor":22.0,"turns":4.0},{"damage":21.0,"enemies":"Gremlin Leader","floor":24.0,"turns":6.0},{"damage":0.0,"enemies":"Slavers","floor":29.0,"turns":1.0},{"damage":20.0,"enemies":"Book of Stabbing","floor":31.0,"turns":4.0},{"damage":28,"enemies":"Automaton","floor":33,"turns":8},{"damage":10,"enemies":"Orb Walker","floor":35,"turns":4},{"damage":0,"enemies":"3 Shapes","floor":37,"turns":1},{"damage":55,"enemies":"Reptomancer","floor":41,"turns":5},{"damage":35,"enemies":"Giant Head","floor":44,"turns":8},{"damage":0,"enemies":"Sphere and 2 Shapes","floor":45,"turns":3},{"damage":12,"enemies":"Jaw Worm Horde","floor":47,"turns":2},{"damage":0,"enemies":"Writhing Mass","floor":48,"turns":3},{"damage":48,"enemies":"Donu and Deca","floor":50,"turns":5}],"seed_played":"-8658179451092858821","potions_obtained":[{"floor":1.0,"key":"Strength Potion"},{"floor":5.0,"key":"FearPotion"},{"floor":12.0,"key":"Fruit Juice"},{"floor":14.0,"key":"Regen Potion"},{"floor":24.0,"key":"Fire Potion"},{"floor":29.0,"key":"SpeedPotion"},{"floor":31.0,"key":"Block Potion"},{"floor":35,"key":"Swift Potion"},{"floor":41,"key":"ColorlessPotion"},{"floor":47,"key":"SteroidPotion"}],"is_trial":false,"path_per_floor":["M","M","?","?","M","R","$","E","T","?","M","E","R","M","R","B",null,"M","?","?","M","M","R","E","$","T","R","?","E","R","E","R","B",null,"M","?","M","?","?","R","E","R","T","E","M","R","M","M","R","B"],"character_chosen":"THE_SILENT","items_purchased":["Meat on the Bone","Poisoned Stab","Frozen Egg 2","Footwork+1"],"campfire_rested":1,"item_purchase_floors":[7,7,25,25],"current_hp_per_floor":[40,40,40,29,29,50,50,45,45,45,44,37,46,46,55,46,64,49,36,36,28,35,47,47,47,47,59,59,59,62,46,61,40,57,52,52,54,54,54,59,22,37,37,31,33,48,38,44,59,11,11],"gold":322,"neow_bonus":"TWO_FIFTY_GOLD","is_daily":false,"chose_seed":false,"campfire_upgraded":10,"win_rate":0.0,"timestamp":1611131976,"path_taken":["M","M","?","?","M","R","$","E","T","?","?","E","R","M","R","BOSS","M","?","?","M","M","R","E","$","T","R","?","E","R","E","R","BOSS","M","?","M","?","?","R","E","R","T","E","M","R","M","M","R","BOSS"],"items_purchased_type":["Relic","Card","Relic","Card"],"build_version":"2020-12-22","purchased_purges":2,"victory":false,"max_hp_per_floor":[70,70,70,70,70,70,70,70,70,70,70,70,70,70,70,70,70,70,75,52,52,52,52,62,62,62,62,62,62,62,62,62,62,62,62,62,62,59,59,59,59,59,59,59,59,59,59,59,59,59,59],"card_choices":[{"not_picked":["Escape Plan","Setup"],"picked":"Blade Dance","floor":1.0},{"not_picked":["Cloak And Dagger","Acrobatics"],"picked":"Crippling Poison","floor":2.0},{"not_picked":["Blur","Dagger Spray"],"picked":"Deadly Poison","floor":5.0},{"not_picked":["Dodge and Roll","Underhanded Strike"],"picked":"Bullet Time","floor":8.0},{"not_picked":["Well Laid Plans","Outmaneuver"],"picked":"Cloak And Dagger","floor":11.0},{"not_picked":["Outmaneuver","Distraction"],"picked":"Slice","floor":12.0},{"not_picked":["Deadly Poison","Terror"],"picked":"Accuracy","floor":14.0},{"not_picked":["Venomology","Burst"],"picked":"Corpse Explosion","floor":16.0},{"not_picked":["PiercingWail","Terror"],"picked":"Acrobatics+1","floor":18.0},{"not_picked":["Blade Dance","Prepared"],"picked":"Backflip","floor":21.0},{"not_picked":["Underhanded Strike+1","Dagger Spray","Backstab+1"],"picked":"SKIP","floor":22.0},{"not_picked":["Wraith Form v2","Poisoned Stab+1"],"picked":"Terror+1","floor":24.0},{"not_picked":["Terror+1","Endless Agony+1","Slice+1"],"picked":"SKIP","floor":29.0},{"not_picked":["PiercingWail+1","Bane+1"],"picked":"Bouncing Flask+1","floor":31.0},{"not_picked":["Storm of Steel+1","Grand Finale+1"],"picked":"Burst+1","floor":33},{"not_picked":["Poisoned Stab+1","Distraction+1"],"picked":"Noxious Fumes+1","floor":35},{"not_picked":["Flying Knee+1","Blade Dance+1","Infinite Blades+1"],"picked":"SKIP","floor":37},{"not_picked":["Flying Knee+1","Blade Dance+1","Infinite Blades+1"],"picked":"SKIP","floor":37},{"not_picked":["Jack Of All Trades+1","Mind Blast+1"],"picked":"Finesse+1","floor":39},{"not_picked":["Tactician+1","Prepared+1","Predator+1"],"picked":"SKIP","floor":41},{"not_picked":["Distraction+1","Flechettes+1"],"picked":"Phantasmal Killer+1","floor":44},{"not_picked":["Dagger Throw+1","Tactician+1","Underhanded Strike+1"],"picked":"SKIP","floor":45},{"not_picked":["Dagger Spray+1","Backstab+1","Bouncing Flask+1"],"picked":"SKIP","floor":47},{"not_picked":["Reflex+1","PiercingWail+1","Underhanded Strike+1"],"picked":"SKIP","floor":48}],"player_experience":285522,"relics_obtained":[{"floor":8.0,"key":"Nunchaku"},{"floor":9.0,"key":"Eternal Feather"},{"floor":12.0,"key":"Bronze Scales"},{"floor":24.0,"key":"Toxic Egg 2"},{"floor":26.0,"key":"Pantograph"},{"floor":29.0,"key":"Molten Egg 2"},{"floor":31.0,"key":"Bottled Lightning"},{"floor":41,"key":"The Courier"},{"floor":43,"key":"FossilizedHelix"},{"floor":44,"key":"Kunai"}],"event_choices":[{"damage_healed":0.0,"max_hp_gain":0.0,"max_hp_loss":0.0,"gold_gain":0.0,"event_name":"Scrap Ooze","player_choice":"Fled","floor":3.0,"gold_loss":0.0,"damage_taken":0.0},{"damage_healed":0.0,"max_hp_gain":0.0,"max_hp_loss":0.0,"gold_gain":75.0,"event_name":"World of Goop","player_choice":"Gather Gold","floor":4.0,"gold_loss":0.0,"damage_taken":11.0},{"damage_healed":0.0,"max_hp_gain":0.0,"max_hp_loss":0.0,"gold_gain":0.0,"event_name":"Liars Game","player_choice":"Ignored","floor":10.0,"gold_loss":0.0,"damage_taken":0.0},{"damage_healed":0.0,"max_hp_gain":5.0,"max_hp_loss":0.0,"gold_gain":0.0,"event_name":"Forgotten Altar","player_choice":"Shed Blood","floor":19.0,"gold_loss":0.0,"damage_taken":18.0},{"damage_healed":0.0,"max_hp_gain":0.0,"max_hp_loss":23.0,"gold_gain":0.0,"event_name":"Vampires","player_choice":"Became a vampire","floor":20.0,"gold_loss":0.0,"damage_taken":0.0,"cards_obtained":["Bite","Bite","Bite","Bite","Bite"]},{"damage_healed":0.0,"max_hp_gain":0.0,"max_hp_loss":0.0,"gold_gain":0.0,"event_name":"Addict","player_choice":"Obtained Relic","floor":28.0,"gold_loss":85.0,"damage_taken":0.0,"relics_obtained":["Bag of Marbles"]},{"cards_removed":["Defend_G"],"damage_healed":0,"gold_gain":0,"player_choice":"Removed Skill","damage_taken":0,"max_hp_gain":0,"max_hp_loss":0,"event_name":"Falling","floor":36,"gold_loss":0},{"damage_healed":0,"gold_gain":0,"player_choice":"Max HP","damage_taken":0,"max_hp_gain":0,"max_hp_loss":3,"event_name":"Winding Halls","floor":38,"gold_loss":0},{"damage_healed":0,"gold_gain":0,"player_choice":"Memory 1","damage_taken":0,"max_hp_gain":0,"max_hp_loss":0,"event_name":"SensoryStone","floor":39,"gold_loss":0}],"is_beta":false,"boss_relics":[{"not_picked":["Cursed Key","Runic Dome"],"picked":"SacredBark"},{"not_picked":["Velvet Choker","Sozu"],"picked":"Runic Pyramid"}],"items_purged_floors":[7,25],"is_endless":false,"potions_floor_spawned":[1,5,12,14,24,29,31,35,41,47],"killed_by":"Donu and Deca","ascension_level":6}}