{"host":"zkr2i7yla699av24","time":1611158274,"event":{"mods":["100% Spire Juice","2.2 Compatiblity","AchievementEnabler","BaseMod","Better Altar","Better Sensory Stone","Better Skull","ChefMod","Downfall","Hermit","Marisa????????","Minty Spire (QoL Compilation)","MostiFishMod","Permanent Neow","Prisma Mod","READ ME - Guardian Mod","READ ME - Snecko Mod","Robot Space Explorer","StSLib","The Bug Knight","The Construct","The Cursed","The Disciple","The Hierophant","The Jungle","The Mystic","The Servant 0.9.4","TheFirefly"],"gold_per_floor":[111,121,132,132,148,179,78,78,131,156,156,56,56,56],"floor_reached":13,"language":"ENG","playtime":2654,"items_purged":[],"score":122,"play_id":"6fac3cd9-2188-4a87-b8d5-fb2b60a289a6","local_time":"20210120165754","is_ascension_mode":false,"campfire_choices":[{"data":"Moonworks:Encore","floor":8,"key":"SMITH"}],"circlet_count":0,"master_deck":["Moonworks:Strike","Moonworks:Strike","Moonworks:Strike","Moonworks:Defend","Moonworks:Defend+1","Moonworks:Defend","Moonworks:Defend","Moonworks:Ambush","Moonworks:LongDistanceShot","Moonworks:Encore+1","Moonworks:DeployBits","Moonworks:CloudOfSeagulls","Moonworks:NicePresent","Moonworks:AngelHand+1","Moonworks:NicePresent","Moonworks:Poppoformation","Moonworks:PlushieMaster"],"relics":["Moonworks:BrokenBomb","Moonworks:Homemark","DaveBox","SynthV:TestCard","PreservedInsect","War Paint","Question Card","Boot"],"acts_visited":["Exordium"],"potions_floor_usage":[13,13],"damage_taken":[{"damage":5,"enemies":"Small Slimes","floor":1,"turns":3},{"damage":0,"enemies":"Cultist","floor":2,"turns":3},{"damage":0,"enemies":"2 Louse","floor":3,"turns":2},{"damage":2,"enemies":"Large Slime","floor":5,"turns":6},{"damage":9,"enemies":"Lagavulin","floor":6,"turns":8},{"damage":0,"enemies":"Exordium Wildlife","floor":7,"turns":4},{"damage":0,"enemies":"HollowMod:MossKnight","floor":10,"turns":5},{"damage":0,"enemies":"2 Fungi Beasts","floor":12,"turns":3},{"damage":13,"enemies":"3 Sentries","floor":13,"turns":1}],"seed_played":"-6609183778881112794","potions_obtained":[{"floor":2,"key":"Moonworks:OneHundredPercentOrangeJuicePotion"},{"floor":3,"key":"Guardian:BlockOnCardUsePotion"},{"floor":5,"key":"PowerPotion"}],"is_trial":false,"path_per_floor":["M","M","M","?","M","E","M","R","T","E","?","M","E"],"character_chosen":"THE_STARBREAKER","items_purchased":[],"campfire_rested":0,"item_purchase_floors":[],"current_hp_per_floor":[55,55,55,55,53,44,44,44,44,44,32,32,19,19],"gold":56,"neow_bonus":"ONE_RANDOM_RARE_CARD","is_daily":false,"chose_seed":false,"campfire_upgraded":1,"win_rate":0.0,"timestamp":1611158274,"path_taken":["M","M","M","?","?","E","M","R","T","E","?","M","E"],"items_purchased_type":[],"build_version":"2020-12-22","purchased_purges":0,"victory":false,"max_hp_per_floor":[60,60,60,60,60,60,60,60,60,60,60,60,60,60],"card_choices":[{"not_picked":["Moonworks:EvilSpyWorkPreparation","Moonworks:RedAndBlue"],"picked":"Moonworks:DeployBits","floor":1},{"not_picked":["Moonworks:UnpaidWork","Moonworks:Assault","Moonworks:Wanted","Moonworks:BeyondHell"],"picked":"Moonworks:CloudOfSeagulls","floor":2},{"not_picked":["Moonworks:Dash","Moonworks:LuckyCharm","Moonworks:BeyondHell","Moonworks:JonathanRush"],"picked":"Moonworks:NicePresent","floor":3},{"not_picked":["Moonworks:ImOnFire","Moonworks:EvilSpyWorkPreparation","Moonworks:BigMagnum","Moonworks:CloudOfSeagulls"],"picked":"Moonworks:AngelHand","floor":5},{"not_picked":["Moonworks:JonathanRush","Moonworks:MixPhenomenon","Moonworks:Assault","Moonworks:CloudOfSeagulls"],"picked":"Moonworks:NicePresent","floor":6},{"not_picked":["Moonworks:SakisCookie","Moonworks:DeployBits","Moonworks:CloudOfSeagulls","Moonworks:EvilSpyWorkPreparation"],"picked":"Moonworks:Poppoformation","floor":7},{"not_picked":["Moonworks:CookingTime","Moonworks:IndiscriminateFireSupport","Moonworks:ScrambledEve","Moonworks:ForcedRevival"],"picked":"Moonworks:PlushieMaster","floor":10},{"not_picked":["Moonworks:Dinner","Moonworks:ImmovableObject","Moonworks:DeployBits","Moonworks:JonathanRush","Moonworks:Assault","Moonworks:SakisCookie"],"picked":"SKIP","floor":12}],"player_experience":143008,"relics_obtained":[{"floor":1,"key":"SynthV:TestCard"},{"floor":6,"key":"PreservedInsect"},{"floor":9,"key":"War Paint"},{"floor":10,"key":"Question Card"}],"event_choices":[{"cards_removed":["Moonworks:Strike"],"damage_healed":0,"gold_gain":0,"player_choice":"Purged","damage_taken":0,"max_hp_gain":0,"max_hp_loss":0,"event_name":"Purifier","floor":4,"gold_loss":0},{"damage_healed":0,"gold_gain":0,"player_choice":"Success","damage_taken":12,"relics_obtained":["Boot"],"max_hp_gain":0,"max_hp_loss":0,"event_name":"Scrap Ooze","floor":11,"gold_loss":0}],"is_beta":false,"boss_relics":[],"items_purged_floors":[],"is_endless":false,"potions_floor_spawned":[2,3,5],"killed_by":"3 Sentries","ascension_level":0}}