{"host":"opyh6vr790e42ffe","time":1611174769,"event":{"mods":["BaseMod","Colored Map","Highlight Path","Minty Spire (QoL Compilation)","Relic Stats","StSLib"],"gold_per_floor":[16,66,81,92,102,135,135,165,165,185,198,198,19,48,48,48,48],"floor_reached":16,"language":"ENG","playtime":577,"items_purged":[],"score":294,"play_id":"e1627907-555c-4daf-8e43-97801880be6a","local_time":"20210120123249","is_ascension_mode":true,"campfire_choices":[{"data":"Hyperbeam","floor":7,"key":"SMITH"},{"floor":12,"key":"REST"},{"data":"Strike_B","floor":15,"key":"PURGE"}],"circlet_count":0,"master_deck":["AscendersBane","Strike_B","Strike_B","Strike_B","Defend_B","Defend_B","Defend_B","Defend_B","Zap","Dualcast","Hyperbeam+1","FTL","Self Repair","Go for the Eyes","Gash","White Noise","Beam Cell","Seek","Go for the Eyes","FTL","Chrysalis","Core Surge"],"relics":["Cracked Core","Strawberry","Dream Catcher","Darkstone Periapt","Peace Pipe"],"acts_visited":["Exordium"],"potions_floor_usage":[6,14,14],"damage_taken":[{"damage":12,"enemies":"Jaw Worm","floor":1,"turns":2},{"damage":0,"enemies":"Cultist","floor":3,"turns":2},{"damage":11,"enemies":"2 Louse","floor":4,"turns":2},{"damage":32,"enemies":"Gremlin Gang","floor":5,"turns":3},{"damage":0,"enemies":"3 Sentries","floor":6,"turns":6},{"damage":11,"enemies":"Gremlin Nob","floor":8,"turns":4},{"damage":12,"enemies":"Blue Slaver","floor":10,"turns":3},{"damage":0,"enemies":"Exordium Wildlife","floor":11,"turns":1},{"damage":19,"enemies":"Lagavulin","floor":14,"turns":6},{"damage":44,"enemies":"Hexaghost","floor":16,"turns":9}],"seed_played":"-487539968151204720","potions_obtained":[{"floor":3,"key":"FocusPotion"},{"floor":5,"key":"Block Potion"},{"floor":8,"key":"BlessingOfTheForge"}],"is_trial":false,"path_per_floor":["M","?","M","M","M","E","R","E","T","M","M","R","$","E","R","B"],"character_chosen":"DEFECT","items_purchased":["Chrysalis"],"campfire_rested":1,"item_purchase_floors":[13],"current_hp_per_floor":[52,52,52,48,23,37,37,33,33,28,28,51,51,39,39,0,0],"gold":48,"neow_bonus":"THREE_RARE_CARDS","is_daily":false,"chose_seed":false,"campfire_upgraded":1,"win_rate":0.0,"timestamp":1611174769,"path_taken":["M","?","M","?","M","E","R","E","T","M","?","R","$","E","R","BOSS"],"items_purchased_type":["Card"],"build_version":"2020-12-22","purchased_purges":0,"victory":false,"max_hp_per_floor":[71,71,71,71,71,78,78,78,78,78,78,78,78,78,78,78,78],"relic_stats":{"Darkstone Periapt":0,"Peace Pipe":1,"Dream Catcher":1,"counters":[10,38],"obtain_stats":[{"Darkstone Periapt":9,"Peace Pipe":14,"Dream Catcher":8,"Strawberry":6,"Cracked Core":0},{"Darkstone Periapt":6,"Peace Pipe":9,"Dream Catcher":6,"Strawberry":5,"Cracked Core":0},{"Darkstone Periapt":19,"Peace Pipe":29,"Dream Catcher":19,"Strawberry":15,"Cracked Core":0}]},"card_choices":[{"not_picked":["Meteor Strike","All For One"],"picked":"Hyperbeam","floor":0},{"not_picked":["Ball Lightning","Hologram"],"picked":"FTL","floor":1},{"not_picked":["Blizzard","Skim"],"picked":"Self Repair","floor":3},{"not_picked":["Redo","Force Field"],"picked":"Go for the Eyes","floor":4},{"not_picked":["Lockon","Sweeping Beam"],"picked":"Gash","floor":5},{"not_picked":["Coolheaded","Recycle"],"picked":"White Noise","floor":6},{"not_picked":["Genetic Algorithm","Barrage"],"picked":"Beam Cell","floor":8},{"not_picked":["Steam","Self Repair"],"picked":"Seek","floor":10},{"not_picked":["Barrage","Loop"],"picked":"Go for the Eyes","floor":11},{"not_picked":["Doom and Gloom","Streamline"],"picked":"FTL","floor":12},{"not_picked":["Storm","Barrage"],"picked":"Core Surge","floor":14}],"player_experience":2399916,"relics_obtained":[{"floor":6,"key":"Strawberry"},{"floor":8,"key":"Dream Catcher"},{"floor":9,"key":"Darkstone Periapt"},{"floor":14,"key":"Peace Pipe"}],"event_choices":[{"damage_healed":0,"gold_gain":50,"player_choice":"Pray","damage_taken":0,"max_hp_gain":0,"max_hp_loss":0,"event_name":"Golden Shrine","floor":2,"gold_loss":0}],"is_beta":false,"boss_relics":[],"items_purged_floors":[],"is_endless":false,"potions_floor_spawned":[3,5,8],"killed_by":"Hexaghost","ascension_level":20}}