{"host":"cw25u8qal1h0d7ia","time":1611110455,"event":{"mods":["BaseMod","Downfall","Minty Spire (QoL Compilation)","StSLib"],"gold_per_floor":[99,112,212,212,231,231,231,243,268,68,96,107,141,156,173,276,326,326,346,346,346,196,196,196,222,257,284,297,297,197,209,226,330,330,330,380,131,131,131,157,157,157,170,170,196,196,206,223,241,241,241,269,49,49,49,49],"floor_reached":57,"language":"ENG","playtime":8438,"items_purged":[],"score":1375,"play_id":"6c1d9283-275c-4599-9db7-19c368a24f55","local_time":"20210120034055","is_ascension_mode":false,"campfire_choices":[{"data":"hexamod:Float","floor":1,"key":"SMITH"},{"floor":6,"key":"RECALL"},{"floor":10,"key":"REST"},{"data":"hexamod:GhostflameInferno","floor":18,"key":"SMITH"},{"data":"hexamod:ForkedFlame","floor":23,"key":"SMITH"},{"data":"RitualDagger","floor":30,"key":"SMITH"},{"floor":35,"key":"REST"},{"data":"1","floor":42,"key":"LIFT"},{"data":"2","floor":44,"key":"LIFT"},{"floor":46,"key":"REST"},{"data":"3","floor":54,"key":"LIFT"}],"circlet_count":0,"master_deck":["hexamod:Strike+1","hexamod:Strike+1","hexamod:Strike+1","hexamod:Defend+1","hexamod:Defend+1","hexamod:Defend+1","hexamod:Defend+1","hexamod:Sear+1","hexamod:Float+1","hexamod:StepThrough+1","hexamod:SkipABeat+1","hexamod:ForkedFlame+1","hexamod:StepThrough+1","hexamod:RecurringNightmare+1","hexamod:TimeWarp+1","hexamod:GhostflameInferno+1","hexamod:GhostOfSpirePast+1","hexamod:RadiantFlame+1","RitualDagger+1","hexamod:EmpoweredFlame+1","hexamod:SixthSeal","hexamod:EtherealExpedition+1","hexamod:BacktrackSmack+1"],"relics":["hexamod:SpiritBrand","Question Card","White Beast Statue","Incense Burner","downfall:HeartBlessingRed","downfall:HeartBlessingGreen","Meat on the Bone","hexamod:InflammatoryLetter","Tiny House","MutagenicStrength","Happy Flower","hexamod:TheBrokenSeal","Torii","Toy Ornithopter","downfall:HeartBlessingBlue","Fusion Hammer","Pocketwatch","Bottled Flame","Girya","StrikeDummy","Blue Candle","Mercury Hourglass","Strawberry","Pantograph","Lee\u0027s Waffle"],"acts_visited":["Exordium","TheCity","TheBeyond","TheEnding"],"potions_floor_usage":[15,16,16,25,33,36,37,37,50,50,56],"damage_taken":[{"damage":4,"enemies":"2 Louse","floor":2,"turns":3},{"damage":0,"enemies":"Jaw Worm","floor":5,"turns":3},{"damage":0,"enemies":"Small Slimes","floor":8,"turns":3},{"damage":34,"enemies":"3 Sentries","floor":9,"turns":15},{"damage":5,"enemies":"Gremlin Nob","floor":11,"turns":3},{"damage":0,"enemies":"Blue Slaver","floor":12,"turns":2},{"damage":4,"enemies":"3 Sentries","floor":13,"turns":6},{"damage":0,"enemies":"Red Slaver","floor":14,"turns":3},{"damage":24,"enemies":"3 Louse","floor":15,"turns":7},{"damage":35,"enemies":"DF_ARCHETYPE_STREAMLINE","floor":16,"turns":13},{"damage":10,"enemies":"Spheric Guardian","floor":19,"turns":5},{"damage":0,"enemies":"downfall:FleeingMerchant","floor":22,"turns":4},{"damage":40,"enemies":"Snake Plant","floor":25,"turns":8},{"damage":20,"enemies":"Slavers","floor":26,"turns":5},{"damage":1,"enemies":"Snecko","floor":28,"turns":5},{"damage":18,"enemies":"Shelled Parasite and Fungi","floor":31,"turns":3},{"damage":16,"enemies":"Snake Plant","floor":32,"turns":4},{"damage":0,"enemies":"SI_MIRROR_ARCHETYPE","floor":33,"turns":6},{"damage":8,"enemies":"SI_MIRROR_ARCHETYPE","floor":36,"turns":5},{"damage":0,"enemies":"downfall:FleeingMerchant","floor":37,"turns":4},{"damage":18,"enemies":"Reptomancer","floor":40,"turns":5},{"damage":1,"enemies":"3 Darklings","floor":43,"turns":3},{"damage":13,"enemies":"Nemesis","floor":45,"turns":3},{"damage":0,"enemies":"Orb Walker","floor":47,"turns":1},{"damage":0,"enemies":"Spire Growth","floor":48,"turns":3},{"damage":0,"enemies":"3 Darklings","floor":49,"turns":2},{"damage":7,"enemies":"WA_ARCHETYPE_DIVINITY","floor":50,"turns":6},{"damage":79,"enemies":"downfall:CharBossMerchant","floor":52,"turns":7},{"damage":24,"enemies":"downfall:NeowBoss","floor":55,"turns":12},{"damage":58,"enemies":"downfall:NeowBossFinal","floor":56,"turns":9}],"seed_played":"-6033584436195788550","potions_obtained":[{"floor":2,"key":"FearPotion"},{"floor":8,"key":"DuplicationPotion"},{"floor":9,"key":"PowerPotion"},{"floor":13,"key":"Regen Potion"},{"floor":15,"key":"Weak Potion"},{"floor":16,"key":"SneckoOil"},{"floor":17,"key":"Slimebound:ThreeZeroPotion"},{"floor":19,"key":"hexamod:InfernoChargePotion"},{"floor":22,"key":"LiquidMemories"},{"floor":25,"key":"LiquidMemories"},{"floor":31,"key":"DuplicationPotion"},{"floor":33,"key":"EssenceOfSteel"},{"floor":36,"key":"Energy Potion"},{"floor":37,"key":"Ancient Potion"},{"floor":40,"key":"GamblersBrew"},{"floor":45,"key":"Swift Potion"},{"floor":52,"key":"Strength Potion"}],"is_trial":false,"path_per_floor":["R","M","?","?","M","R","T","M","E","R","E","M","E","M","M","B",null,"R","M","?","?","$","R","T","M","E","T","M","?","R","M","M","B",null,"R","?","$","?","T","E","T","R","M","R","E","R","M","M","M","B",null,"E","$","R","B","B",null],"character_chosen":"THE_SPIRIT","items_purchased":["Happy Flower","Bottled Flame","Girya","Lee\u0027s Waffle","Regen Potion"],"campfire_rested":3,"item_purchase_floors":[22,37,37,53,53],"current_hp_per_floor":[70,66,66,66,66,66,66,66,32,53,48,48,44,44,32,31,75,75,65,65,59,59,59,59,70,50,50,49,49,59,53,49,54,95,95,87,95,95,95,77,77,77,76,76,70,100,100,100,100,96,102,35,109,109,85,63],"gold":49,"neow_bonus":"REMOVE_CARD","is_daily":false,"chose_seed":false,"campfire_upgraded":4,"win_rate":0.0,"timestamp":1611110455,"path_taken":["R","M","?","?","M","R","T","M","E","R","E","M","E","M","M","BOSS","R","M","?","?","$","R","T","M","E","?","?","?","R","M","M","BOSS","R","?","$","?","?","E","T","R","M","R","E","R","M","M","M","BOSS","E","$","R","BOSS","BOSS"],"items_purchased_type":["Relic","Relic","Relic","Relic","Potion"],"build_version":"2020-12-22","purchased_purges":0,"victory":true,"max_hp_per_floor":[70,70,70,70,70,70,70,70,70,70,70,70,70,70,70,70,75,75,75,75,75,75,75,75,85,85,85,85,85,95,95,95,95,95,95,95,95,95,95,95,95,95,95,95,102,102,102,102,102,102,102,102,109,109,109,109],"card_choices":[{"not_picked":["hexamod:NightmareGuise","hexamod:HeatMetal","hexamod:SpectralAdrenaline"],"picked":"SKIP","floor":2},{"not_picked":["hexamod:Hexaguard","hexamod:NightmareGuise","hexamod:DynamicBlow"],"picked":"hexamod:StepThrough","floor":5},{"not_picked":["hexamod:AdvancingGuard","hexamod:HeatMetal","hexamod:Hexaguard"],"picked":"hexamod:SkipABeat","floor":8},{"not_picked":["hexamod:TurnItUp","hexamod:BurningTouch","hexamod:Hexaguard"],"picked":"hexamod:ForkedFlame","floor":9},{"not_picked":["hexamod:SpectersWail","hexamod:NightmareStrike","hexamod:PhantomFireball"],"picked":"hexamod:StepThrough","floor":11},{"not_picked":["hexamod:SpectersWail","hexamod:HeatMetal","hexamod:Haunt","hexamod:AdvancingGuard"],"picked":"SKIP","floor":12},{"not_picked":["hexamod:SpectralAdrenaline","hexamod:BurningTouch","hexamod:FirstSeal"],"picked":"hexamod:FifthSeal","floor":13},{"not_picked":["hexamod:FourthSeal","hexamod:ThirdSeal","hexamod:SecondSeal"],"picked":"hexamod:SixthSeal","floor":14},{"not_picked":["hexamod:Hexaguard","hexamod:GhostLash","hexamod:GhostOfSpireFuture"],"picked":"hexamod:RecurringNightmare","floor":14},{"not_picked":["hexamod:FourthSeal","hexamod:ThirdSeal","hexamod:SixthSeal"],"picked":"hexamod:FirstSeal","floor":15},{"not_picked":["hexamod:FirstSeal","hexamod:SecondSeal","hexamod:SixthSeal"],"picked":"hexamod:ThirdSeal","floor":15},{"not_picked":["hexamod:HeatShield","hexamod:RecurringNightmare","hexamod:ShieldOfDarkness","hexamod:SkipABeat"],"picked":"SKIP","floor":15},{"not_picked":["hexamod:ForkedFlame","hexamod:GhostOfSpirePresent","hexamod:SearingWound"],"picked":"hexamod:TimeWarp","floor":16},{"not_picked":["hexamod:ThirdSeal","hexamod:SecondSeal","hexamod:SixthSeal"],"picked":"hexamod:FourthSeal","floor":16},{"not_picked":["hexamod:WildfireWeapon","hexamod:TurnItUp","hexamod:UnleashSpirits"],"picked":"hexamod:GhostflameInferno","floor":16},{"not_picked":["hexamod:SpectersWail+1","hexamod:GhostLash","hexamod:Firestarter"],"picked":"hexamod:GhostOfSpirePast","floor":19},{"not_picked":["hexamod:ThirdSeal","hexamod:SixthSeal","hexamod:FirstSeal"],"picked":"hexamod:SecondSeal","floor":19},{"not_picked":["hexamod:Firestarter","hexamod:PhantomFireball","hexamod:Hexaguard"],"picked":"hexamod:RadiantFlame","floor":19},{"not_picked":["hexamod:ShieldOfDarkness","hexamod:GhostLash","hexamod:FifthSeal"],"picked":"hexamod:EmpoweredFlame","floor":22},{"not_picked":["hexamod:FourthSeal","hexamod:SpectersWail","hexamod:HeatMetal","hexamod:ThermalTransfer"],"picked":"SKIP","floor":22},{"not_picked":["hexamod:FirstSeal","hexamod:ThirdSeal","hexamod:FourthSeal"],"picked":"hexamod:SixthSeal","floor":25},{"not_picked":["hexamod:BurningTouch","hexamod:HauntingEcho+1","hexamod:NightmareStrike","hexamod:NightmareGuise"],"picked":"SKIP","floor":25},{"not_picked":["hexamod:Firestarter","hexamod:SpectralAdrenaline","hexamod:BacktrackSmack+1","hexamod:GhostOfSpireFuture"],"picked":"SKIP","floor":26},{"not_picked":["hexamod:Hexaguard","hexamod:NightmareGuise","hexamod:SpectersWail","hexamod:BurningTouch"],"picked":"SKIP","floor":28},{"not_picked":["hexamod:SoulSteal","hexamod:FourthSeal","hexamod:BurningTouch","hexamod:HauntingEcho"],"picked":"SKIP","floor":31},{"not_picked":["hexamod:WildfireWeapon","hexamod:GhostLash","hexamod:HeatMetal","hexamod:FastForward"],"picked":"SKIP","floor":32},{"not_picked":["hexamod:AdvancingGuard","hexamod:GhostShield+1","hexamod:WildfireWeapon","hexamod:RecurringNightmare"],"picked":"SKIP","floor":37},{"not_picked":["hexamod:HeatMetal+1","hexamod:Again","hexamod:BurningTouch"],"picked":"hexamod:EtherealExpedition+1","floor":40},{"not_picked":["hexamod:AdvancingGuard+1","hexamod:GhostOfSpireFuture","hexamod:FirstSeal"],"picked":"hexamod:BacktrackSmack+1","floor":43},{"not_picked":["hexamod:PhantomCloak","hexamod:AdvancingGuard","hexamod:SpectersWail+1","hexamod:SearingWound"],"picked":"SKIP","floor":45},{"not_picked":["hexamod:NightmareStrike","hexamod:HeatShield","hexamod:FastForward","hexamod:EmpoweredFlame"],"picked":"SKIP","floor":47},{"not_picked":["hexamod:AdvancingGuard+1","hexamod:NecessarySacrifice","hexamod:Hexaguard","hexamod:NightmareStrike"],"picked":"SKIP","floor":48},{"not_picked":["hexamod:Hexaguard","hexamod:HeatMetal","hexamod:RecurringNightmare","hexamod:InspiringFlames"],"picked":"SKIP","floor":49},{"not_picked":["hexamod:Hexaguard","hexamod:HeatMetal","hexamod:RecurringNightmare","hexamod:InspiringFlames"],"picked":"SKIP","floor":49},{"not_picked":["hexamod:SecondSeal","hexamod:InspiringFlames","hexamod:NightmareStrike","hexamod:RadiantFlame"],"picked":"SKIP","floor":52}],"player_experience":627804,"relics_obtained":[{"floor":7,"key":"White Beast Statue"},{"floor":9,"key":"Incense Burner"},{"floor":11,"key":"Meat on the Bone"},{"floor":13,"key":"hexamod:InflammatoryLetter"},{"floor":26,"key":"Torii"},{"floor":27,"key":"Toy Ornithopter"},{"floor":36,"key":"Pocketwatch"},{"floor":39,"key":"StrikeDummy"},{"floor":40,"key":"Blue Candle"},{"floor":41,"key":"Mercury Hourglass"},{"floor":45,"key":"Strawberry"},{"floor":52,"key":"Pantograph"}],"event_choices":[{"damage_healed":0,"gold_gain":0,"player_choice":"Inject Mutagens","damage_taken":0,"relics_obtained":["MutagenicStrength"],"max_hp_gain":0,"max_hp_loss":0,"event_name":"Drug Dealer","floor":20,"gold_loss":0}],"is_beta":false,"boss_relics":[{"not_picked":["Runic Dome","bronze:MakeshiftBattery"],"picked":"Tiny House"},{"not_picked":["Coffee Dripper","Astrolabe"],"picked":"Fusion Hammer"}],"items_purged_floors":[],"is_endless":false,"potions_floor_spawned":[2,8,9,11,12,13,14,15,16,19,22,25,26,28,31,32,33,36,37,40,43,45,47,48,49,52],"ascension_level":0}}