{"host":"y89x8uui45kcjy42","time":1611115620,"event":{"mods":["2.2 Compatiblity","BaseMod","CapriCore","Colored Map","Colored Powertips","Custom Start","Friendly Minions","Keyboard Shortcuts","Minty Spire (QoL Compilation)","Relic Stats","Replay The Spire","Slay the Relics Exporter","StSLib","SuperFastMode","Uncapped"],"gold_per_floor":[109,109,677,677,693,726,726,760,760,760,788,788,798,848,848,920,970,989,1006,470,487,499,499,531,545,545,545,572,605,605,174,174,246,246,265,957,974,974,1029,1029,454,465,492,492,492,504,504,726,726,726,726,726,726,180,207,207],"floor_reached":57,"language":"KOR","playtime":2070,"items_purged":["Strike_R","Strike_R","Defend_R","Strike_R","Strike_R","Defend_R"],"score":2358,"play_id":"0880ecb3-a460-4431-b7f7-6947f5b58ae2","local_time":"20210120130700","is_ascension_mode":true,"campfire_choices":[{"data":"Bash","floor":7,"key":"SMITH"},{"data":"Immolate","floor":10,"key":"SMITH"},{"data":"Wild Strike","floor":12,"key":"SMITH"},{"data":"ReplayTheSpireMod:Stacked","floor":15,"key":"SMITH"},{"data":"ReplayTheSpireMod:Necrogeddon","floor":23,"key":"SMITH"},{"data":"ReplayTheSpireMod:LeadingStrike","floor":27,"key":"SMITH"},{"data":"Sever Soul","floor":30,"key":"SMITH"},{"data":"ReplayTheSpireMod:Strike From Hell","floor":32,"key":"SMITH"},{"floor":40,"key":"RECALL"},{"data":"Power Through","floor":45,"key":"SMITH"},{"data":"Second Wind","floor":47,"key":"SMITH"},{"data":"Fire Breathing","floor":49,"key":"SMITH"},{"data":"Evolve","floor":53,"key":"SMITH"}],"circlet_count":0,"master_deck":["AscendersBane","Bash+1","ReplayTheSpireMod:Stacked+1","Wild Strike+1","Immolate+1","ReplayTheSpireMod:Strike From Hell+1","Shrug It Off","Demonic Infusion+1","Feel No Pain","Evolve+1","ReplayTheSpireMod:Necrogeddon+1","Offering","ReplayTheSpireMod:LeadingStrike+1","Sever Soul+1","Berserk","Second Wind+1","Fire Breathing+1","Master of Strategy","Power Through+1","Demonic Infusion+1"],"relics":["Black Blood","Coffee Dripper","Mummified Hand","Membership Card","OrangePellets","Counterbalance","Bag of Preparation","StoneCalendar","Potion Belt","Pantograph","StrikeDummy","Smiling Mask","Potion Belt","MealTicket","Tiny House","Chemical X","Pocketwatch","Divine Protection","Orrery","Champion Belt","Replay:Ringing Soul","Replay:Wax Seal","Red Mask","Mercury Hourglass","Incense Burner","Sling","Mark of Pain","Gremlin Food","Mirror","Thread and Needle","Chameleon Ring","Pondfish Scales","ClockworkSouvenir","Art of War","Durian","Replay:Kaleidoscope","DollysMirror","Calipers","Replay:Mystery Machine"],"acts_visited":["Exordium","TheCity","TheBeyond","TheEnding"],"potions_floor_usage":[11,16,18,28,29,33,33,50,50,56,56,56,56,56,56,56,56,56,56,56,56],"damage_taken":[{"damage":9,"enemies":"2 Louse","floor":1,"turns":3},{"damage":3,"enemies":"Small Slimes","floor":5,"turns":4},{"damage":40,"enemies":"Lagavulin","floor":6,"turns":6},{"damage":8,"enemies":"Gremlin Nob","floor":8,"turns":3},{"damage":9,"enemies":"Lagavulin","floor":11,"turns":3},{"damage":0,"enemies":"Cultist","floor":13,"turns":2},{"damage":32,"enemies":"The Guardian","floor":16,"turns":7},{"damage":11,"enemies":"2 Thieves","floor":18,"turns":3},{"damage":21,"enemies":"Shell Parasite","floor":19,"turns":3},{"damage":0,"enemies":"Chosen and Byrds","floor":21,"turns":2},{"damage":16,"enemies":"Snake Plant","floor":22,"turns":2},{"damage":44,"enemies":"Replay:Snechameleon","floor":24,"turns":4},{"damage":2,"enemies":"Centurion and Healer","floor":25,"turns":3},{"damage":10,"enemies":"Slavers","floor":28,"turns":3},{"damage":10,"enemies":"Masked Bandits","floor":29,"turns":3},{"damage":15,"enemies":"Champ","floor":33,"turns":7},{"damage":0,"enemies":"3 Darklings","floor":35,"turns":2},{"damage":2,"enemies":"3 Shapes","floor":37,"turns":3},{"damage":14,"enemies":"2 Orb Walkers","floor":39,"turns":3},{"damage":0,"enemies":"Jaw Worm Horde","floor":42,"turns":4},{"damage":0,"enemies":"Sphere and 2 Shapes","floor":46,"turns":3},{"damage":10,"enemies":"Replay:Hell Engine","floor":50,"turns":7},{"damage":22,"enemies":"Donu and Deca","floor":51,"turns":6},{"damage":59,"enemies":"Shield and Spear","floor":55,"turns":4},{"damage":0,"enemies":"The Heart","floor":56,"turns":7}],"seed_played":"-503901762102573491","potions_obtained":[{"floor":5,"key":"Reflective Coating"},{"floor":6,"key":"Strength Potion"},{"floor":8,"key":"Doom Potion"},{"floor":13,"key":"Energy Potion"},{"floor":17,"key":"Adrenaline Potion"},{"floor":21,"key":"Energy Potion"},{"floor":22,"key":"Elixir"},{"floor":28,"key":"Explosive Potion"},{"floor":29,"key":"LifebloodPotion"},{"floor":35,"key":"FearPotion"},{"floor":37,"key":"EntropicBrew"}],"is_trial":false,"path_per_floor":["M","?","$","?","M","E","R","E","T","R","E","R","M","?","R","B",null,"M","M","$","M","M","R","E","M","T","R","E","?","R","$","R","B",null,"M","$","M","?","?","R","$","M","T","?","R","M","R","?","R","B","B",null,"R","$","E","B",null],"character_chosen":"IRONCLAD","items_purchased":["OrangePellets","Counterbalance","Bag of Preparation","Energy Potion","Block Potion","Pocketwatch","Divine Protection","ReplayTheSpireMod:Necrogeddon","Orrery","Mercury Hourglass","Incense Burner","Sling","Gremlin Food","Mirror","DistilledChaos","Chameleon Ring","Pondfish Scales","ClockworkSouvenir","Master of Strategy","Power Through","Durian","Replay:Kaleidoscope","DollysMirror","PowerPotion","EssenceOfSteel"],"campfire_rested":0,"item_purchase_floors":[3,3,3,3,3,20,20,20,20,31,31,31,36,36,36,41,41,41,41,41,54,54,54,54,54],"current_hp_per_floor":[78,83,83,78,87,59,59,63,63,63,66,66,78,70,70,67,87,88,79,92,92,88,88,56,66,66,66,71,73,73,88,88,95,97,101,101,104,104,102,102,107,107,107,107,107,107,107,107,107,107,97,105,105,115,68,105],"gold":207,"neow_bonus":"TEN_PERCENT_HP_BONUS","is_daily":false,"chose_seed":false,"campfire_upgraded":12,"win_rate":0.0,"timestamp":1611115620,"path_taken":["M","?","$","?","M","E","R","E","T","R","E","R","M","?","R","BOSS","M","?","$","M","M","R","E","M","T","R","E","?","R","$","R","BOSS","M","$","M","?","?","R","$","M","T","?","R","?","R","?","R","BOSS","BOSS","R","$","E","BOSS"],"items_purchased_type":["Relic","Relic","Relic","Potion","Potion","Relic","Relic","Card","Relic","Relic","Relic","Relic","Relic","Relic","Potion","Relic","Relic","Relic","Card","Card","Relic","Relic","Relic","Potion","Potion"],"build_version":"2020-12-22","purchased_purges":6,"victory":true,"max_hp_per_floor":[82,87,87,87,87,87,87,87,87,87,87,87,87,87,87,87,92,92,92,92,92,92,92,92,92,92,92,95,95,95,95,95,98,98,101,101,104,104,104,104,107,107,107,107,107,107,107,107,107,107,107,107,107,115,115,115],"relic_stats":{"counters":[25,96],"Black Blood":241,"StoneCalendar":[0],"Bag of Preparation":[48],"Smiling Mask":126,"Mercury Hourglass":[152],"OrangePellets":[6],"Mummified Hand":[47],"Pantograph":49,"MealTicket":32,"Art of War":[1],"Chemical X":[0],"Champion Belt":[18],"obtain_stats":[{"Divine Protection":20,"Tiny House":17,"Calipers":55,"Black Blood":1,"StoneCalendar":4,"Bag of Preparation":3,"Incense Burner":31,"Replay:Mystery Machine":55,"Smiling Mask":8,"Sling":31,"Burning Blood":0,"ClockworkSouvenir":41,"Replay:Ringing Soul":26,"Chameleon Ring":41,"Mummified Hand":2,"DollysMirror":54,"Pantograph":6,"MealTicket":11,"Red Mask":29,"Chemical X":17,"Replay:Wax Seal":28,"Potion Belt":5,"Gremlin Food":36,"Counterbalance":3,"Thread and Needle":39,"Replay:Kaleidoscope":54,"Mercury Hourglass":31,"OrangePellets":3,"Pondfish Scales":41,"Orrery":20,"Mark of Pain":34,"Coffee Dripper":1,"Art of War":43,"Durian":54,"Membership Card":2,"Champion Belt":24,"StrikeDummy":6,"Mirror":36,"Pocketwatch":20},{"Divine Protection":9,"Tiny House":7,"Calipers":24,"Black Blood":1,"StoneCalendar":1,"Bag of Preparation":1,"Incense Burner":15,"Replay:Mystery Machine":24,"Smiling Mask":4,"Sling":15,"Burning Blood":0,"ClockworkSouvenir":19,"Replay:Ringing Soul":13,"Chameleon Ring":19,"Mummified Hand":1,"DollysMirror":23,"Pantograph":3,"MealTicket":5,"Red Mask":15,"Chemical X":7,"Replay:Wax Seal":14,"Potion Belt":2,"Gremlin Food":17,"Counterbalance":1,"Thread and Needle":19,"Replay:Kaleidoscope":23,"Mercury Hourglass":15,"OrangePellets":1,"Pondfish Scales":19,"Orrery":9,"Mark of Pain":16,"Coffee Dripper":1,"Art of War":20,"Durian":23,"Membership Card":1,"Champion Belt":12,"StrikeDummy":3,"Mirror":17,"Pocketwatch":9},{"Divine Protection":34,"Tiny House":28,"Calipers":89,"Black Blood":2,"StoneCalendar":3,"Bag of Preparation":3,"Incense Burner":51,"Replay:Mystery Machine":90,"Smiling Mask":16,"Sling":51,"Burning Blood":0,"ClockworkSouvenir":66,"Replay:Ringing Soul":45,"Chameleon Ring":66,"Mummified Hand":3,"DollysMirror":86,"Pantograph":13,"MealTicket":19,"Red Mask":51,"Chemical X":28,"Replay:Wax Seal":48,"Potion Belt":7,"Gremlin Food":60,"Counterbalance":3,"Thread and Needle":66,"Replay:Kaleidoscope":86,"Mercury Hourglass":51,"OrangePellets":3,"Pondfish Scales":66,"Orrery":34,"Mark of Pain":58,"Coffee Dripper":3,"Art of War":70,"Durian":86,"Membership Card":3,"Champion Belt":42,"StrikeDummy":13,"Mirror":60,"Pocketwatch":34}],"Pocketwatch":[24]},"card_choices":[{"not_picked":["Thunderclap","Power Through"],"picked":"ReplayTheSpireMod:Stacked","floor":1},{"not_picked":["Sever Soul","Heavy Blade","Infernal Blade"],"picked":"SKIP","floor":5},{"not_picked":["Rampage","Battle Trance"],"picked":"Wild Strike","floor":6},{"not_picked":["Reckless Charge","Clothesline"],"picked":"Immolate","floor":8},{"not_picked":["Replay:Many Hands","Heavy Blade"],"picked":"ReplayTheSpireMod:Strike From Hell","floor":11},{"not_picked":["Iron Wave","Thunderclap"],"picked":"Shrug It Off","floor":13},{"not_picked":["Bludgeon","Double Tap"],"picked":"Demonic Infusion","floor":16},{"not_picked":["Infernal Blade","Run Through"],"picked":"Feel No Pain","floor":17},{"not_picked":["Thunderclap","Anger","Warcry"],"picked":"SKIP","floor":18},{"not_picked":["Pommel Strike","Havoc"],"picked":"Evolve","floor":19},{"not_picked":["Anger","Armaments"],"picked":"Offering","floor":20},{"not_picked":["Combust+1","Blood for Blood","Havoc"],"picked":"SKIP","floor":21},{"not_picked":["Combust+1","Blood for Blood","Havoc"],"picked":"SKIP","floor":21},{"not_picked":["Flex","Twin Strike","Run Through"],"picked":"SKIP","floor":22},{"not_picked":["ReplayReversal","Clash"],"picked":"ReplayTheSpireMod:LeadingStrike","floor":24},{"not_picked":["ReplayTheSpireMod:Limb From Limb+1","Reaper","Twin Strike"],"picked":"SKIP","floor":25},{"not_picked":["Clothesline","Abandon"],"picked":"Sever Soul","floor":28},{"not_picked":["Double Tap","Offering"],"picked":"Berserk","floor":33},{"not_picked":["Run Through+1","Sword Boomerang"],"picked":"Second Wind","floor":35},{"not_picked":["Dropkick","Flex+1"],"picked":"Fire Breathing","floor":37},{"not_picked":["Flame Barrier","Rage+1","Inflame+1"],"picked":"SKIP","floor":42},{"not_picked":["True Grit","Clash","Clothesline"],"picked":"SKIP","floor":46},{"not_picked":["Blood for Blood","Armaments","Replay:Undeath\u0027s Touch"],"picked":"SKIP","floor":55}],"player_experience":634561,"relics_obtained":[{"floor":6,"key":"Pantograph"},{"floor":8,"key":"Smiling Mask"},{"floor":11,"key":"MealTicket"},{"floor":24,"key":"Champion Belt"},{"floor":26,"key":"Replay:Ringing Soul"},{"floor":28,"key":"Replay:Wax Seal"},{"floor":29,"key":"Red Mask"},{"floor":39,"key":"Thread and Needle"},{"floor":43,"key":"Art of War"},{"floor":55,"key":"Replay:Mystery Machine"}],"event_choices":[{"damage_healed":0,"gold_gain":0,"player_choice":"Donut","damage_taken":0,"max_hp_gain":5,"max_hp_loss":0,"event_name":"Big Fish","floor":2,"gold_loss":0},{"damage_healed":0,"gold_gain":0,"player_choice":"Success","damage_taken":5,"relics_obtained":["StoneCalendar"],"max_hp_gain":0,"max_hp_loss":0,"event_name":"Scrap Ooze","floor":4,"gold_loss":0},{"damage_healed":0,"gold_gain":50,"player_choice":"Touch","damage_taken":8,"max_hp_gain":0,"max_hp_loss":0,"event_name":"FaceTrader","floor":14,"gold_loss":0},{"damage_healed":0,"gold_gain":0,"player_choice":"Fought Bandits","damage_taken":0,"max_hp_gain":0,"max_hp_loss":0,"event_name":"Masked Bandits","floor":29,"gold_loss":0},{"damage_healed":0,"gold_gain":0,"player_choice":"Memory 1","damage_taken":0,"max_hp_gain":0,"max_hp_loss":0,"event_name":"SensoryStone","floor":38,"gold_loss":0},{"damage_healed":0,"gold_gain":0,"player_choice":"Fight","damage_taken":0,"max_hp_gain":0,"max_hp_loss":0,"event_name":"Mysterious Sphere","floor":39,"gold_loss":0},{"damage_healed":0,"gold_gain":0,"player_choice":"Ignored","damage_taken":0,"max_hp_gain":0,"max_hp_loss":0,"event_name":"SecretPortal","floor":44,"gold_loss":0},{"damage_healed":0,"gold_gain":222,"player_choice":"Wore Mask","damage_taken":0,"max_hp_gain":0,"max_hp_loss":0,"event_name":"Tomb of Lord Red Mask","floor":48,"gold_loss":0}],"is_beta":false,"boss_relics":[{"not_picked":["Honey Jar","Astrolabe"],"picked":"Tiny House"},{"not_picked":["Empty Cage","Pandora\u0027s Box"],"picked":"Mark of Pain"}],"items_purged_floors":[3,20,31,36,41,54],"is_endless":false,"potions_floor_spawned":[5,6,8,13,21,22,24,28,29,35,37],"ascension_level":20}}