{"host":"l84l8xigz5v5foa2","time":1611141959,"event":{"mods":["2.2 Compatiblity","AchievementEnabler","BaseMod","Better Note","Better Vampires","Card Filter","Colored Map","DeckTracker","Downfall","Gremlin Skip","Highlight Path","Keyboard Shortcuts","Minty Spire (QoL Compilation)","Permanent Neow","Quick Restart","Relic Filter","Relic Stats","StSLib","SuperFastMode","Transform Curses","Unknown Chances"],"gold_per_floor":[117,135,60,80,80,80,112,130,130,55,82,82,107,124,124,197,197,212,212,224,79,96,96,131,147,147,147,164,190,210,239,239,316,316,326,346,363,363,383,383,383,414,414,430,430,443,459,492,492,492,492,492,492,86,113,113],"floor_reached":57,"language":"ENG","playtime":2632,"items_purged":["hexamod:Strike","hexamod:Strike","hexamod:Strike"],"score":3117,"play_id":"caf781f4-7b52-4121-8e99-d74b3feb536f","local_time":"20210120202559","is_ascension_mode":true,"campfire_choices":[{"data":"hexamod:StepThrough","floor":6.0,"key":"SMITH"},{"data":"hexamod:Rewind","floor":12.0,"key":"SMITH"},{"data":"hexamod:Rewind","floor":15.0,"key":"SMITH"},{"data":"hexamod:RadiantFlame","floor":23.0,"key":"SMITH"},{"data":"hexamod:NightmareGuise","floor":27.0,"key":"SMITH"},{"floor":32.0,"key":"DIG"},{"data":"hexamod:HeatShield","floor":40.0,"key":"SMITH"},{"floor":45.0,"key":"RECALL"},{"data":"hexamod:HeatShield","floor":49.0,"key":"SMITH"},{"floor":53.0,"key":"DIG"}],"circlet_count":0,"master_deck":["AscendersBane","hexamod:Strike","hexamod:Defend","hexamod:Defend","hexamod:Defend","hexamod:Defend","hexamod:Sear","hexamod:Float+1","hexamod:FlamesFromBeyond","hexamod:SpectersWail","hexamod:StepThrough+1","hexamod:FourthSeal","hexamod:Rewind+1","hexamod:NightmareGuise+1","hexamod:PowerFromBeyond","hexamod:ForkedFlame","hexamod:Rewind+1","hexamod:TimeWarp","CurseOfTheBell","hexamod:StepThrough","hexamod:RadiantFlame+1","hexamod:FastForward+1","hexamod:ApocalypseNow","hexamod:HauntingEcho","hexamod:HeatMetal","hexamod:ForkedFlame","hexamod:HeatShield+1","hexamod:HeatShield+1","hexamod:RecurringNightmare","Flash of Steel","hexamod:AdvancingGuard+1","hexamod:ShieldOfDarkness+1","hexamod:RadiantFlame"],"relics":["hexamod:SpiritBrand","Singing Bowl","Black Star","Bag of Preparation","Pen Nib","Question Card","Vajra","Sundial","Kunai","hexamod:Sixitude","Calling Bell","Oddly Smooth Stone","Mummified Hand","Shovel","Guardian:PocketSentry","Anchor","Calipers","Meat on the Bone","Tiny Chest","Bag of Marbles","Lantern","Bottled Tornado","expansioncontent:StudyCardRelic","Blood Vial","Bottled Lightning","Regal Pillow","Ancient Tea Set","Pear","hexamod:BolsterEngine","hexamod:SoulConsumer","Boot"],"acts_visited":["Exordium","TheCity","TheBeyond","TheEnding"],"potions_floor_usage":[56,56],"damage_taken":[{"damage":0.0,"enemies":"Cultist","floor":1.0,"turns":3.0},{"damage":2.0,"enemies":"Jaw Worm","floor":2.0,"turns":3.0},{"damage":0.0,"enemies":"Small Slimes","floor":4.0,"turns":2.0},{"damage":21.0,"enemies":"Lagavulin","floor":7.0,"turns":7.0},{"damage":0.0,"enemies":"Blue Slaver","floor":8.0,"turns":3.0},{"damage":11.0,"enemies":"3 Sentries","floor":11.0,"turns":6.0},{"damage":6.0,"enemies":"Lagavulin","floor":13.0,"turns":5.0},{"damage":0.0,"enemies":"Lots of Slimes","floor":14.0,"turns":2.0},{"damage":2.0,"enemies":"Hexaghost","floor":16.0,"turns":6.0},{"damage":0.0,"enemies":"Chosen","floor":18.0,"turns":3.0},{"damage":0.0,"enemies":"3 Byrds","floor":20.0,"turns":3.0},{"damage":4.0,"enemies":"Centurion and Healer","floor":22.0,"turns":4.0},{"damage":11.0,"enemies":"Book of Stabbing","floor":24.0,"turns":3.0},{"damage":0.0,"enemies":"Snecko","floor":25.0,"turns":2.0},{"damage":0.0,"enemies":"Snake Plant","floor":28.0,"turns":3.0},{"damage":8.0,"enemies":"Slavers","floor":29.0,"turns":4.0},{"damage":5.0,"enemies":"Shelled Parasite and Fungi","floor":30.0,"turns":3.0},{"damage":23.0,"enemies":"Gremlin Leader","floor":31.0,"turns":5.0},{"damage":0.0,"enemies":"Champ","floor":33.0,"turns":7.0},{"damage":15.0,"enemies":"3 Darklings","floor":35.0,"turns":3.0},{"damage":3.0,"enemies":"3 Shapes","floor":36.0,"turns":2.0},{"damage":0.0,"enemies":"Spire Growth","floor":37.0,"turns":3.0},{"damage":0.0,"enemies":"Transient","floor":39.0,"turns":6.0},{"damage":0.0,"enemies":"Nemesis","floor":42.0,"turns":3.0},{"damage":0.0,"enemies":"3 Darklings","floor":44.0,"turns":3.0},{"damage":0.0,"enemies":"Jaw Worm Horde","floor":46.0,"turns":3.0},{"damage":0.0,"enemies":"Spire Growth","floor":47.0,"turns":3.0},{"damage":16.0,"enemies":"Reptomancer","floor":48.0,"turns":4.0},{"damage":0.0,"enemies":"Donu and Deca","floor":50.0,"turns":10.0},{"damage":32.0,"enemies":"Time Eater","floor":51.0,"turns":7.0},{"damage":14,"enemies":"Shield and Spear","floor":55,"turns":6},{"damage":83,"enemies":"The Heart","floor":56,"turns":9}],"seed_played":"1126987776118286380","potions_obtained":[{"floor":2.0,"key":"bronze:BurnAndBuffPotion"},{"floor":4.0,"key":"PowerPotion"},{"floor":7.0,"key":"SteroidPotion"},{"floor":8.0,"key":"GamblersBrew"},{"floor":11.0,"key":"Block Potion"},{"floor":13.0,"key":"Fire Potion"},{"floor":14.0,"key":"FearPotion"},{"floor":16.0,"key":"Ancient Potion"},{"floor":18.0,"key":"DuplicationPotion"},{"floor":20.0,"key":"champ:CounterPotion"},{"floor":22.0,"key":"SteroidPotion"},{"floor":22.0,"key":"Fire Potion"},{"floor":24.0,"key":"bronze:BurnAndBuffPotion"},{"floor":25.0,"key":"Fire Potion"},{"floor":28.0,"key":"SneckoOil"},{"floor":29.0,"key":"Strength Potion"},{"floor":30.0,"key":"DuplicationPotion"},{"floor":30.0,"key":"SteroidPotion"},{"floor":31.0,"key":"hexamod:EctoCoolerPotion"},{"floor":33.0,"key":"champ:CounterPotion"},{"floor":33.0,"key":"LiquidMemories"},{"floor":35.0,"key":"Dexterity Potion"},{"floor":37.0,"key":"GamblersBrew"},{"floor":39.0,"key":"hexamod:InfernoChargePotion"},{"floor":42.0,"key":"Swift Potion"},{"floor":47.0,"key":"FearPotion"},{"floor":48.0,"key":"Strength Potion"},{"floor":48.0,"key":"LiquidMemories"}],"is_trial":false,"path_per_floor":["M","M","$","M","?","R","E","M","T","$","E","R","E","M","R","B",null,"M","?","M","$","M","R","E","M","T","R","M","E","M","E","R","B",null,"M","M","M","?","M","R","?","E","T","M","R","M","M","E","R","B","B",null,"R","$","E","B",null],"character_chosen":"THE_SPIRIT","items_purchased":["hexamod:StepThrough","hexamod:StepThrough","hexamod:BolsterEngine","SteroidPotion","AttackPotion"],"campfire_rested":0,"item_purchase_floors":[3,21,54,54,54],"current_hp_per_floor":[57,55,55,55,55,55,34,34,34,34,23,23,17,17,17,15,51,53,53,55,55,51,51,42,42,42,42,42,36,43,32,32,44,64,49,48,50,50,50,50,44,44,44,48,48,52,54,54,54,56,38,73,83,83,71,36],"gold":113,"neow_bonus":"UPGRADE_CARD","is_daily":false,"chose_seed":false,"campfire_upgraded":7,"win_rate":0.0,"timestamp":1611141959,"path_taken":["M","?","?","?","?","R","E","M","T","$","E","R","E","M","R","BOSS","M","?","M","$","M","R","E","M","T","R","M","E","M","E","R","BOSS","M","M","M","?","?","R","?","E","T","M","R","M","M","E","R","BOSS","BOSS","R","$","E","BOSS"],"items_purchased_type":["Card","Card","Relic","Potion","Potion"],"build_version":"2020-12-22","purchased_purges":3,"victory":true,"max_hp_per_floor":[63,63,63,63,63,63,63,63,63,63,63,63,63,63,63,63,63,65,65,67,67,67,67,69,69,69,69,69,71,71,71,71,71,71,71,73,75,75,75,75,79,79,79,81,81,83,83,85,85,85,85,85,95,95,95,95],"relic_stats":{"Regal Pillow":0,"Singing Bowl":22,"counters":[32,136],"Pen Nib":[25],"Bag of Preparation":[56],"Question Card":28,"Boot":[0],"Blood Vial":16,"Shovel":2,"Sundial":[8],"Mummified Hand":[67],"Tiny Chest":0,"Black Star":9,"Kunai":[50],"obtain_stats":[{"Lantern":31,"Regal Pillow":48,"Calipers":26,"Singing Bowl":5,"Vajra":11,"Bag of Preparation":7,"expansioncontent:StudyCardRelic":34,"Bottled Tornado":32,"Ancient Tea Set":48,"Boot":55,"Blood Vial":42,"Shovel":17,"Sundial":11,"Mummified Hand":17,"Tiny Chest":29,"Kunai":13,"hexamod:SpiritBrand":0,"Pear":53,"hexamod:Sixitude":13,"Oddly Smooth Stone":17,"Pen Nib":7,"Guardian:PocketSentry":24,"Question Card":9,"Calling Bell":17,"Anchor":24,"Black Star":7,"Bag of Marbles":31,"Bottled Lightning":42,"hexamod:SoulConsumer":55,"hexamod:BolsterEngine":54,"Meat on the Bone":29},{"Lantern":18,"Regal Pillow":28,"Calipers":14,"Singing Bowl":3,"Vajra":6,"Bag of Preparation":4,"expansioncontent:StudyCardRelic":19,"Bottled Tornado":18,"Ancient Tea Set":28,"Boot":31,"Blood Vial":24,"Shovel":9,"Sundial":6,"Mummified Hand":9,"Tiny Chest":16,"Kunai":7,"hexamod:SpiritBrand":0,"Pear":30,"hexamod:Sixitude":7,"Oddly Smooth Stone":9,"Pen Nib":4,"Guardian:PocketSentry":13,"Question Card":5,"Calling Bell":9,"Anchor":13,"Black Star":4,"Bag of Marbles":18,"Bottled Lightning":24,"hexamod:SoulConsumer":31,"hexamod:BolsterEngine":30,"Meat on the Bone":16},{"Lantern":67,"Regal Pillow":104,"Calipers":52,"Singing Bowl":8,"Vajra":24,"Bag of Preparation":15,"expansioncontent:StudyCardRelic":74,"Bottled Tornado":67,"Ancient Tea Set":104,"Boot":127,"Blood Vial":91,"Shovel":37,"Sundial":24,"Mummified Hand":37,"Tiny Chest":59,"Kunai":29,"hexamod:SpiritBrand":0,"Pear":121,"hexamod:Sixitude":29,"Oddly Smooth Stone":37,"Pen Nib":15,"Guardian:PocketSentry":50,"Question Card":18,"Calling Bell":37,"Anchor":50,"Black Star":15,"Bag of Marbles":67,"Bottled Lightning":91,"hexamod:SoulConsumer":127,"hexamod:BolsterEngine":121,"Meat on the Bone":59}],"Meat on the Bone":72},"card_choices":[{"not_picked":["hexamod:NightmareGuise","hexamod:BurningTouch"],"picked":"hexamod:FlamesFromBeyond","floor":1.0},{"not_picked":["hexamod:RadiantFlame","hexamod:HeatMetal"],"picked":"hexamod:SpectersWail","floor":2.0},{"not_picked":["hexamod:AdvancingGuard","hexamod:NightmareStrike"],"picked":"hexamod:FourthSeal","floor":4.0},{"not_picked":["hexamod:NecessarySacrifice","hexamod:HeatMetal"],"picked":"hexamod:Rewind","floor":7.0},{"not_picked":["hexamod:Again","hexamod:GhostShield"],"picked":"hexamod:NightmareGuise","floor":8.0},{"not_picked":["hexamod:Firestarter","hexamod:SpectralSpark","hexamod:HeatShield"],"picked":"hexamod:PowerFromBeyond","floor":11.0},{"not_picked":["hexamod:SpectersWail","hexamod:GhostOfSpireFuture","hexamod:SkipABeat"],"picked":"hexamod:ForkedFlame","floor":13.0},{"not_picked":["hexamod:HeatCrush","hexamod:SpectralAdrenaline","hexamod:BurningTouch"],"picked":"hexamod:Rewind","floor":14.0},{"not_picked":["hexamod:TimeOfNeed","hexamod:ApocalypseNow","hexamod:SearingWound"],"picked":"hexamod:TimeWarp","floor":16.0},{"not_picked":["hexamod:GhostLash","hexamod:Again","hexamod:HeatShield","hexamod:PowerFromBeyond"],"picked":"Singing Bowl","floor":18.0},{"not_picked":["hexamod:GhostLash+1","hexamod:ThermalTransfer","hexamod:BurningTouch","hexamod:GhostflameBarrier"],"picked":"Singing Bowl","floor":20.0},{"not_picked":["hexamod:BacktrackSmack","hexamod:GhostShield","hexamod:RetreatToShadows"],"picked":"hexamod:RadiantFlame","floor":22.0},{"not_picked":["hexamod:GhostShield","hexamod:SuperheatedStrike","hexamod:FlamesFromBeyond","hexamod:PhantomCloak"],"picked":"Singing Bowl","floor":24.0},{"not_picked":["hexamod:InspiringFlames+1","hexamod:BurningTouch+1","hexamod:SoulSteal"],"picked":"hexamod:FastForward+1","floor":25.0},{"not_picked":["hexamod:EtherealExpedition","hexamod:ThermalTransfer","hexamod:CatchUp"],"picked":"hexamod:ApocalypseNow","floor":28.0},{"not_picked":["hexamod:Firestarter","hexamod:GhostflameBarrier","hexamod:FlamesFromBeyond","hexamod:GhostShield"],"picked":"Singing Bowl","floor":29.0},{"not_picked":["hexamod:SuperheatedStrike","hexamod:SpectersWail","hexamod:BacktrackSmack"],"picked":"hexamod:HauntingEcho","floor":30.0},{"not_picked":["hexamod:GhostShield","hexamod:SpectralAdrenaline","hexamod:ShieldOfDarkness"],"picked":"hexamod:HeatMetal","floor":31.0},{"not_picked":["hexamod:WildfireWeapon","hexamod:ApocalypticArmor","hexamod:SearingWound"],"picked":"hexamod:ForkedFlame","floor":33.0},{"not_picked":["hexamod:FlamesFromBeyond","hexamod:FourthSeal","hexamod:SuperheatedStrike+1"],"picked":"hexamod:HeatShield","floor":35.0},{"not_picked":["hexamod:BurningTouch+1","hexamod:PhantomCloak","hexamod:SoulSteal+1","hexamod:Incineration"],"picked":"Singing Bowl","floor":36.0},{"not_picked":["hexamod:SuperheatedStrike","hexamod:NightmareStrike+1","hexamod:InspiringFlames","hexamod:SpectralSpark+1"],"picked":"Singing Bowl","floor":37.0},{"not_picked":["hexamod:InspiringFlames+1","hexamod:SpectralSpark","hexamod:SecondSeal"],"picked":"hexamod:RecurringNightmare","floor":39.0},{"not_picked":["Mind Blast","Master of Strategy","Mayhem"],"picked":"Flash of Steel","floor":41.0},{"not_picked":["Violence","Deep Breath","Dramatic Entrance","Enlightenment"],"picked":"Singing Bowl","floor":41.0},{"not_picked":["Violence","Enlightenment","Dramatic Entrance","Master of Strategy"],"picked":"Singing Bowl","floor":41.0},{"not_picked":["hexamod:RecurringNightmare+1","hexamod:GhostLash+1","hexamod:ShieldOfDarkness"],"picked":"hexamod:AdvancingGuard+1","floor":42.0},{"not_picked":["hexamod:ChargedBarrage+1","hexamod:AdvancingGuard","hexamod:HeatMetal","hexamod:Hexaguard"],"picked":"Singing Bowl","floor":44.0},{"not_picked":["hexamod:ShieldOfDarkness","hexamod:ChargedBarrage","hexamod:SuperheatedStrike","hexamod:FastForward"],"picked":"Singing Bowl","floor":46.0},{"not_picked":["hexamod:Incineration","hexamod:SpectralAdrenaline+1","hexamod:SuperheatedStrike"],"picked":"hexamod:ShieldOfDarkness+1","floor":47.0},{"not_picked":["hexamod:NightmareStrike+1","hexamod:SpectersWail","hexamod:PhantomCloak","hexamod:AdvancingGuard"],"picked":"Singing Bowl","floor":48.0},{"not_picked":["hexamod:SwordOfDarkness","hexamod:Again","hexamod:PowerFromBeyond+1"],"picked":"hexamod:RadiantFlame","floor":55}],"player_experience":3315195,"relics_obtained":[{"floor":7.0,"key":"Bag of Preparation"},{"floor":7.0,"key":"Pen Nib"},{"floor":9.0,"key":"Question Card"},{"floor":11.0,"key":"Vajra"},{"floor":11.0,"key":"Sundial"},{"floor":13.0,"key":"Kunai"},{"floor":13.0,"key":"hexamod:Sixitude"},{"floor":17.0,"key":"Oddly Smooth Stone"},{"floor":17.0,"key":"Mummified Hand"},{"floor":17.0,"key":"Shovel"},{"floor":24.0,"key":"Guardian:PocketSentry"},{"floor":24.0,"key":"Anchor"},{"floor":26.0,"key":"Calipers"},{"floor":29.0,"key":"Meat on the Bone"},{"floor":29.0,"key":"Tiny Chest"},{"floor":31.0,"key":"Bag of Marbles"},{"floor":31.0,"key":"Lantern"},{"floor":32.0,"key":"Bottled Tornado"},{"floor":42.0,"key":"Blood Vial"},{"floor":42.0,"key":"Bottled Lightning"},{"floor":48.0,"key":"Regal Pillow"},{"floor":48.0,"key":"Ancient Tea Set"},{"floor":53.0,"key":"Pear"},{"floor":55,"key":"hexamod:SoulConsumer"},{"floor":55,"key":"Boot"}],"event_choices":[{"damage_healed":0.0,"max_hp_gain":0.0,"max_hp_loss":0.0,"gold_gain":0.0,"event_name":"WeMeetAgain","player_choice":"Gave Potion","floor":5.0,"gold_loss":0.0,"damage_taken":0.0,"relics_obtained":["Singing Bowl"]},{"damage_healed":0.0,"max_hp_gain":0.0,"max_hp_loss":0.0,"gold_gain":0.0,"event_name":"Duplicator","player_choice":"Copied","floor":38.0,"gold_loss":0.0,"damage_taken":0.0,"cards_obtained":["hexamod:HeatShield"]},{"damage_healed":0.0,"max_hp_gain":0.0,"max_hp_loss":0.0,"gold_gain":0.0,"event_name":"SensoryStone","player_choice":"Memory 3","floor":41.0,"gold_loss":0.0,"damage_taken":10.0}],"is_beta":false,"boss_relics":[{"not_picked":["Sozu","Fusion Hammer"],"picked":"Calling Bell"},{"not_picked":["Velvet Choker","SacredBark"],"picked":"expansioncontent:StudyCardRelic"}],"items_purged_floors":[10,21,54],"is_endless":false,"potions_floor_spawned":[2,4,13,14,16,22,25,29,30,33,37,42,47,48],"ascension_level":20}}