{"host":"xetj7e4h1njmphhb","time":1611170753,"event":{"mods":["BaseMod","Minty Spire (QoL Compilation)","SuperFastMode"],"gold_per_floor":[111,129,47,47,57,76,76,91,172,204,220,220,220,233,233,337,337,318,233,332,332,350,350,350,350,350,350,362,362,376,376,376,376,376],"floor_reached":33,"language":"ENG","playtime":1206,"items_purged":[],"score":247,"play_id":"738a3d04-3868-43ab-902d-7fd05236e4fd","local_time":"20210120142553","is_ascension_mode":false,"campfire_choices":[{"floor":7,"key":"REST"},{"floor":15,"key":"REST"},{"floor":23,"key":"REST"},{"floor":25,"key":"REST"},{"floor":32,"key":"REST"}],"circlet_count":0,"master_deck":["Strike_B","Strike_B","Strike_B","Strike_B","Defend_B","Defend_B","Zap+1","Dualcast","Hologram","Leap","Ball Lightning","Storm","Barrage","Double Energy","Storm","Rainbow","Leap","Reboot","Capacitor","Skim","Necronomicurse","Compile Driver+1","Redo+1"],"relics":["FrozenCore","Torii","Pantograph","Juzu Bracelet","Meat on the Bone","Necronomicon","Molten Egg 2","Ancient Tea Set"],"acts_visited":["Exordium","TheCity"],"potions_floor_usage":[16,16,16,33],"damage_taken":[{"damage":1,"enemies":"Cultist","floor":1,"turns":3},{"damage":0,"enemies":"2 Louse","floor":2,"turns":2},{"damage":7,"enemies":"Small Slimes","floor":5,"turns":2},{"damage":13,"enemies":"2 Fungi Beasts","floor":6,"turns":3},{"damage":10,"enemies":"Looter","floor":8,"turns":2},{"damage":17,"enemies":"Gremlin Nob","floor":10,"turns":4},{"damage":7,"enemies":"3 Louse","floor":11,"turns":2},{"damage":14,"enemies":"Exordium Thugs","floor":14,"turns":3},{"damage":39,"enemies":"Hexaghost","floor":16,"turns":10},{"damage":24,"enemies":"2 Thieves","floor":18,"turns":4},{"damage":18,"enemies":"Shell Parasite","floor":22,"turns":5},{"damage":44,"enemies":"Centurion and Healer","floor":28,"turns":7},{"damage":29,"enemies":"Sentry and Sphere","floor":30,"turns":7},{"damage":121,"enemies":"Automaton","floor":33,"turns":8}],"seed_played":"-1910194625747622972","potions_obtained":[{"floor":10,"key":"FearPotion"},{"floor":11,"key":"ColorlessPotion"},{"floor":14,"key":"Block Potion"},{"floor":16,"key":"LiquidMemories"},{"floor":28,"key":"FairyPotion"},{"floor":30,"key":"Swift Potion"}],"is_trial":false,"path_per_floor":["M","M","$","?","M","M","R","M","T","E","M","?","?","M","R","B",null,"M","?","?","?","M","R","?","R","T","?","M","?","M","?","R","B"],"character_chosen":"DEFECT","items_purchased":["Storm"],"campfire_rested":5,"item_purchase_floors":[3],"current_hp_per_floor":[74,74,74,74,67,54,75,65,65,48,41,41,34,20,42,28,75,51,51,51,51,45,67,51,73,73,73,41,34,17,42,64,0,0],"gold":376,"neow_bonus":"TRANSFORM_CARD","is_daily":false,"chose_seed":false,"campfire_upgraded":0,"win_rate":0.0,"timestamp":1611170753,"path_taken":["M","M","?","?","?","M","R","M","T","E","M","?","?","M","R","BOSS","M","?","?","?","M","R","?","R","T","?","M","?","M","?","R","BOSS"],"items_purchased_type":["Card"],"build_version":"2020-12-22","purchased_purges":0,"victory":false,"max_hp_per_floor":[75,75,75,75,75,75,75,75,75,75,75,75,75,75,75,75,75,75,75,75,75,75,75,75,75,75,75,75,75,75,75,75,75,75],"card_choices":[{"not_picked":["Steam","Scrape"],"picked":"Leap","floor":1},{"not_picked":["Conserve Battery","Rebound"],"picked":"Ball Lightning","floor":2},{"not_picked":["Recycle","BootSequence"],"picked":"Barrage","floor":5},{"not_picked":["Storm","BootSequence"],"picked":"Double Energy","floor":6},{"not_picked":["Cold Snap","Genetic Algorithm"],"picked":"Storm","floor":8},{"not_picked":["Heatsinks","Coolheaded"],"picked":"Rainbow","floor":10},{"not_picked":["Ball Lightning","Streamline"],"picked":"Leap","floor":11},{"not_picked":["Blizzard","Chill","Coolheaded"],"picked":"SKIP","floor":14},{"not_picked":["Seek","Amplify"],"picked":"Reboot","floor":16},{"not_picked":["Coolheaded+1","FTL"],"picked":"Capacitor","floor":18},{"not_picked":["Darkness","Beam Cell"],"picked":"Skim","floor":22},{"not_picked":["Hologram","Auto Shields"],"picked":"Compile Driver+1","floor":28},{"not_picked":["Gash+1","Beam Cell+1"],"picked":"Redo+1","floor":30}],"player_experience":21835,"relics_obtained":[{"floor":4,"key":"Torii"},{"floor":9,"key":"Pantograph"},{"floor":10,"key":"Juzu Bracelet"},{"floor":24,"key":"Necronomicon"},{"floor":26,"key":"Molten Egg 2"}],"event_choices":[{"damage_healed":0,"gold_gain":0,"player_choice":"Relic","damage_taken":0,"max_hp_gain":0,"max_hp_loss":0,"event_name":"Wheel of Change","floor":4,"gold_loss":0},{"damage_healed":0,"gold_gain":0,"player_choice":"Ignored","damage_taken":0,"max_hp_gain":0,"max_hp_loss":0,"event_name":"Liars Game","floor":12,"gold_loss":0},{"cards_removed":["Defend_B"],"damage_healed":0,"gold_gain":0,"player_choice":"Card Removal","damage_taken":7,"max_hp_gain":0,"max_hp_loss":0,"event_name":"Golden Wing","floor":13,"gold_loss":0},{"damage_healed":0,"gold_gain":0,"player_choice":"Obtained Relic","damage_taken":0,"relics_obtained":["Meat on the Bone"],"max_hp_gain":0,"max_hp_loss":0,"event_name":"Addict","floor":19,"gold_loss":85},{"damage_healed":0,"gold_gain":99,"player_choice":"Stole From Cult","damage_taken":0,"max_hp_gain":0,"max_hp_loss":0,"event_name":"Nest","floor":20,"gold_loss":0},{"damage_healed":0,"gold_gain":0,"player_choice":"Upgraded","damage_taken":0,"max_hp_gain":0,"max_hp_loss":0,"event_name":"Upgrade Shrine","floor":21,"gold_loss":0,"cards_upgraded":["Zap"]},{"damage_healed":0,"gold_gain":0,"player_choice":"Obtained Book","damage_taken":16,"max_hp_gain":0,"max_hp_loss":0,"event_name":"Cursed Tome","floor":24,"gold_loss":0},{"damage_healed":0,"gold_gain":0,"player_choice":"Opened","damage_taken":0,"relics_obtained":["Ancient Tea Set"],"max_hp_gain":0,"max_hp_loss":0,"event_name":"The Mausoleum","floor":27,"gold_loss":0},{"damage_healed":0,"gold_gain":0,"player_choice":"Damaged","damage_taken":7,"max_hp_gain":0,"max_hp_loss":0,"event_name":"Wheel of Change","floor":29,"gold_loss":0},{"damage_healed":25,"gold_gain":0,"player_choice":"Heal","damage_taken":0,"max_hp_gain":0,"max_hp_loss":0,"event_name":"The Library","floor":31,"gold_loss":0}],"is_beta":false,"boss_relics":[{"not_picked":["Cursed Key","Runic Dome"],"picked":"FrozenCore"}],"items_purged_floors":[],"is_endless":false,"potions_floor_spawned":[10,11,14,16,28,30],"killed_by":"Automaton","ascension_level":0}}