{"host":"thin","time":1611137265,"event":{"mods":["BaseMod","Colored Powertips","Minty Spire (QoL Compilation)","Replay The Spire","Shop Mod","StSLib","The Bug Knight"],"gold_per_floor":[368,368,543,543,554,554,583,583,583,583,598,86,119,145,145,259,259,284,24,24,55,82,86,86],"floor_reached":23,"language":"ZHS","playtime":579,"items_purged":["Doubt"],"score":355,"play_id":"fd133639-f235-4a25-94e4-91c4bb2b5bed","local_time":"20210120180745","is_ascension_mode":true,"campfire_choices":[{"data":"HollowMod:DesolateDive","floor":6,"key":"SMITH"},{"data":"HollowMod:AwokenDreamNail","floor":8,"key":"SMITH"},{"floor":10,"key":"REST"},{"floor":15,"key":"DIG"}],"circlet_count":0,"master_deck":["AscendersBane","HollowMod:NailStrikeStart","HollowMod:NailStrikeStart","HollowMod:NailStrikeStart","HollowMod:NailStrikeStart","HollowMod:QuickDashStart","HollowMod:QuickDashStart","HollowMod:QuickDashStart","HollowMod:QuickDashStart","HollowMod:FocusHealStart","HollowMod:PogoStrike","Clumsy","HollowMod:DesolateDive+1","HollowMod:CornifersMapStart","HollowMod:AwokenDreamNail+1","HollowMod:MantisMark","HollowMod:SoulEater+1","HollowMod:SlysStrikes+1","CurseOfTheBell","HollowMod:DreamGate"],"relics":["HollowMod:VesselMask","Shuriken","Ring of Searing","MealTicket","Frozen Egg 2","OrangePellets","Happy Flower","Replay:Bandana","Bag of Marbles","Calling Bell","Oddly Smooth Stone","Ornamental Fan","Peace Pipe","Mercury Hourglass"],"acts_visited":["Exordium","TheCity"],"potions_floor_usage":[7],"damage_taken":[{"damage":5.0,"enemies":"Small Slimes","floor":1.0,"turns":3.0},{"damage":8,"enemies":"2 Louse","floor":5,"turns":3},{"damage":20,"enemies":"Lagavulin","floor":7,"turns":5},{"damage":9,"enemies":"Jaw Worm","floor":11,"turns":3},{"damage":14,"enemies":"HollowMod:MossKnight","floor":13,"turns":3},{"damage":13,"enemies":"Exordium Thugs","floor":14,"turns":3},{"damage":13,"enemies":"Fading Forest","floor":16,"turns":11},{"damage":13,"enemies":"Chosen","floor":18,"turns":3},{"damage":24,"enemies":"Shell Parasite","floor":21,"turns":3},{"damage":62,"enemies":"Shelled Parasite and Fungi","floor":23,"turns":4}],"seed_played":"2524233885638515822","potions_obtained":[{"floor":1.0,"key":"Strength Potion"},{"floor":7,"key":"Dexterity Potion"}],"is_trial":false,"path_per_floor":["M","?","?","?","M","R","E","R","T","R","M","$","E","M","R","B",null,"M","$","?","M","T","M"],"character_chosen":"THE_BUGKNIGHT","items_purchased":["HollowMod:MantisMark","OrangePellets","Happy Flower","HollowMod:SoulEater+1","Mercury Hourglass"],"campfire_rested":1,"item_purchase_floors":[12,12,12,12,19],"current_hp_per_floor":[69,62,62,62,54,54,34,34,34,56,53,68,54,41,41,46,68,55,70,70,46,46,0,0],"gold":86,"neow_bonus":"TWO_FIFTY_GOLD","is_daily":false,"chose_seed":false,"campfire_upgraded":2,"win_rate":0.0,"timestamp":1611137265,"path_taken":["M","?","?","?","M","R","E","R","T","R","M","$","E","M","R","BOSS","M","$","?","M","?","M"],"items_purchased_type":["Card","Relic","Relic","Card","Relic"],"build_version":"2020-12-18","purchased_purges":1,"victory":false,"max_hp_per_floor":[75,75,75,75,75,75,75,75,75,75,75,75,75,75,75,75,75,75,75,75,75,75,75,75],"card_choices":[{"not_picked":["HollowMod:BrokenVessel","HollowMod:ShadowDash"],"picked":"HollowMod:DesolateDive","floor":1.0},{"not_picked":["HollowMod:NewJinnsSoul","HollowMod:InfectedCysts"],"picked":"HollowMod:CornifersMapStart","floor":5},{"not_picked":["HollowMod:LifebloodCocoon","HollowMod:DesolateDive"],"picked":"HollowMod:AwokenDreamNail","floor":7},{"not_picked":["HollowMod:WraithStrike","HollowMod:HeavyBlow","HollowMod:MawleksShell"],"picked":"SKIP","floor":11},{"not_picked":["HollowMod:CycloneSlash","HollowMod:InfectedAttack","HollowMod:DashSlash"],"picked":"SKIP","floor":13},{"not_picked":["HollowMod:WraithStrike","HollowMod:CoiledNail","HollowMod:ShadowDash"],"picked":"SKIP","floor":14},{"not_picked":["HollowMod:LifebloodCore","HollowMod:LordofShades+1"],"picked":"HollowMod:SlysStrikes+1","floor":16},{"not_picked":["HollowMod:InfectionAssault","HollowMod:GoodIntentions"],"picked":"HollowMod:DreamGate","floor":18},{"not_picked":["HollowMod:NewJinnsSoul","HollowMod:DoubleDash","HollowMod:SiblingsShadow"],"picked":"SKIP","floor":21}],"player_experience":959315,"relics_obtained":[{"floor":4,"key":"Ring of Searing"},{"floor":7,"key":"MealTicket"},{"floor":9,"key":"Frozen Egg 2"},{"floor":13,"key":"Replay:Bandana"},{"floor":15,"key":"Bag of Marbles"},{"floor":17,"key":"Oddly Smooth Stone"},{"floor":17,"key":"Ornamental Fan"},{"floor":17,"key":"Peace Pipe"}],"event_choices":[{"damage_healed":0.0,"max_hp_gain":0.0,"max_hp_loss":0.0,"gold_gain":0.0,"event_name":"Scrap Ooze","player_choice":"Success","floor":2.0,"gold_loss":0.0,"damage_taken":7.0,"relics_obtained":["Shuriken"]},{"damage_healed":0.0,"max_hp_gain":0.0,"max_hp_loss":0.0,"gold_gain":175.0,"event_name":"Liars Game","player_choice":"AGREE","floor":3.0,"gold_loss":0.0,"damage_taken":0.0,"cards_obtained":["Doubt"]},{"damage_healed":0,"gold_gain":0,"player_choice":"Ignored","damage_taken":0,"max_hp_gain":0,"max_hp_loss":0,"event_name":"Ghosts","floor":20,"gold_loss":0}],"is_beta":true,"boss_relics":[{"not_picked":["Snecko Heart","Cursed Key"],"picked":"Calling Bell"}],"items_purged_floors":[12],"is_endless":false,"potions_floor_spawned":[1,7],"killed_by":"Shelled Parasite and Fungi","ascension_level":12}}