{"host":"j4g6ia6asvpyu2b0","time":1611154609,"event":{"mods":["BaseMod","Colored Map","Minty Spire (QoL Compilation)","Permanent Neow","Quick Restart","Relic Stats","StSLib","Unceasing Turn Reminder"],"gold_per_floor":[118,118,118,118,32,67,67,103,129,149,167,167,49,83,83,173,173,188,188,203,227,227,227,268,268,318,339,355,11,101,435,435,435,435],"floor_reached":33,"language":"ENG","playtime":584,"items_purged":["Strike_G"],"score":579,"play_id":"81ce5233-bfaf-4cfb-8462-023121fb3d0e","local_time":"20210120075649","is_ascension_mode":true,"campfire_choices":[{"floor":7.0,"key":"REST"},{"data":"Terror","floor":12.0,"key":"SMITH"},{"data":"Footwork","floor":15.0,"key":"SMITH"},{"data":"Dagger Spray","floor":23,"key":"SMITH"},{"data":"Backstab","floor":25,"key":"SMITH"},{"data":"Catalyst","floor":32,"key":"SMITH"}],"circlet_count":0,"master_deck":["AscendersBane","Strike_G","Strike_G","Strike_G","Strike_G","Defend_G","Defend_G","Defend_G","Defend_G+1","Defend_G","Survivor","Neutralize+1","Poisoned Stab","Poisoned Stab","Backstab+1","PiercingWail","Dagger Throw","Cloak And Dagger","Dagger Spray+1","Terror+1","Footwork+1","Quick Slash","Escape Plan","Die Die Die","Poisoned Stab","Writhe","Bane","PiercingWail+1","Dagger Spray","Catalyst+1","Backflip","Tools of the Trade","Sucker Punch"],"relics":["Ring of the Snake","Bag of Marbles","Golden Idol","StrikeDummy","Dream Catcher","Pen Nib","Vajra","Oddly Smooth Stone","Busted Crown","Boot","MutagenicStrength","Anchor","Akabeko","Sling","Old Coin"],"acts_visited":["Exordium","TheCity"],"potions_floor_usage":[31,33],"damage_taken":[{"damage":0.0,"enemies":"Cultist","floor":1.0,"turns":3.0},{"damage":17.0,"enemies":"Lagavulin","floor":6.0,"turns":6.0},{"damage":0.0,"enemies":"Gremlin Nob","floor":8.0,"turns":2.0},{"damage":0.0,"enemies":"2 Louse","floor":10.0,"turns":1.0},{"damage":0.0,"enemies":"Jaw Worm","floor":11.0,"turns":1.0},{"damage":9.0,"enemies":"3 Sentries","floor":14.0,"turns":6.0},{"damage":10.0,"enemies":"Hexaghost","floor":16.0,"turns":8.0},{"damage":0.0,"enemies":"Chosen","floor":18.0,"turns":2.0},{"damage":0,"enemies":"Spheric Guardian","floor":20,"turns":2},{"damage":0,"enemies":"Centurion and Healer","floor":21,"turns":4},{"damage":23,"enemies":"Book of Stabbing","floor":24,"turns":3},{"damage":0,"enemies":"Snake Plant","floor":27,"turns":1},{"damage":0,"enemies":"Cultist and Chosen","floor":28,"turns":1},{"damage":0,"enemies":"Gremlin Leader","floor":31,"turns":3},{"damage":18,"enemies":"Champ","floor":33,"turns":3}],"seed_played":"2647231569598713369","potions_obtained":[{"floor":6.0,"key":"BlessingOfTheForge"},{"floor":10.0,"key":"LiquidMemories"},{"floor":16.0,"key":"ColorlessPotion"},{"floor":24,"key":"CunningPotion"},{"floor":31,"key":"FearPotion"}],"is_trial":false,"path_per_floor":["M","?","?","?","$","E","R","E","T","M","M","R","$","E","R","B",null,"M","?","M","M","?","R","E","R","T","M","M","$","?","E","R","B"],"character_chosen":"THE_SILENT","items_purchased":["Poisoned Stab","Backstab","Footwork","Quick Slash","Backflip","Tools of the Trade","Sling"],"campfire_rested":1,"item_purchase_floors":[5,5,13,13,29,29,29],"current_hp_per_floor":[63,49,49,31,31,14,33,33,33,33,33,33,33,24,24,14,52,52,52,52,52,52,52,29,29,29,29,29,29,17,17,17,0,0],"gold":435,"neow_bonus":"RANDOM_COMMON_RELIC","is_daily":false,"chose_seed":false,"campfire_upgraded":5,"win_rate":0.0,"timestamp":1611154609,"path_taken":["M","?","?","?","?","E","R","E","T","M","M","R","$","E","R","BOSS","M","?","M","M","?","R","E","R","T","M","M","$","?","E","R","BOSS"],"items_purchased_type":["Card","Card","Card","Card","Card","Card","Relic"],"build_version":"2020-12-22","purchased_purges":1,"victory":false,"max_hp_per_floor":[70,70,65,65,65,65,65,65,65,65,65,65,65,65,65,65,65,65,65,65,65,65,65,65,65,65,65,65,65,65,65,65,65,65],"relic_stats":{"Dream Catcher":1,"Busted Crown":14,"counters":[15,46],"Golden Idol":80,"Pen Nib":[9],"Boot":[0],"obtain_stats":[{"Golden Idol":3,"Vajra":9,"Oddly Smooth Stone":14,"Pen Nib":8,"Boot":19,"Sling":29,"Akabeko":26,"Old Coin":31,"Dream Catcher":6,"Anchor":24,"Busted Crown":17,"MutagenicStrength":22,"Bag of Marbles":0,"StrikeDummy":4,"Ring of the Snake":0},{"Golden Idol":1,"Vajra":3,"Oddly Smooth Stone":6,"Pen Nib":3,"Boot":8,"Sling":13,"Akabeko":11,"Old Coin":14,"Dream Catcher":2,"Anchor":11,"Busted Crown":7,"MutagenicStrength":10,"Bag of Marbles":0,"StrikeDummy":1,"Ring of the Snake":0},{"Golden Idol":3,"Vajra":11,"Oddly Smooth Stone":19,"Pen Nib":11,"Boot":29,"Sling":40,"Akabeko":38,"Old Coin":43,"Dream Catcher":9,"Anchor":38,"Busted Crown":27,"MutagenicStrength":35,"Bag of Marbles":0,"StrikeDummy":3,"Ring of the Snake":0}],"Ring of the Snake":[30]},"card_choices":[{"not_picked":["Deadly Poison","Prepared"],"picked":"Poisoned Stab","floor":1.0},{"not_picked":["Tactician","Acrobatics"],"picked":"PiercingWail","floor":6.0},{"not_picked":["Acrobatics","Quick Slash"],"picked":"Dagger Throw","floor":7.0},{"not_picked":["Outmaneuver","Heel Hook"],"picked":"Cloak And Dagger","floor":8.0},{"not_picked":["Underhanded Strike","All Out Attack"],"picked":"Dagger Spray","floor":10.0},{"not_picked":["Choke","Finisher"],"picked":"Terror","floor":11.0},{"not_picked":["Finisher","Bullet Time"],"picked":"Escape Plan","floor":14.0},{"not_picked":["Wraith Form v2","Bullet Time"],"picked":"Die Die Die","floor":16.0},{"not_picked":[],"picked":"Poisoned Stab","floor":18.0},{"not_picked":[],"picked":"Bane","floor":20},{"not_picked":[],"picked":"PiercingWail+1","floor":21},{"not_picked":[],"picked":"Dagger Spray","floor":24},{"not_picked":[],"picked":"Catalyst","floor":27},{"not_picked":["Outmaneuver"],"picked":"SKIP","floor":28},{"not_picked":[],"picked":"Sucker Punch","floor":31}],"player_experience":887121,"relics_obtained":[{"floor":6.0,"key":"Dream Catcher"},{"floor":8.0,"key":"Pen Nib"},{"floor":9.0,"key":"Vajra"},{"floor":14.0,"key":"Oddly Smooth Stone"},{"floor":24,"key":"Anchor"},{"floor":26,"key":"Akabeko"},{"floor":31,"key":"Old Coin"}],"event_choices":[{"damage_healed":0.0,"max_hp_gain":0.0,"max_hp_loss":0.0,"gold_gain":0.0,"event_name":"Shining Light","player_choice":"Entered Light","floor":2.0,"gold_loss":0.0,"damage_taken":14.0,"cards_upgraded":["Defend_G","Neutralize"]},{"damage_healed":0.0,"max_hp_gain":0.0,"max_hp_loss":5.0,"gold_gain":0.0,"event_name":"Golden Idol","player_choice":"Lose Max HP","floor":3.0,"gold_loss":0.0,"damage_taken":0.0,"relics_obtained":["Golden Idol"]},{"damage_healed":0.0,"max_hp_gain":0.0,"max_hp_loss":0.0,"gold_gain":0.0,"event_name":"Scrap Ooze","player_choice":"Success","floor":4.0,"gold_loss":0.0,"damage_taken":18.0,"relics_obtained":["StrikeDummy"]},{"damage_healed":0.0,"max_hp_gain":0.0,"max_hp_loss":0.0,"gold_gain":0.0,"event_name":"The Mausoleum","player_choice":"Opened","floor":19.0,"gold_loss":0.0,"damage_taken":0.0,"relics_obtained":["Boot"],"cards_obtained":["Writhe"]},{"damage_healed":0,"gold_gain":0,"player_choice":"Inject Mutagens","damage_taken":0,"relics_obtained":["MutagenicStrength"],"max_hp_gain":0,"max_hp_loss":0,"event_name":"Drug Dealer","floor":22,"gold_loss":0},{"damage_healed":0,"gold_gain":90,"player_choice":"GOLD ","damage_taken":12,"max_hp_gain":0,"max_hp_loss":0,"event_name":"Knowing Skull","floor":30,"potions_obtained":[],"gold_loss":0,"cards_obtained":[]}],"is_beta":false,"boss_relics":[{"not_picked":["Runic Dome","SlaversCollar"],"picked":"Busted Crown"}],"items_purged_floors":[29],"is_endless":false,"potions_floor_spawned":[6,10,16,24,28,31],"killed_by":"Champ","ascension_level":13}}