{"host":"fxrgx7wt2cpkbhka","time":1611125353,"event":{"mods":["AchievementEnabler","BaseMod","Colored Powertips","Minty Spire (QoL Compilation)","Permanent Neow","Slay-I","StSLib","Waifu the Spire"],"gold_per_floor":[110,110,120,120,120,120,138,138,165,18,48,66,85,96,96,200,200,223,246,272,103,103,103,103,103,103,103,113,127,138,147,147,147,147],"floor_reached":33,"language":"ENG","playtime":833,"items_purged":[],"score":422,"play_id":"9162d609-4d52-40b1-8707-98f31e1cf132","local_time":"20210119224913","is_ascension_mode":true,"campfire_choices":[{"data":"A Thousand Cuts","floor":6,"key":"SMITH"},{"data":"Terror","floor":8,"key":"SMITH"},{"data":"Blade Dance","floor":15,"key":"SMITH"},{"floor":23,"key":"DIG"},{"data":"Blade Dance","floor":25,"key":"SMITH"},{"data":"Blade Dance","floor":27,"key":"SMITH"},{"floor":32,"key":"DIG"}],"circlet_count":0,"master_deck":["Strike_G","Strike_G","Strike_G","Strike_G","Strike_G","Defend_G","Defend_G","Defend_G","Defend_G","Defend_G","Survivor","Neutralize","A Thousand Cuts+1","Terror+1","Backstab","Finisher","Finisher","Blade Dance+1","Poisoned Stab","Adrenaline","CurseOfTheBell","Blade Dance+1","Deadly Poison+1","Footwork","Blade Dance+1","Writhe"],"relics":["Ring of the Snake","Darkstone Periapt","Regal Pillow","Bronze Scales","Singing Bowl","Calling Bell","MawBank","Gremlin Horn","Shovel","Oddly Smooth Stone","MutagenicStrength","Centennial Puzzle","CeramicFish","Lantern"],"acts_visited":["Exordium","TheCity"],"potions_floor_usage":[],"damage_taken":[{"damage":6,"enemies":"2 Louse","floor":1,"turns":3},{"damage":4,"enemies":"Small Slimes","floor":3,"turns":5},{"damage":0,"enemies":"Cultist","floor":7,"turns":4},{"damage":0,"enemies":"Gremlin Nob","floor":11,"turns":2},{"damage":0,"enemies":"Looter","floor":12,"turns":1},{"damage":0,"enemies":"2 Fungi Beasts","floor":13,"turns":1},{"damage":0,"enemies":"Exordium Wildlife","floor":14,"turns":2},{"damage":35,"enemies":"Hexaghost","floor":16,"turns":6},{"damage":4,"enemies":"3 Byrds","floor":18,"turns":4},{"damage":0,"enemies":"Shell Parasite","floor":19,"turns":1},{"damage":7,"enemies":"Shelled Parasite and Fungi","floor":20,"turns":4},{"damage":0,"enemies":"3 Cultists","floor":28,"turns":2},{"damage":0,"enemies":"Snecko","floor":29,"turns":2},{"damage":9,"enemies":"Centurion and Healer","floor":30,"turns":3},{"damage":125,"enemies":"Champ","floor":33,"turns":7}],"seed_played":"-3304014543785877750","potions_obtained":[{"floor":5,"key":"FairyPotion"},{"floor":5,"key":"SteroidPotion"},{"floor":5,"key":"DuplicationPotion"}],"is_trial":false,"path_per_floor":["M","?","M","?","?","R","M","R","T","$","E","M","M","M","R","B",null,"M","M","M","$","?","R","?","R","T","R","M","M","M","?","R","B"],"character_chosen":"THE_SILENT","items_purchased":["Bronze Scales","Oddly Smooth Stone","Footwork"],"campfire_rested":0,"item_purchase_floors":[10,21,21],"current_hp_per_floor":[57,62,58,55,55,55,55,55,55,55,55,55,55,57,57,22,69,65,65,60,60,60,60,60,60,60,60,62,64,57,63,63,0,0],"gold":147,"neow_bonus":"ONE_RANDOM_RARE_CARD","is_daily":false,"chose_seed":false,"campfire_upgraded":5,"win_rate":0.0,"timestamp":1611125353,"path_taken":["M","?","M","?","?","R","M","R","T","$","E","M","M","M","R","BOSS","M","?","M","$","?","R","?","R","T","R","M","M","M","?","R","BOSS"],"items_purchased_type":["Relic","Relic","Card"],"build_version":"2020-12-22","purchased_purges":0,"victory":false,"max_hp_per_floor":[70,75,75,75,75,75,75,75,75,75,75,75,75,77,77,77,83,83,83,85,85,85,85,85,85,85,85,87,89,91,97,97,97,97],"card_choices":[{"not_picked":["Outmaneuver","Masterful Stab"],"picked":"Terror","floor":1},{"not_picked":["Slice","Choke"],"picked":"Backstab","floor":3},{"not_picked":["Acrobatics","Deflect"],"picked":"Finisher","floor":7},{"not_picked":["Heel Hook","Flechettes"],"picked":"Finisher","floor":11},{"not_picked":["Underhanded Strike","Slice"],"picked":"Blade Dance","floor":12},{"not_picked":["Calculated Gamble","Expertise"],"picked":"Poisoned Stab","floor":13},{"not_picked":["Backflip","Slice","Bouncing Flask"],"picked":"Singing Bowl","floor":14},{"not_picked":["Bullet Time","Envenom"],"picked":"Adrenaline","floor":16},{"not_picked":["Distraction","Sucker Punch+1"],"picked":"Blade Dance","floor":18},{"not_picked":["Finisher","Glass Knife"],"picked":"Deadly Poison+1","floor":19},{"not_picked":["Prepared","Bane","Quick Slash"],"picked":"Singing Bowl","floor":20},{"not_picked":["Deflect","Quick Slash","Bane"],"picked":"Singing Bowl","floor":28},{"not_picked":["PiercingWail","Reflex+1","Outmaneuver"],"picked":"Singing Bowl","floor":29},{"not_picked":["PiercingWail+1","Bane","Deadly Poison"],"picked":"Singing Bowl","floor":30}],"player_experience":716660,"relics_obtained":[{"floor":9,"key":"Regal Pillow"},{"floor":11,"key":"Singing Bowl"},{"floor":17,"key":"MawBank"},{"floor":17,"key":"Gremlin Horn"},{"floor":17,"key":"Shovel"},{"floor":23,"key":"Centennial Puzzle"},{"floor":32,"key":"Lantern"}],"event_choices":[{"damage_healed":0,"gold_gain":0,"player_choice":"Donut","damage_taken":0,"max_hp_gain":5,"max_hp_loss":0,"event_name":"Big Fish","floor":2,"gold_loss":0},{"damage_healed":0,"gold_gain":0,"player_choice":"Success","damage_taken":3,"relics_obtained":["Darkstone Periapt"],"max_hp_gain":0,"max_hp_loss":0,"event_name":"Scrap Ooze","floor":4,"gold_loss":0},{"damage_healed":0,"gold_gain":0,"player_choice":"Got Potions","damage_taken":0,"max_hp_gain":0,"max_hp_loss":0,"event_name":"Lab","floor":5,"gold_loss":0},{"damage_healed":0,"gold_gain":0,"player_choice":"Inject Mutagens","damage_taken":0,"relics_obtained":["MutagenicStrength"],"max_hp_gain":0,"max_hp_loss":0,"event_name":"Drug Dealer","floor":22,"gold_loss":0},{"damage_healed":0,"gold_gain":0,"player_choice":"Read","damage_taken":0,"max_hp_gain":0,"max_hp_loss":0,"event_name":"The Library","floor":24,"gold_loss":0,"cards_obtained":["Blade Dance"]},{"damage_healed":0,"gold_gain":0,"player_choice":"Opened","damage_taken":0,"relics_obtained":["CeramicFish"],"max_hp_gain":0,"max_hp_loss":0,"event_name":"The Mausoleum","floor":31,"gold_loss":0,"cards_obtained":["Writhe"]}],"is_beta":false,"boss_relics":[{"not_picked":["Tiny House","Pandora\u0027s Box"],"picked":"Calling Bell"}],"items_purged_floors":[],"is_endless":false,"potions_floor_spawned":[11,12,16,19,20,28],"killed_by":"Champ","ascension_level":9}}