{"host":"obplhmlw33xb91v8","time":1611111816,"event":{"mods":["BaseMod","Block Reminder","Curses Come First","Dio Mod","Evolution","Friendly Minions","HololiveMod","Koishi","Minty Spire (QoL Compilation)","Quick Restart","Relic Stats","Shop Mod","Spicy Shops","StSLib","The IronCluck","The Servant 0.9.4","Uncapped","Waifu the Spire","Yakumo Yukari mod","Yohane!","Youmu??????","Yuyuko","egg"],"gold_per_floor":[83,10,38,58,58,98,98,139,191,219,143,143,157,193,193,298,298,312,332,332,68,108,140,140,175,222,69,89,17,17,360,360,530,530,547,16,76,38,98,138,151,151,151,198,198,198,198,218,218,218,30,83,103],"floor_reached":54,"language":"ENG","playtime":2448,"items_purged":["Pain"],"score":1854,"play_id":"d390c01f-05db-4e5e-b413-0b3a192ad180","local_time":"20210119220336","is_ascension_mode":true,"campfire_choices":[{"data":"Apotheosis","floor":7,"key":"SMITH"},{"data":"Hololive_CallSpadeEcho","floor":12,"key":"SMITH"},{"data":"Hololive_SummonFox","floor":15,"key":"SMITH"},{"floor":30,"key":"RECALL"},{"data":"Hololive_CallUruhaRushia","floor":32,"key":"SMITH"},{"floor":42,"key":"REST"},{"floor":46,"key":"REST"},{"data":"Hololive_StrengthChampion","floor":50,"key":"SMITH"}],"circlet_count":0,"master_deck":["Hololive_StrengthChampion+1","Hololive_Defend","Hololive_CocoNews","Hololive_CallSpadeEcho+1","Hololive_CallShiranuiFlare","Hololive_CallMurasakiShion","Hololive_CallOkamiMio","Hololive_CallNekomataOkayu","Apotheosis+1","Hololive_RevenueBasedLive","Hololive_CallArtia","Hololive_CallUruhaRushia","Hololive_CallKiryuuCoco","Hololive_SummonFox+1","Hololive_CallShirakamiFubuki","Hololive_CallAZKi","Hololive_ILoveYou","Hololive_WolfAndLamb","Hololive_CallUruhaRushia","Hololive_RevenueBasedLive","Hololive_Drill+1","Hololive_Recruit","Hololive_CallUruhaRushia+1","Hololive_OvertimeWork+1","Hololive_RevenueBasedLive+1","Hololive_CallHimemoriLuna","Hololive_Spy","Hololive_CallDoris","Hololive_WolfAndLamb","Hololive_ScarfAndHalo+1","Hololive_CallKiryuuCoco+1","Hololive_CallManoAloe","Hololive_CallNatsuiroMatsuri","Hololive_FlyingPonyTail+1","Hololive_FlyingPonyTail","Hololive_CallYukihanaLamy+1","Hololive_Psychosis+1","Hololive_Thief","Hololive_RevenueBasedLive+1","Hololive_CallYozoraMel","Hololive_FlyingPonyTail+1"],"relics":["Hololive_TheStar","EVO:Axolotl","Molten Egg 2","Bag of Marbles","Boot","Centennial Puzzle","Busted Crown","Medical Kit","Girya","Dream Catcher","Strange Spoon","Old Coin","Runic Pyramid","Calipers","Membership Card","Torii","Juzu Bracelet","Ornamental Fan","Sling","Prayer Wheel","Kunai","Sundial","Anchor","White Beast Statue","Blood Vial"],"acts_visited":["Exordium","TheCity","TheBeyond","TheEnding"],"potions_floor_usage":[31,31,39,41,51,52,53,53],"damage_taken":[{"damage":0,"enemies":"Jaw Worm","floor":1,"turns":4},{"damage":0,"enemies":"Cultist","floor":3,"turns":3},{"damage":0,"enemies":"Small Slimes","floor":4,"turns":4},{"damage":0,"enemies":"Lagavulin","floor":6,"turns":5},{"damage":0,"enemies":"Gremlin Nob","floor":8,"turns":4},{"damage":5,"enemies":"Exordium Wildlife","floor":10,"turns":3},{"damage":0,"enemies":"Blue Slaver","floor":13,"turns":2},{"damage":0,"enemies":"3 Sentries","floor":14,"turns":3},{"damage":0,"enemies":"The Guardian","floor":16,"turns":5},{"damage":0,"enemies":"Shell Parasite","floor":18,"turns":3},{"damage":0,"enemies":"3 Byrds","floor":19,"turns":3},{"damage":0,"enemies":"Cultist and Chosen","floor":22,"turns":4},{"damage":0,"enemies":"Book of Stabbing","floor":23,"turns":3},{"damage":0,"enemies":"Snake Plant","floor":25,"turns":3},{"damage":0,"enemies":"Snecko","floor":28,"turns":3},{"damage":16,"enemies":"Slavers","floor":31,"turns":3},{"damage":0,"enemies":"Automaton","floor":33,"turns":8},{"damage":12,"enemies":"Orb Walker","floor":35,"turns":3},{"damage":0,"enemies":"3 Darklings","floor":37,"turns":4},{"damage":20,"enemies":"2 Orb Walkers","floor":39,"turns":5},{"damage":0,"enemies":"Nemesis","floor":40,"turns":4},{"damage":0,"enemies":"Writhing Mass","floor":41,"turns":4},{"damage":1,"enemies":"Giant Head","floor":44,"turns":7},{"damage":0,"enemies":"Jotaro","floor":48,"turns":8},{"damage":6,"enemies":"Shield and Spear","floor":52,"turns":5},{"damage":46,"enemies":"The Heart","floor":53,"turns":11}],"seed_played":"-302426200043215259","potions_obtained":[{"floor":4,"key":"Regen Potion"},{"floor":6,"key":"SteroidPotion"},{"floor":8,"key":"Regen Potion"},{"floor":33,"key":"BlessingOfTheForge"},{"floor":39,"key":"SteroidPotion"},{"floor":41,"key":"GamblersBrew"},{"floor":52,"key":"Energy Potion"}],"is_trial":false,"path_per_floor":["M","$","M","M","?","E","R","E","T","M","$","R","M","E","R","B",null,"M","M","?","$","M","E","?","M","T","$","M","$","R","E","R","B",null,"M","$","M","$","?","E","M","R","T","E","T","R","?","B",null,"R","$","E","B",null],"character_chosen":"Hololive_HololiveCharacter","items_purchased":["Hololive_CallArtia","Hololive_CallShirakamiFubuki","Medical Kit","Hololive_CallUruhaRushia","Hololive_CallHimemoriLuna","Hololive_Spy","Strange Spoon","Calipers","Membership Card","Torii","Juzu Bracelet","Ornamental Fan","Sling","White Beast Statue","Fruit Juice","Hololive_CallYozoraMel","Block Potion"],"campfire_rested":2,"item_purchase_floors":[2,11,21,21,27,27,29,36,36,36,36,36,38,51,51,51,51],"current_hp_per_floor":[26,26,26,26,45,45,45,45,45,40,40,40,40,40,40,40,45,45,45,45,45,45,45,45,45,45,45,45,45,45,39,39,39,45,33,33,33,33,13,13,13,26,26,25,25,38,38,38,45,45,50,44,4],"gold":103,"neow_bonus":"RANDOM_COLORLESS_2","is_daily":false,"chose_seed":false,"campfire_upgraded":5,"win_rate":0.0,"timestamp":1611111816,"path_taken":["M","$","M","M","?","E","R","E","T","?","$","R","M","E","R","BOSS","M","M","?","$","M","E","?","M","T","$","M","?","R","E","R","BOSS","M","$","M","$","?","E","M","R","T","E","?","R","?","BOSS","R","$","E","BOSS"],"items_purchased_type":["Card","Card","Relic","Card","Card","Card","Relic","Relic","Relic","Relic","Relic","Relic","Relic","Relic","Potion","Card","Potion"],"build_version":"2020-12-22","purchased_purges":1,"victory":true,"max_hp_per_floor":[35,35,35,35,45,45,45,45,45,45,45,45,45,45,45,45,45,45,45,45,45,45,45,45,45,45,45,45,45,45,45,45,45,45,45,45,45,45,45,45,45,45,45,45,45,45,45,45,45,45,50,50,50],"relic_stats":{"Torii":4,"counters":[26,114],"Juzu Bracelet":0,"Boot":[431],"Medical Kit":[7],"Blood Vial":2,"Strange Spoon":[50],"Centennial Puzzle":[18],"Dream Catcher":2,"Busted Crown":36,"Ornamental Fan":[8],"Sundial":[0],"Prayer Wheel":1,"Kunai":[2],"obtain_stats":[{"Calipers":36,"Torii":36,"Juzu Bracelet":36,"EVO:Axolotl":0,"Boot":9,"Sling":38,"Old Coin":31,"Blood Vial":52,"Centennial Puzzle":14,"Dream Catcher":26,"Sundial":44,"Prayer Wheel":39,"Kunai":40,"Runic Pyramid":34,"Girya":23,"Medical Kit":21,"White Beast Statue":51,"Strange Spoon":29,"Anchor":45,"Busted Crown":17,"Ornamental Fan":36,"Hololive_TheStar":0,"Molten Egg 2":6,"Bag of Marbles":8,"Membership Card":36},{"Calipers":18,"Torii":18,"Juzu Bracelet":18,"EVO:Axolotl":0,"Boot":5,"Sling":19,"Old Coin":16,"Blood Vial":25,"Centennial Puzzle":8,"Dream Catcher":14,"Sundial":23,"Prayer Wheel":20,"Kunai":21,"Runic Pyramid":17,"Girya":13,"Medical Kit":11,"White Beast Statue":24,"Strange Spoon":15,"Anchor":23,"Busted Crown":9,"Ornamental Fan":18,"Hololive_TheStar":0,"Molten Egg 2":4,"Bag of Marbles":5,"Membership Card":18},{"Calipers":66,"Torii":66,"Juzu Bracelet":66,"EVO:Axolotl":0,"Boot":20,"Sling":70,"Old Coin":55,"Blood Vial":103,"Centennial Puzzle":28,"Dream Catcher":49,"Sundial":90,"Prayer Wheel":75,"Kunai":79,"Runic Pyramid":63,"Girya":46,"Medical Kit":39,"White Beast Statue":98,"Strange Spoon":52,"Anchor":90,"Busted Crown":33,"Ornamental Fan":66,"Hololive_TheStar":0,"Molten Egg 2":16,"Bag of Marbles":20,"Membership Card":66}]},"card_choices":[{"not_picked":["Sadistic Nature","Master of Strategy"],"picked":"Apotheosis","floor":0},{"not_picked":["Hololive_Psychosis","Hololive_CandyCastle","Hololive_HuntDinosaur"],"picked":"Hololive_RevenueBasedLive","floor":1},{"not_picked":["Hololive_Drill","Hololive_Sequa","Hololive_Rebound"],"picked":"Hololive_CallUruhaRushia","floor":3},{"not_picked":["Hololive_CallMomosuzuNene","Hololive_FlyingPonyTail","Hololive_Rebound"],"picked":"Hololive_DDD","floor":4},{"not_picked":["Hololive_Trident+1","Hololive_Breathe","Hololive_ManjiGathering+1"],"picked":"Hololive_CallKiryuuCoco","floor":6},{"not_picked":["Hololive_ASMR+1","Hololive_Breathe","Hololive_StrengthChampion+1"],"picked":"Hololive_SummonFox","floor":8},{"not_picked":["Hololive_OvertimeWork+1","Hololive_Drill+1","Hololive_HuntDinosaur","Hololive_CocoNews+1"],"picked":"SKIP","floor":10},{"not_picked":["Hololive_Sequa+1","Hololive_Breathe","Hololive_CocoNews+1"],"picked":"Hololive_CallAZKi","floor":13},{"not_picked":["Hololive_CallShiroganeNoel","Hololive_CallFriendA","Hololive_FlareMind"],"picked":"Hololive_ILoveYou","floor":14},{"not_picked":["Hololive_Recruit","Hololive_BeCareful","Hololive_AWSL"],"picked":"Hololive_WolfAndLamb","floor":16},{"not_picked":["Hololive_CocoNews+1"],"picked":"Hololive_CallUruhaRushia","floor":18},{"not_picked":["Hololive_HuntDinosaur"],"picked":"Hololive_RevenueBasedLive","floor":19},{"not_picked":["Hololive_LuckPotion"],"picked":"Hololive_OvertimeWork+1","floor":22},{"not_picked":["Hololive_CallAkiRosenthal+1"],"picked":"Hololive_RevenueBasedLive+1","floor":23},{"not_picked":["Hololive_Trident+1","Hololive_Rebound"],"picked":"SKIP","floor":25},{"not_picked":["Hololive_SummonFox+1"],"picked":"Hololive_CallDoris","floor":28},{"not_picked":["Hololive_ILoveYou+1"],"picked":"Hololive_WolfAndLamb","floor":31},{"not_picked":["Hololive_MaximGun+1"],"picked":"Hololive_ScarfAndHalo+1","floor":33},{"not_picked":["Hololive_OvertimeWork+1"],"picked":"Hololive_CallKiryuuCoco+1","floor":35},{"not_picked":["Hololive_LuckPotion"],"picked":"Hololive_CallManoAloe","floor":37},{"not_picked":["Hololive_Sequa+1"],"picked":"Hololive_CallNatsuiroMatsuri","floor":39},{"not_picked":["Hololive_OvertimeWork+1"],"picked":"Hololive_FlyingPonyTail+1","floor":40},{"not_picked":["Hololive_OvertimeWork+1"],"picked":"Hololive_FlyingPonyTail","floor":41},{"not_picked":["Hololive_CallMomosuzuNene"],"picked":"Hololive_CallYukihanaLamy+1","floor":41},{"not_picked":["Hololive_LuckPotion"],"picked":"Hololive_Psychosis+1","floor":42},{"not_picked":["Hololive_Sequa+1"],"picked":"Hololive_Thief","floor":44},{"not_picked":["Hololive_Breathe"],"picked":"Hololive_RevenueBasedLive+1","floor":46},{"not_picked":["Hololive_Psychosis+1"],"picked":"Hololive_FlyingPonyTail+1","floor":52}],"player_experience":231447,"relics_obtained":[{"floor":6,"key":"Molten Egg 2"},{"floor":8,"key":"Bag of Marbles"},{"floor":9,"key":"Boot"},{"floor":14,"key":"Centennial Puzzle"},{"floor":23,"key":"Girya"},{"floor":26,"key":"Dream Catcher"},{"floor":31,"key":"Old Coin"},{"floor":39,"key":"Prayer Wheel"},{"floor":40,"key":"Kunai"},{"floor":44,"key":"Sundial"},{"floor":45,"key":"Anchor"},{"floor":52,"key":"Blood Vial"}],"event_choices":[{"cards_removed":["Hololive_DDD"],"damage_healed":9,"gold_gain":0,"player_choice":"Offered Rare","damage_taken":0,"max_hp_gain":10,"max_hp_loss":0,"event_name":"Bonfire Elementals","floor":5,"gold_loss":0},{"damage_healed":0,"gold_gain":0,"cards_transformed":["Hololive_Strike","Hololive_Defend"],"player_choice":"Became Test Subject","damage_taken":0,"max_hp_gain":0,"max_hp_loss":0,"event_name":"Drug Dealer","floor":20,"gold_loss":0,"cards_obtained":["Hololive_Drill","Hololive_Recruit"]},{"damage_healed":0,"gold_gain":0,"player_choice":"Ignored","damage_taken":0,"max_hp_gain":0,"max_hp_loss":0,"event_name":"Ghosts","floor":24,"gold_loss":0},{"damage_healed":0,"gold_gain":0,"player_choice":"Fight","damage_taken":0,"max_hp_gain":0,"max_hp_loss":0,"event_name":"Mysterious Sphere","floor":39,"gold_loss":0},{"damage_healed":0,"gold_gain":0,"player_choice":"Took Portal","damage_taken":0,"max_hp_gain":0,"max_hp_loss":0,"event_name":"SecretPortal","floor":47,"gold_loss":0}],"is_beta":false,"boss_relics":[{"not_picked":["SlaversCollar","Black Star"],"picked":"Busted Crown"},{"not_picked":["Empty Cage","Tiny House"],"picked":"Runic Pyramid"}],"items_purged_floors":[36],"is_endless":false,"potions_floor_spawned":[4,6,8,13,18,22,23,33,39,40,41,52],"ascension_level":2}}