{"host":"lnt5dzsuhru0aonl","time":1611137058,"event":{"mods":["2.2 Compatiblity","BaseMod","Colored Map","Colored Powertips","DeckTracker","Keyboard Shortcuts","Minty Spire (QoL Compilation)","Permanent Neow","Rare Cards Sparkle","StSLib","SuperFastMode","everything is the same but u backflip on backflip"],"gold_per_floor":[115,115,190,190,208,252,271,310,310,193,193,193],"floor_reached":11,"language":"KOR","playtime":200,"items_purged":["Strike_R"],"score":212,"play_id":"8b4caef5-9eb2-4b6c-98e6-294d4987c008","local_time":"20210120190418","is_ascension_mode":true,"campfire_choices":[],"circlet_count":0,"master_deck":["AscendersBane","Strike_R","Strike_R+1","Strike_R","Strike_R+1","Defend_R","Defend_R","Defend_R","Defend_R","Bash","Clothesline","Cleave","Carnage","Warcry","Reaper","Evolve+1"],"relics":["Burning Blood","NeowsBlessing","Golden Idol","Dead Branch","Singing Bowl","Frozen Egg 2"],"acts_visited":["Exordium"],"potions_floor_usage":[],"damage_taken":[{"damage":0,"enemies":"Jaw Worm","floor":1,"turns":1},{"damage":0,"enemies":"Small Slimes","floor":5,"turns":1},{"damage":0,"enemies":"Gremlin Nob","floor":6,"turns":1},{"damage":1,"enemies":"2 Louse","floor":7,"turns":2},{"damage":33,"enemies":"Lagavulin","floor":8,"turns":9},{"damage":60,"enemies":"Gremlin Nob","floor":11,"turns":4}],"seed_played":"-3507333228582406043","potions_obtained":[{"floor":1,"key":"SpeedPotion"}],"is_trial":false,"path_per_floor":["M","?","?","?","M","E","M","E","T","$","E"],"character_chosen":"IRONCLAD","items_purchased":["Evolve+1"],"campfire_rested":0,"item_purchase_floors":[10],"current_hp_per_floor":[74,51,40,40,46,52,57,30,30,30,0,0],"gold":193,"neow_bonus":"THREE_ENEMY_KILL","is_daily":false,"chose_seed":false,"campfire_upgraded":0,"win_rate":0.0,"timestamp":1611137058,"path_taken":["M","?","?","?","M","E","M","E","T","?","E"],"items_purchased_type":["Card"],"build_version":"2020-12-22","purchased_purges":1,"victory":false,"max_hp_per_floor":[75,75,75,68,68,68,68,68,68,68,68,68],"card_choices":[{"not_picked":["Metallicize","Burning Pact"],"picked":"Clothesline","floor":1},{"not_picked":["Sword Boomerang","Havoc"],"picked":"Cleave","floor":5},{"not_picked":["Sword Boomerang","Dropkick"],"picked":"Carnage","floor":6},{"not_picked":["Havoc","Blood for Blood"],"picked":"Warcry","floor":7},{"not_picked":["Iron Wave","Anger"],"picked":"Reaper","floor":8}],"player_experience":708611,"relics_obtained":[{"floor":6,"key":"Dead Branch"},{"floor":8,"key":"Singing Bowl"},{"floor":9,"key":"Frozen Egg 2"}],"event_choices":[{"damage_healed":0,"gold_gain":0,"player_choice":"Entered Light","damage_taken":23,"max_hp_gain":0,"max_hp_loss":0,"event_name":"Shining Light","floor":2,"gold_loss":0,"cards_upgraded":["Strike_R","Strike_R"]},{"damage_healed":0,"gold_gain":75,"player_choice":"Gather Gold","damage_taken":11,"max_hp_gain":0,"max_hp_loss":0,"event_name":"World of Goop","floor":3,"gold_loss":0},{"damage_healed":0,"gold_gain":0,"player_choice":"Lose Max HP","damage_taken":0,"relics_obtained":["Golden Idol"],"max_hp_gain":0,"max_hp_loss":7,"event_name":"Golden Idol","floor":4,"gold_loss":0}],"is_beta":false,"boss_relics":[],"items_purged_floors":[10],"is_endless":false,"potions_floor_spawned":[1],"killed_by":"Gremlin Nob","ascension_level":20}}