{"host":"nbmmy2ys5j9alw05","time":1611113617,"event":{"mods":["AchievementEnabler","BaseMod","Bestiary","Better Vampires","Colored Map","Colored Powertips","Googly Eyes","Minty Spire (QoL Compilation)","Quick Restart","StSLib","The Hierophant","The IronCluck","everything is the same but u backflip on backflip"],"gold_per_floor":[110,39,39,52,65,94,94,129,129,129,142,142,62,79,79,178,178,162,261,273,273,273,273],"floor_reached":22,"language":"ENG","playtime":847,"items_purged":[],"score":281,"play_id":"948c91ce-9d1c-468b-92cd-9e3e68af5376","local_time":"20210119193337","is_ascension_mode":true,"campfire_choices":[{"data":"Feed","floor":7,"key":"SMITH"},{"floor":12,"key":"REST"},{"data":"Reckless Charge","floor":15,"key":"SMITH"}],"circlet_count":0,"master_deck":["Strike_R","Strike_R","Strike_R","Strike_R+1","Defend_R","Defend_R","Defend_R","Defend_R","Bash","Reckless Charge+1","Feel No Pain","Clothesline","Uppercut+1","Feed+1","Shrug It Off","True Grit","Havoc","Dark Embrace","Shockwave","Barricade","CurseOfTheBell","Sever Soul+1"],"relics":["Burning Blood","NeowsBlessing","Eternal Feather","Gambling Chip","StoneCalendar","Calling Bell","Shuriken","Pocketwatch","Nloth\u0027s Gift"],"acts_visited":["Exordium","TheCity"],"potions_floor_usage":[6,16,16,18],"damage_taken":[{"damage":0,"enemies":"Jaw Worm","floor":1,"turns":1},{"damage":0,"enemies":"Cultist","floor":4,"turns":1},{"damage":0,"enemies":"2 Louse","floor":5,"turns":1},{"damage":23,"enemies":"3 Sentries","floor":6,"turns":9},{"damage":51,"enemies":"Lagavulin","floor":8,"turns":7},{"damage":3,"enemies":"Red Slaver","floor":11,"turns":3},{"damage":6,"enemies":"3 Louse","floor":14,"turns":7},{"damage":15,"enemies":"Slime Boss","floor":16,"turns":7},{"damage":17,"enemies":"2 Thieves","floor":18,"turns":4},{"damage":13,"enemies":"Shell Parasite","floor":20,"turns":7},{"damage":11,"enemies":"Centurion and Healer","floor":22,"turns":4}],"seed_played":"-598793370721637464","potions_obtained":[{"floor":5,"key":"Explosive Potion"},{"floor":8,"key":"Energy Potion"},{"floor":14,"key":"ColorlessPotion"},{"floor":16,"key":"DistilledChaos"}],"is_trial":false,"path_per_floor":["M","$","?","M","M","E","R","E","T","?","M","R","$","M","R","B",null,"M","?","M","?","M"],"character_chosen":"IRONCLAD","items_purchased":["Feel No Pain","Havoc","Dark Embrace"],"campfire_rested":1,"item_purchase_floors":[2,13,13],"current_hp_per_floor":[78,78,78,80,80,63,69,24,24,8,11,44,44,48,57,48,75,64,64,57,57,46,46],"gold":273,"neow_bonus":"THREE_ENEMY_KILL","is_daily":false,"chose_seed":false,"campfire_upgraded":2,"win_rate":0.0,"timestamp":1611113617,"path_taken":["M","$","?","M","?","E","R","E","T","?","M","R","?","M","R","BOSS","M","?","M","?","?"],"items_purchased_type":["Card","Card","Card"],"build_version":"2020-12-22","purchased_purges":0,"victory":false,"max_hp_per_floor":[80,80,80,80,80,80,80,80,80,80,80,80,80,84,84,84,84,84,84,84,84,84,84],"card_choices":[{"not_picked":["Warcry","Evolve"],"picked":"Reckless Charge","floor":1},{"not_picked":["Armaments","Headbutt"],"picked":"Clothesline","floor":4},{"not_picked":["Thunderclap","Combust"],"picked":"Uppercut","floor":5},{"not_picked":["Cleave","Armaments"],"picked":"Feed","floor":6},{"not_picked":["Flex","Sword Boomerang"],"picked":"Shrug It Off","floor":8},{"not_picked":["Evolve","Iron Wave"],"picked":"True Grit","floor":11},{"not_picked":["Inflame","Thunderclap"],"picked":"Shockwave","floor":14},{"not_picked":["Limit Break","Bludgeon"],"picked":"Barricade","floor":16},{"not_picked":["Dropkick","Intimidate"],"picked":"Sever Soul+1","floor":18},{"not_picked":["Entrench","Twin Strike","Sever Soul"],"picked":"SKIP","floor":20}],"player_experience":487878,"relics_obtained":[{"floor":6,"key":"Eternal Feather"},{"floor":8,"key":"Gambling Chip"},{"floor":9,"key":"StoneCalendar"},{"floor":17,"key":"MealTicket"},{"floor":17,"key":"Shuriken"},{"floor":17,"key":"Pocketwatch"}],"event_choices":[{"cards_removed":["Strike_R"],"damage_healed":0,"gold_gain":0,"player_choice":"Purged","damage_taken":0,"max_hp_gain":0,"max_hp_loss":0,"event_name":"Purifier","floor":3,"gold_loss":0},{"damage_healed":0,"gold_gain":0,"player_choice":"Entered Light","damage_taken":16,"max_hp_gain":0,"max_hp_loss":0,"event_name":"Shining Light","floor":10,"gold_loss":0,"cards_upgraded":["Uppercut","Strike_R"]},{"damage_healed":0,"gold_gain":99,"player_choice":"Stole From Cult","damage_taken":0,"max_hp_gain":0,"max_hp_loss":0,"event_name":"Nest","floor":19,"gold_loss":0},{"damage_healed":0,"gold_gain":0,"player_choice":"Traded Relic","damage_taken":0,"relics_obtained":["Nloth\u0027s Gift"],"max_hp_gain":0,"max_hp_loss":0,"event_name":"N\u0027loth","floor":21,"relics_lost":["MealTicket"],"gold_loss":0}],"is_beta":false,"boss_relics":[{"not_picked":["Runic Dome","Fusion Hammer"],"picked":"Calling Bell"}],"items_purged_floors":[],"is_endless":false,"potions_floor_spawned":[5,8,14,16],"killed_by":"Centurion and Healer","ascension_level":9}}