{"host":"njruw0b0uprlitpx","time":1611185302,"event":{"mods":["2.2 Compatiblity","Bartender","BaseMod","Better Altar","Better Match","Better Note","Better Sensory Stone","Better Skull","Better Third Choice","BetterRewards","Block Reminder","Colored Map","Colored Powertips","Energized Spire","Jedi Mod","Keyboard Shortcuts","Minty Spire (QoL Compilation)","Quick Restart","Rare Cards Sparkle","Relic Stats","Replay The Spire","SacredBarkPlus","Spicy Shops","StSLib","SuperFastMode","The Blackbeard","The Construct","The Dragon Tamer","The Forsaken","The Mystic","Wandering Minibosses"],"gold_per_floor":[116,152,0,14,32,32,50,81,104,124,147,147,0,17,17,96,96,114,114,35,53,73,73,105,105,105,116,126,46,72,86,86,86,86],"floor_reached":33,"language":"ENG","playtime":1282,"items_purged":["Writhe"],"score":797,"play_id":"f45a4ded-1b96-40c7-bcc8-0da1cd11b29e","local_time":"20210120172822","is_ascension_mode":true,"campfire_choices":[{"floor":6,"key":"REST"},{"data":"Rupture","floor":12,"key":"SMITH"},{"data":"Enlightenment","floor":15,"key":"SMITH"},{"floor":23,"key":"REST"},{"floor":25,"key":"REST"},{"floor":32,"key":"REST"}],"circlet_count":0,"master_deck":["AscendersBane","Strike_R","Strike_R","Strike_R","Strike_R","Strike_R","Defend_R","Defend_R","Defend_R","Defend_R","Bash","Fiend Fire","Armaments","Armaments","Thunderclap","ReplayReversal","True Grit","jedi:unlimitedpower","Whirlwind","ReplayTheSpireMod:LeadingStrike","Clothesline","Rupture+1","ReplayTheSpireMod:Limb From Limb","Swift Strike","Hemokinesis","Battle Trance","Replay:Many Hands","Headbutt","Enlightenment+1","Feel No Pain","Juggernaut","Twin Strike+1","Cleave","ReplayTheSpireMod:Muscle Training","Disarm","Shrug It Off","Fiend Fire","Run Through","Dual Wield","Dark Embrace"],"relics":["Burning Blood","Membership Card","Ginger","Lantern","PreservedInsect","Orrery","StoneCalendar","Paper Frog","theForsaken:ScaryMask","ReplayTheSpireMod:TigerMarble","Replay:Wax Seal","Blood Vial","Pet Ghost","energizedSpire:TabascoSauce","Smiling Mask","Pen Nib","Toy Ornithopter","jedi:angrymask","Peace Pipe"],"acts_visited":["Exordium","TheCity"],"potions_floor_usage":[8,16,22,33,33],"damage_taken":[{"damage":4,"enemies":"Cultist","floor":1,"turns":2},{"damage":0,"enemies":"2 Louse","floor":4,"turns":2},{"damage":13,"enemies":"Jaw Worm","floor":5,"turns":6},{"damage":0,"enemies":"Blue Slaver","floor":7,"turns":1},{"damage":12,"enemies":"3 Sentries","floor":8,"turns":4},{"damage":6,"enemies":"Large Slime","floor":10,"turns":4},{"damage":2,"enemies":"2 Fungi Beasts","floor":14,"turns":3},{"damage":29,"enemies":"The Guardian","floor":16,"turns":7},{"damage":16,"enemies":"Shell Parasite","floor":18,"turns":3},{"damage":12,"enemies":"2 Thieves","floor":21,"turns":3},{"damage":16,"enemies":"3 Cultists","floor":22,"turns":3},{"damage":50,"enemies":"Gremlin Leader","floor":24,"turns":4},{"damage":11,"enemies":"Centurion and Healer","floor":27,"turns":3},{"damage":3,"enemies":"Snake Plant","floor":28,"turns":3},{"damage":0,"enemies":"Cultist and Chosen","floor":29,"turns":4},{"damage":12,"enemies":"Book of Stabbing","floor":30,"turns":1},{"damage":15,"enemies":"Chosen and Byrds","floor":31,"turns":4},{"damage":82,"enemies":"Collector","floor":33,"turns":6}],"seed_played":"6270378237570974256","potions_obtained":[{"floor":4,"key":"Reflective Coating"},{"floor":7,"key":"Energy Potion"},{"floor":10,"key":"Languid Potion"},{"floor":22,"key":"Fruit Juice"},{"floor":27,"key":"Elixir"}],"is_trial":false,"path_per_floor":["M","?","$","M","M","R","M","E","T","M","T","R","?","M","R","B",null,"M","?","$","M","M","R","E","R","T","M","M","M","E","M","R","B"],"character_chosen":"IRONCLAD","items_purchased":["Membership Card","Fiend Fire","Lantern","Armaments","PreservedInsect","Orrery","Paper Frog","Whirlwind","ReplayTheSpireMod:TigerMarble","ReplayTheSpireMod:Limb From Limb","Swift Strike","Pen Nib","Cursed Concoction","Elixir","Twin Strike"],"campfire_rested":4,"item_purchase_floors":[0,0,0,0,0,0,0,0,3,3,3,20,20,20,20],"current_hp_per_floor":[70,40,40,46,43,66,72,66,66,68,68,68,74,85,85,62,79,67,67,67,59,49,75,29,55,55,48,49,53,52,47,73,0,0],"gold":86,"neow_bonus":"","is_daily":false,"chose_seed":false,"campfire_upgraded":2,"win_rate":0.0,"timestamp":1611185302,"path_taken":["M","?","?","M","M","R","M","E","T","M","?","R","?","M","R","BOSS","M","?","$","M","M","R","E","R","T","M","M","?","E","M","R","BOSS"],"items_purchased_type":["Relic","Card","Relic","Card","Relic","Relic","Relic","Card","Relic","Card","Card","Relic","Potion","Potion","Card"],"build_version":"2020-12-22","purchased_purges":1,"victory":false,"max_hp_per_floor":[75,75,75,75,79,79,79,79,79,79,79,79,85,85,85,85,85,85,85,85,85,87,87,87,87,87,87,87,87,87,87,87,87,87],"relic_stats":{"Blood Vial":14,"Peace Pipe":0,"counters":[109,372],"StoneCalendar":[0],"PreservedInsect":123,"Pen Nib":[10],"Ginger":[8],"Smiling Mask":0,"obtain_stats":[{"Golden Egg":0,"jedi:angrymask":26,"Ginger":12,"Bottled Tornado":6,"Old Coin":41,"Blood Vial":9,"jedi:firstaidkit":0,"energizedSpire:TabascoSauce":17,"Kunai":0,"Replay:Wax Seal":0,"ReplayTheSpireMod:Ring of Addiction":25,"Counterbalance":0,"Blue Candle":23,"Pen Nib":20,"Ooze Armor":34,"Bird Faced Urn":48,"Snecko Eye":34,"Mark of Pain":17,"StrikeDummy":26,"Abe\u0027s Treasure":0,"Lantern":0,"Magic Flower":0,"StoneCalendar":0,"Bag of Preparation":7,"Power_Wrist":47,"Smiling Mask":19,"Burning Blood":0,"Pet Ghost":11,"Ring of Panic":41,"Paper Frog":28,"Potion Belt":47,"Self Forming Clay":44,"The Courier":13,"PreservedInsect":0,"Omamori":0,"Ring of Greed":41,"jedi:crownofsimplicity":0,"energizedSpire:DeadBattery":17,"Orrery":3,"Turnip":44,"ReplayTheSpireMod:Ring of Challenge":25,"Toy Ornithopter":24,"Divine Protection":26,"Gremlin Horn":9,"Nilry\u0027s Codex":30,"Sozu":34,"jedi:leech":12,"Iron Hammer":0,"Toxic Egg 2":20,"Happy Flower":27,"ReplayTheSpireMod:CursedCoin":36,"Dead Branch":37,"Replay:Grab Bag":34,"War Paint":40,"jedi:heavyjacket":23,"Bottled Flame":26,"ReplayTheSpireMod:Spearhead":43,"ReplayTheSpireMod:Shallot":14,"Brimstone":21,"energizedSpire:NeverEndingSparkler":17,"Shuriken":26,"Bronze Scales":38,"Simple Rune":9,"Molten Egg 2":0,"ReplayTheSpireMod:TigerMarble":9,"Grinning Jar":2,"Meat on the Bone":43,"theForsaken:ScaryMask":2,"SacredBark":25,"Black Blood":34,"Mango":45,"Juzu Bracelet":9,"Incense Burner":42,"jedi:Pinwheel":3,"ClockworkSouvenir":44,"Frozen Eye":42,"Replay:Bandana":41,"Chameleon Ring":25,"Mummified Hand":7,"Gambling Chip":24,"Red Skull":47,"Runic Pyramid":34,"BargainBundle":2,"ReplayTheSpireMod:Ninjato":47,"Replay:WaspNest":0,"Orichalcum":8,"White Beast Statue":43,"Mercury Hourglass":25,"Peace Pipe":30,"Strange Spoon":36,"Pondfish Scales":29,"jedi:ominousloannote":25,"Another Sword":13,"Bag of Marbles":8,"Membership Card":29,"FossilizedHelix":0,"ReplayTheSpireMod:ShopPack":46},{"Golden Egg":22,"jedi:angrymask":103,"Ginger":77,"Bottled Tornado":26,"Old Coin":42,"Blood Vial":96,"jedi:firstaidkit":71,"energizedSpire:TabascoSauce":99,"Kunai":46,"Replay:Wax Seal":22,"ReplayTheSpireMod:Ring of Addiction":11,"Counterbalance":22,"Blue Candle":57,"Pen Nib":100,"Ooze Armor":61,"Bird Faced Urn":45,"Snecko Eye":84,"Mark of Pain":54,"StrikeDummy":82,"Abe\u0027s Treasure":2,"Lantern":91,"Magic Flower":71,"StoneCalendar":91,"Bag of Preparation":74,"Power_Wrist":44,"Smiling Mask":100,"Burning Blood":0,"Pet Ghost":97,"Ring of Panic":42,"Paper Frog":36,"Potion Belt":44,"Self Forming Clay":89,"The Courier":28,"PreservedInsect":91,"Omamori":71,"Ring of Greed":42,"jedi:crownofsimplicity":46,"energizedSpire:DeadBattery":8,"Orrery":4,"Turnip":67,"ReplayTheSpireMod:Ring of Challenge":11,"Toy Ornithopter":103,"Divine Protection":58,"Gremlin Horn":50,"Nilry\u0027s Codex":83,"Sozu":61,"jedi:leech":51,"Iron Hammer":71,"Toxic Egg 2":55,"Happy Flower":59,"ReplayTheSpireMod:CursedCoin":16,"Dead Branch":41,"Replay:Grab Bag":61,"War Paint":18,"jedi:heavyjacket":34,"Bottled Flame":11,"ReplayTheSpireMod:Spearhead":19,"ReplayTheSpireMod:Shallot":53,"Brimstone":10,"energizedSpire:NeverEndingSparkler":30,"Shuriken":34,"Bronze Scales":41,"Simple Rune":27,"Molten Egg 2":71,"ReplayTheSpireMod:TigerMarble":6,"Grinning Jar":23,"Meat on the Bone":42,"theForsaken:ScaryMask":92,"SacredBark":11,"Black Blood":38,"Mango":20,"Juzu Bracelet":75,"Incense Burner":88,"jedi:Pinwheel":72,"ClockworkSouvenir":67,"Frozen Eye":88,"Replay:Bandana":42,"Chameleon Ring":11,"Mummified Hand":6,"Gambling Chip":11,"Red Skull":44,"Runic Pyramid":15,"BargainBundle":23,"ReplayTheSpireMod:Ninjato":44,"Replay:WaspNest":22,"Orichalcum":6,"White Beast Statue":67,"Mercury Hourglass":58,"Peace Pipe":107,"Strange Spoon":16,"Pondfish Scales":36,"jedi:ominousloannote":34,"Another Sword":7,"Bag of Marbles":27,"Membership Card":36,"FossilizedHelix":71,"ReplayTheSpireMod:ShopPack":89},{"Golden Egg":73,"jedi:angrymask":351,"Ginger":260,"Bottled Tornado":83,"Old Coin":145,"Blood Vial":324,"jedi:firstaidkit":247,"energizedSpire:TabascoSauce":338,"Kunai":165,"Replay:Wax Seal":73,"ReplayTheSpireMod:Ring of Addiction":39,"Counterbalance":73,"Blue Candle":199,"Pen Nib":341,"Ooze Armor":212,"Bird Faced Urn":159,"Snecko Eye":283,"Mark of Pain":190,"StrikeDummy":275,"Abe\u0027s Treasure":5,"Lantern":309,"Magic Flower":247,"StoneCalendar":309,"Bag of Preparation":254,"Power_Wrist":155,"Smiling Mask":341,"Burning Blood":0,"Pet Ghost":328,"Ring of Panic":145,"Paper Frog":122,"Potion Belt":155,"Self Forming Clay":300,"The Courier":94,"PreservedInsect":309,"Omamori":247,"Ring of Greed":145,"jedi:crownofsimplicity":165,"energizedSpire:DeadBattery":29,"Orrery":12,"Turnip":232,"ReplayTheSpireMod:Ring of Challenge":39,"Toy Ornithopter":351,"Divine Protection":201,"Gremlin Horn":178,"Nilry\u0027s Codex":277,"Sozu":212,"jedi:leech":181,"Iron Hammer":247,"Toxic Egg 2":193,"Happy Flower":205,"ReplayTheSpireMod:CursedCoin":51,"Dead Branch":141,"Replay:Grab Bag":212,"War Paint":57,"jedi:heavyjacket":115,"Bottled Flame":39,"ReplayTheSpireMod:Spearhead":59,"ReplayTheSpireMod:Shallot":188,"Brimstone":36,"energizedSpire:NeverEndingSparkler":104,"Shuriken":115,"Bronze Scales":141,"Simple Rune":89,"Molten Egg 2":247,"ReplayTheSpireMod:TigerMarble":21,"Grinning Jar":75,"Meat on the Bone":145,"theForsaken:ScaryMask":311,"SacredBark":39,"Black Blood":131,"Mango":64,"Juzu Bracelet":255,"Incense Burner":296,"jedi:Pinwheel":250,"ClockworkSouvenir":232,"Frozen Eye":296,"Replay:Bandana":145,"Chameleon Ring":39,"Mummified Hand":21,"Gambling Chip":39,"Red Skull":155,"Runic Pyramid":50,"BargainBundle":75,"ReplayTheSpireMod:Ninjato":155,"Replay:WaspNest":73,"Orichalcum":21,"White Beast Statue":232,"Mercury Hourglass":201,"Peace Pipe":362,"Strange Spoon":51,"Pondfish Scales":122,"jedi:ominousloannote":115,"Another Sword":23,"Bag of Marbles":89,"Membership Card":122,"FossilizedHelix":247,"ReplayTheSpireMod:ShopPack":300}],"Burning Blood":556,"Toy Ornithopter":4},"card_choices":[{"not_picked":["jedi:fear","Flex"],"picked":"Armaments","floor":0},{"not_picked":["Sword Boomerang","Heavy Blade"],"picked":"Thunderclap","floor":0},{"not_picked":["Dual Wield","Anger"],"picked":"ReplayReversal","floor":0},{"not_picked":["jedi:fear","Flex"],"picked":"True Grit","floor":0},{"not_picked":["Abandon","True Grit"],"picked":"jedi:unlimitedpower","floor":0},{"not_picked":["Flex","jedi:fear"],"picked":"ReplayTheSpireMod:LeadingStrike","floor":1},{"not_picked":["Heavy Blade","Pummel"],"picked":"Clothesline","floor":2},{"not_picked":["Perfected Strike","Iron Wave"],"picked":"Rupture","floor":2},{"not_picked":["jedi:hate","Intimidate","ReplayTheSpireMod:Strike From Hell"],"picked":"SKIP","floor":4},{"not_picked":["Clash","Impervious"],"picked":"Hemokinesis","floor":5},{"not_picked":["Heavy Blade","Perfected Strike"],"picked":"Battle Trance","floor":7},{"not_picked":["Cleave","Anger"],"picked":"Replay:Many Hands","floor":8},{"not_picked":["Shrug It Off","Clash"],"picked":"Headbutt","floor":10},{"not_picked":["ReplayTheSpireMod:Strike From Hell","Armaments"],"picked":"Feel No Pain","floor":14},{"not_picked":["Barricade","Offering"],"picked":"Juggernaut","floor":16},{"not_picked":["Headbutt","ReplayTheSpireMod:LeadingStrike","Replay:Undeath\u0027s Touch"],"picked":"SKIP","floor":18},{"not_picked":["Iron Wave","Thunderclap+1"],"picked":"Cleave","floor":21},{"not_picked":["Battle Trance","True Grit"],"picked":"ReplayTheSpireMod:Muscle Training","floor":22},{"not_picked":["Run Through","Burning Pact"],"picked":"Disarm","floor":24},{"not_picked":["Wild Strike","Havoc+1"],"picked":"Shrug It Off","floor":27},{"not_picked":["Headbutt","Perfected Strike"],"picked":"Fiend Fire","floor":28},{"not_picked":["Armaments","Evolve"],"picked":"Run Through","floor":29},{"not_picked":["Spot Weakness","Havoc+1"],"picked":"Dual Wield","floor":30},{"not_picked":["ReplayTheSpireMod:Strike From Hell","Massacre"],"picked":"Dark Embrace","floor":31}],"player_experience":1533979,"relics_obtained":[{"floor":2,"key":"theForsaken:ScaryMask"},{"floor":8,"key":"Replay:Wax Seal"},{"floor":9,"key":"Blood Vial"},{"floor":11,"key":"Pet Ghost"},{"floor":24,"key":"Toy Ornithopter"},{"floor":26,"key":"jedi:angrymask"},{"floor":30,"key":"Peace Pipe"}],"event_choices":[{"damage_healed":0,"gold_gain":0,"player_choice":"RENOUNCE","damage_taken":147,"max_hp_gain":0,"max_hp_loss":0,"event_name":"betterThird:BetterSerpent","floor":13,"gold_loss":147,"cards_obtained":["Enlightenment"]},{"damage_healed":0,"gold_gain":0,"player_choice":"Gave Potion","damage_taken":0,"relics_obtained":["Smiling Mask"],"max_hp_gain":0,"max_hp_loss":0,"event_name":"WeMeetAgain","floor":19,"gold_loss":0}],"is_beta":false,"boss_relics":[{"not_picked":["Astrolabe","Honey Jar"],"picked":"energizedSpire:TabascoSauce"}],"items_purged_floors":[3],"is_endless":false,"potions_floor_spawned":[4,7,10,22,27,28],"killed_by":"Collector","ascension_level":15}}