{"host":"x7xd4wkamhrqrrvw","time":1611181042,"event":{"mods":["AchievementEnabler","BaseMod","Minty Spire (QoL Compilation)","StSLib"],"gold_per_floor":[117,131,131,146,160,160,85,114,114,139,139,152,152,178,178,255,255,271,271,346,359,370,370,395,395,450,450,462,488,508,261,261,333,383,399,399,413,250,262,288,288,316,316,346,52,52,71,71,71,71,71,71,71,101,101,101],"floor_reached":55,"language":"ENG","playtime":3094,"items_purged":["Strike_R","Blood for Blood","Defend_R","Defend_R"],"score":1427,"play_id":"fa240532-cbad-4f6a-9693-bb94b78c5e93","local_time":"20210120201722","is_ascension_mode":true,"campfire_choices":[{"data":"Demon Form","floor":6,"key":"SMITH"},{"data":"Heavy Blade","floor":11,"key":"SMITH"},{"data":"Disarm","floor":15,"key":"SMITH"},{"data":"Whirlwind","floor":23,"key":"SMITH"},{"floor":27,"key":"REST"},{"floor":32,"key":"REST"},{"floor":46,"key":"RECALL"},{"data":"Disarm","floor":49,"key":"SMITH"},{"data":"Impervious","floor":52,"key":"SMITH"}],"circlet_count":0,"master_deck":["AscendersBane","Defend_R","Demon Form+1","Pummel+1","Heavy Blade+1","Disarm+1","Offering","Whirlwind+1","Impervious+1","Disarm+1","Impervious","Battle Trance"],"relics":["Burning Blood","Thread and Needle","Du-Vu Doll","FossilizedHelix","Centennial Puzzle","Empty Cage","Gambling Chip","Bag of Marbles","Regal Pillow","Medical Kit","Tiny House","Blood Vial","Letter Opener","Bronze Scales","Magic Flower","Lantern","InkBottle"],"acts_visited":["Exordium","TheCity","TheBeyond","TheEnding"],"potions_floor_usage":[22,24,25,30,33,54,55],"damage_taken":[{"damage":3.0,"enemies":"2 Louse","floor":1.0,"turns":4.0},{"damage":1.0,"enemies":"Cultist","floor":2.0,"turns":3.0},{"damage":19.0,"enemies":"Jaw Worm","floor":4.0,"turns":3.0},{"damage":20,"enemies":"Gremlin Gang","floor":5,"turns":6},{"damage":20,"enemies":"Lagavulin","floor":8,"turns":6},{"damage":17,"enemies":"Gremlin Nob","floor":10,"turns":4},{"damage":0,"enemies":"Red Slaver","floor":12,"turns":4},{"damage":0,"enemies":"Lagavulin","floor":14,"turns":4},{"damage":0,"enemies":"The Guardian","floor":16,"turns":8},{"damage":3,"enemies":"3 Byrds","floor":18,"turns":5},{"damage":18,"enemies":"Spheric Guardian","floor":21,"turns":4},{"damage":12,"enemies":"3 Cultists","floor":22,"turns":4},{"damage":50,"enemies":"Slavers","floor":24,"turns":5},{"damage":0,"enemies":"Centurion and Healer","floor":25,"turns":4},{"damage":2,"enemies":"Cultist and Chosen","floor":28,"turns":6},{"damage":20,"enemies":"Gremlin Leader","floor":29,"turns":6},{"damage":0,"enemies":"Snecko","floor":30,"turns":3},{"damage":23,"enemies":"Automaton","floor":33,"turns":6},{"damage":0,"enemies":"3 Darklings","floor":35,"turns":6},{"damage":6,"enemies":"3 Shapes","floor":37,"turns":5},{"damage":6,"enemies":"Jaw Worm Horde","floor":39,"turns":3},{"damage":15,"enemies":"Reptomancer","floor":40,"turns":6},{"damage":12,"enemies":"Giant Head","floor":42,"turns":7},{"damage":3,"enemies":"Nemesis","floor":44,"turns":9},{"damage":23,"enemies":"4 Shapes","floor":47,"turns":5},{"damage":29,"enemies":"Awakened One","floor":50,"turns":8},{"damage":33,"enemies":"Shield and Spear","floor":54,"turns":6},{"damage":120,"enemies":"The Heart","floor":55,"turns":6}],"seed_played":"-2117715510931166968","potions_obtained":[{"floor":2.0,"key":"Dexterity Potion"},{"floor":8,"key":"Explosive Potion"},{"floor":16,"key":"FearPotion"},{"floor":22,"key":"SmokeBomb"},{"floor":28,"key":"Explosive Potion"},{"floor":29,"key":"BloodPotion"},{"floor":30,"key":"DistilledChaos"},{"floor":33,"key":"AttackPotion"},{"floor":35,"key":"DistilledChaos"},{"floor":37,"key":"BloodPotion"}],"is_trial":false,"path_per_floor":["M","M","?","M","M","R","$","E","T","E","R","M","?","E","R","B",null,"M","?","?","M","M","R","E","M","T","R","M","E","M","$","R","B",null,"M","?","M","$","M","E","?","E","T","E","$","R","M","$","R","B",null,"R","$","E","B"],"character_chosen":"IRONCLAD","items_purchased":["Medical Kit","Battle Trance","Lantern"],"campfire_rested":2,"item_purchase_floors":[31,38,45],"current_hp_per_floor":[75,80,85,72,58,58,58,44,44,33,33,39,85,85,85,85,85,85,85,77,65,59,59,15,21,21,46,50,36,59,59,85,68,86,90,90,90,90,90,81,81,77,77,82,82,82,71,71,71,54,81,81,81,78,0,0],"gold":101,"neow_bonus":"TRANSFORM_CARD","is_daily":false,"chose_seed":false,"campfire_upgraded":6,"win_rate":0.0,"timestamp":1611181042,"path_taken":["M","M","?","M","M","R","$","E","T","E","R","M","?","E","R","BOSS","M","?","?","?","M","R","E","M","T","R","M","E","M","?","R","BOSS","M","?","?","$","M","E","?","E","T","E","$","R","M","?","R","BOSS","R","$","E","BOSS"],"items_purchased_type":["Relic","Card","Relic"],"build_version":"2020-12-22","purchased_purges":4,"victory":false,"max_hp_per_floor":[80,80,85,85,85,85,85,85,85,85,85,85,85,85,85,85,85,85,85,85,85,85,85,85,85,85,85,85,85,85,85,85,85,90,90,90,90,90,90,90,90,90,90,90,90,90,90,90,90,90,90,90,90,90,90,90],"card_choices":[{"not_picked":["Warcry","Thunderclap"],"picked":"Seeing Red","floor":1.0},{"not_picked":["Iron Wave","Flex"],"picked":"Pummel","floor":2.0},{"not_picked":["Headbutt","Second Wind"],"picked":"Heavy Blade","floor":4.0},{"not_picked":["Clash","Havoc","Sword Boomerang"],"picked":"SKIP","floor":5},{"not_picked":["Fire Breathing","Uppercut","Double Tap"],"picked":"SKIP","floor":8},{"not_picked":["Evolve","Rage","Dark Embrace"],"picked":"SKIP","floor":10},{"not_picked":["Evolve","Wild Strike","Searing Blow"],"picked":"SKIP","floor":12},{"not_picked":["Evolve","Wild Strike","Searing Blow"],"picked":"SKIP","floor":12},{"not_picked":["Infernal Blade","Warcry"],"picked":"Disarm","floor":14},{"not_picked":["Berserk","Demon Form"],"picked":"Offering","floor":16},{"not_picked":["Heavy Blade+1","Bloodletting"],"picked":"Whirlwind","floor":18},{"not_picked":["Dropkick","Feel No Pain"],"picked":"Disarm","floor":21},{"not_picked":["Rampage+1","Perfected Strike","Sword Boomerang"],"picked":"SKIP","floor":22},{"not_picked":["Dual Wield","Pummel+1","Iron Wave"],"picked":"SKIP","floor":24},{"not_picked":["Thunderclap","Dropkick","Body Slam"],"picked":"SKIP","floor":28},{"not_picked":["Flame Barrier","Bloodletting","Dual Wield"],"picked":"SKIP","floor":29},{"not_picked":["Twin Strike","True Grit","Entrench"],"picked":"SKIP","floor":30},{"not_picked":["Demon Form","Berserk"],"picked":"Impervious","floor":33},{"not_picked":["Twin Strike","Flex+1","Clothesline"],"picked":"SKIP","floor":35},{"not_picked":["Hemokinesis","Blood for Blood","Sword Boomerang+1"],"picked":"SKIP","floor":37},{"not_picked":["Heavy Blade","Clothesline+1","Armaments+1"],"picked":"SKIP","floor":39},{"not_picked":["Sword Boomerang","Rage"],"picked":"Shockwave","floor":40},{"not_picked":["Iron Wave","Pommel Strike","Wild Strike"],"picked":"SKIP","floor":42},{"not_picked":["Warcry+1","Rampage","Exhume"],"picked":"SKIP","floor":44},{"not_picked":["Warcry","Cleave","Thunderclap"],"picked":"SKIP","floor":47},{"not_picked":["True Grit","Uppercut","Fire Breathing"],"picked":"SKIP","floor":54}],"player_experience":369388,"relics_obtained":[{"floor":8,"key":"Thread and Needle"},{"floor":9,"key":"Du-Vu Doll"},{"floor":10,"key":"FossilizedHelix"},{"floor":14,"key":"Centennial Puzzle"},{"floor":24,"key":"Gambling Chip"},{"floor":26,"key":"Bag of Marbles"},{"floor":29,"key":"Regal Pillow"},{"floor":40,"key":"Blood Vial"},{"floor":42,"key":"Bronze Scales"},{"floor":44,"key":"Magic Flower"},{"floor":54,"key":"InkBottle"}],"event_choices":[{"damage_healed":0.0,"max_hp_gain":5.0,"max_hp_loss":0.0,"gold_gain":0.0,"event_name":"Big Fish","player_choice":"Donut","floor":3.0,"gold_loss":0.0,"damage_taken":0.0},{"cards_removed":["Seeing Red"],"damage_healed":46,"gold_gain":0,"player_choice":"Offered Uncommon","damage_taken":0,"max_hp_gain":0,"max_hp_loss":0,"event_name":"Bonfire Elementals","floor":13,"gold_loss":0},{"damage_healed":0,"gold_gain":0,"cards_transformed":["Strike_R","Bash"],"player_choice":"Became Test Subject","damage_taken":0,"max_hp_gain":0,"max_hp_loss":0,"event_name":"Drug Dealer","floor":19,"gold_loss":0,"cards_obtained":["Blood for Blood","Impervious"]},{"damage_healed":0,"gold_gain":75,"player_choice":"Touch","damage_taken":8,"max_hp_gain":0,"max_hp_loss":0,"event_name":"FaceTrader","floor":20,"gold_loss":0},{"cards_removed":["Defend_R"],"damage_healed":0,"gold_gain":0,"player_choice":"Card Removal","damage_taken":0,"max_hp_gain":0,"max_hp_loss":0,"event_name":"Wheel of Change","floor":36,"gold_loss":0},{"cards_removed":["Shockwave"],"damage_healed":0,"gold_gain":0,"player_choice":"Gave Card","damage_taken":0,"relics_obtained":["Letter Opener"],"max_hp_gain":0,"max_hp_loss":0,"event_name":"WeMeetAgain","floor":41,"gold_loss":0}],"is_beta":false,"boss_relics":[{"not_picked":["Runic Pyramid","Sozu"],"picked":"Empty Cage"},{"not_picked":["Astrolabe","Pandora\u0027s Box"],"picked":"Tiny House"}],"items_purged_floors":[7,31,38,45],"is_endless":false,"potions_floor_spawned":[2,8,16,22,28,29,30,33,35,37,39,42],"killed_by":"The Heart","ascension_level":13}}