{"host":"eeeqmyc7a1933jos","time":1611161113,"event":{"mods":["2.2 Compatiblity","Act Like it!","BaseMod","CapriCore","Colored Powertips","Conspire","Downfall","Elementarium","Friendly Minions","Gensokyo","GifTheSpireLib","Gremlin Mod","Hallownest","Hermit","Hubris","Infinite Spire","Jorbs\u0027s Wanderer Trilogy","Marisa????????","Mimic Mod","Minty Spire (QoL Compilation)","Pale of the Ancients","Random Character Button","Random Character Mod","Reimu??????","Relic Sorter","SIMod","StSLib","The Administrix","The Bug Knight","The Dragon Tamer","The Immortal","The Marked","The Mystic","The Runesmith","The Senshi","The Vixen","TheBandit","TheFirefly","Wandering Minibosses"],"gold_per_floor":[99,118,133,146,159,159,159,34,34,67,67,95,95,95,109,109,109,109],"floor_reached":16,"language":"ENG","playtime":1395,"items_purged":[],"score":196,"play_id":"06fb3e9f-e759-4118-8637-04bdaa420ffd","local_time":"20210120174513","is_ascension_mode":true,"campfire_choices":[{"data":"champ:Taunt","floor":1,"key":"SMITH"},{"floor":9,"key":"REST"},{"data":"champ:BerserkerStyle","floor":11,"key":"SMITH"},{"data":"champ:AdrenalArmor","floor":13,"key":"SMITH"}],"circlet_count":0,"master_deck":["conspire:GhostlyStrike","conspire:GhostlyStrike","conspire:GhostlyStrike","conspire:GhostlyStrike","conspire:GhostlyDefend","conspire:GhostlyDefend","conspire:GhostlyDefend","conspire:GhostlyDefend","champ:Execute","champ:Taunt+1","champ:ShieldSigil","champ:BerserkerStyle","champ:RageSigil","champ:EnragedBash","champ:AdrenalArmor+1","champ:BerserkerStyle+1","champ:EnragedBash","champ:FaceSlap","champ:AdrenalArmor"],"relics":["champ:ChampionCrown","infinitespire:CheckeredPen","Juzu Bracelet","Vajra"],"acts_visited":["Exordium"],"potions_floor_usage":[10,10,10,12],"damage_taken":[{"damage":0,"enemies":"conspire:RoseBush","floor":2,"turns":5},{"damage":28,"enemies":"Jaw Worm","floor":3,"turns":5},{"damage":42,"enemies":"Cultist","floor":4,"turns":5},{"damage":70,"enemies":"3 Louse","floor":5,"turns":6},{"damage":60,"enemies":"downfall:FleeingMerchant","floor":8,"turns":4},{"damage":143,"enemies":"HollowMod:MossKnight","floor":10,"turns":7},{"damage":62,"enemies":"Gremlin Nob","floor":12,"turns":4},{"damage":79,"enemies":"Exordium Wildlife","floor":15,"turns":4},{"damage":89,"enemies":"WA_ARCHETYPE_RETAIN","floor":16,"turns":4}],"seed_played":"-6762535980022740834","potions_obtained":[{"floor":4,"key":"champ:UltimateStancePotion"},{"floor":5,"key":"EntropicBrew"}],"is_trial":false,"path_per_floor":["R","M","M","M","M","?","T","$","R","E","R","E","R","?","M","B"],"character_chosen":"THE_CHAMP","items_purchased":["champ:BerserkerStyle","champ:EnragedBash"],"campfire_rested":1,"item_purchase_floors":[8,8],"current_hp_per_floor":[81,81,78,64,44,44,44,44,76,69,69,54,54,64,39,0,0,0],"gold":109,"neow_bonus":"TWENTY_PERCENT_HP_BONUS","is_daily":false,"chose_seed":false,"campfire_upgraded":3,"win_rate":0.0,"timestamp":1611161113,"path_taken":["R","M","M","M","M","?","T","$","R","E","R","E","R","?","M","BOSS"],"items_purchased_type":["Card","Card"],"build_version":"2020-12-22","purchased_purges":0,"victory":false,"max_hp_per_floor":[108,108,108,108,108,108,108,108,108,108,108,108,108,118,118,118,118,118],"card_choices":[{"not_picked":["champ:CrownThrow","champ:SwordSigil"],"picked":"champ:ShieldSigil","floor":2},{"not_picked":["champ:ArenaPreparation","champ:DeathBlow"],"picked":"champ:BerserkerStyle","floor":3},{"not_picked":["champ:GutPunch","champ:DefensiveShout"],"picked":"champ:RageSigil","floor":4},{"not_picked":["champ:BladeFlurry","champ:GutPunch"],"picked":"champ:EnragedBash","floor":5},{"not_picked":["champ:DancingMaster","champ:RecklessLeap"],"picked":"champ:AdrenalArmor","floor":8},{"not_picked":["champ:TornadoPunch","champ:BerserkersShout"],"picked":"champ:FaceSlap","floor":10},{"not_picked":["champ:BerserkersShout","champ:GladiatorStyle","champ:ViciousMockery"],"picked":"SKIP","floor":12},{"not_picked":["champ:Circumvent","champ:ShieldSlam"],"picked":"champ:AdrenalArmor","floor":15}],"player_experience":1396596,"relics_obtained":[{"floor":7,"key":"infinitespire:CheckeredPen"},{"floor":10,"key":"Juzu Bracelet"},{"floor":12,"key":"Vajra"}],"event_choices":[{"damage_healed":0,"gold_gain":0,"player_choice":"Agree","damage_taken":0,"max_hp_gain":0,"max_hp_loss":0,"event_name":"conspire:LoneGhost","floor":6,"gold_loss":0}],"is_beta":false,"boss_relics":[],"items_purged_floors":[],"is_endless":false,"potions_floor_spawned":[4,5],"killed_by":"WA_ARCHETYPE_RETAIN","ascension_level":2}}