{"host":"4bbalj7r5kimsnho","time":1611161046,"event":{"mods":["AchievementEnabler","BaseMod","Colored Powertips","Hermit","Minty Spire (QoL Compilation)","StSLib"],"gold_per_floor":[114,114,127,139,158,158,185,185,208,228,239,239,258,258,258,356,356,373,388,140,150,162,162,190,207,233,248,173,173,173,88,88,88,88],"floor_reached":33,"language":"ENG","playtime":2111,"items_purged":["Defend_R"],"score":271,"play_id":"f536ca3b-5cf8-4004-86cc-4c7e80ef9276","local_time":"20210120164406","is_ascension_mode":false,"campfire_choices":[{"data":"Combust","floor":6,"key":"SMITH"},{"data":"Blood for Blood","floor":8,"key":"SMITH"},{"data":"Uppercut","floor":15,"key":"SMITH"},{"data":"True Grit","floor":23,"key":"SMITH"},{"data":"Feed","floor":29,"key":"SMITH"},{"data":"Pommel Strike","floor":32,"key":"SMITH"}],"circlet_count":0,"master_deck":["Strike_R","Strike_R","Defend_R","Bash","Bloodletting","Pummel","Combust+1","Power Through","Blood for Blood+1","Double Tap","Uppercut+1","Feed+1","Pommel Strike+1","Flame Barrier+1","True Grit+1","Fire Breathing+1","Shrug It Off"],"relics":["Black Blood","Juzu Bracelet","Tiny Chest","Pen Nib","Strawberry","Smiling Mask","Kunai","TungstenRod"],"acts_visited":["Exordium","TheCity"],"potions_floor_usage":[7,16,19,33],"damage_taken":[{"damage":5,"enemies":"2 Louse","floor":1,"turns":3},{"damage":7,"enemies":"Jaw Worm","floor":3,"turns":3},{"damage":1,"enemies":"Small Slimes","floor":4,"turns":3},{"damage":7,"enemies":"2 Fungi Beasts","floor":5,"turns":3},{"damage":10,"enemies":"Lagavulin","floor":7,"turns":5},{"damage":13,"enemies":"Lots of Slimes","floor":10,"turns":3},{"damage":3,"enemies":"Red Slaver","floor":11,"turns":4},{"damage":12,"enemies":"Large Slime","floor":13,"turns":4},{"damage":37,"enemies":"The Guardian","floor":16,"turns":11},{"damage":22,"enemies":"Shell Parasite","floor":18,"turns":5},{"damage":8,"enemies":"Spheric Guardian","floor":19,"turns":4},{"damage":5,"enemies":"Chosen and Byrds","floor":21,"turns":4},{"damage":3,"enemies":"Snecko","floor":22,"turns":5},{"damage":26,"enemies":"Book of Stabbing","floor":24,"turns":4},{"damage":14,"enemies":"Centurion and Healer","floor":25,"turns":4},{"damage":26,"enemies":"Shelled Parasite and Fungi","floor":27,"turns":4},{"damage":64,"enemies":"Champ","floor":33,"turns":8}],"seed_played":"2252645451835938156","potions_obtained":[{"floor":1,"key":"HeartOfIron"},{"floor":4,"key":"SmokeBomb"},{"floor":5,"key":"FearPotion"},{"floor":10,"key":"LiquidBronze"},{"floor":16,"key":"ElixirPotion"},{"floor":18,"key":"Block Potion"},{"floor":22,"key":"DistilledChaos"},{"floor":27,"key":"Swift Potion"}],"is_trial":false,"path_per_floor":["M","?","M","M","M","R","E","R","T","M","M","?","M","?","R","B",null,"M","M","$","M","M","R","E","M","T","M","?","R","T","?","R","B"],"character_chosen":"IRONCLAD","items_purchased":["Pen Nib","True Grit"],"campfire_rested":0,"item_purchase_floors":[20,20],"current_hp_per_floor":[57,50,49,54,53,53,49,49,49,42,45,45,39,39,39,8,80,70,74,74,83,83,83,76,74,74,60,60,60,60,60,60,0,0],"gold":88,"neow_bonus":"TRANSFORM_TWO_CARDS","is_daily":false,"chose_seed":false,"campfire_upgraded":6,"win_rate":0.0,"timestamp":1611161046,"path_taken":["M","?","M","M","M","R","E","R","T","M","M","?","M","?","R","BOSS","M","M","$","M","M","R","E","M","T","M","?","R","?","?","R","BOSS"],"items_purchased_type":["Relic","Card"],"build_version":"2020-12-22","purchased_purges":1,"victory":false,"max_hp_per_floor":[80,80,80,80,80,80,80,80,80,80,80,80,80,80,80,80,80,80,80,80,83,83,83,90,90,90,90,90,90,90,90,90,90,90],"card_choices":[{"not_picked":["Sever Soul","Pommel Strike"],"picked":"Combust","floor":1},{"not_picked":["Whirlwind","Anger"],"picked":"Power Through","floor":3},{"not_picked":["Sentinel","Sword Boomerang"],"picked":"Blood for Blood","floor":4},{"not_picked":["Pummel","Searing Blow","Anger"],"picked":"SKIP","floor":5},{"not_picked":["Clash","Sword Boomerang"],"picked":"Double Tap","floor":7},{"not_picked":["Thunderclap","Bloodletting"],"picked":"Uppercut","floor":10},{"not_picked":["Dropkick","Searing Blow","Heavy Blade"],"picked":"SKIP","floor":11},{"not_picked":["Infernal Blade","Inflame","Combust"],"picked":"SKIP","floor":13},{"not_picked":["Exhume","Demon Form"],"picked":"Feed","floor":16},{"not_picked":["Havoc","Disarm"],"picked":"Pommel Strike","floor":18},{"not_picked":["Perfected Strike","Havoc"],"picked":"Flame Barrier+1","floor":19},{"not_picked":["Cleave","Clothesline","Armaments"],"picked":"SKIP","floor":21},{"not_picked":["Pummel+1","Seeing Red"],"picked":"Fire Breathing+1","floor":22},{"not_picked":["Sever Soul+1","Headbutt"],"picked":"Shrug It Off","floor":24},{"not_picked":["Cleave","Clash","Entrench+1"],"picked":"SKIP","floor":25},{"not_picked":["Cleave","Sentinel","Metallicize"],"picked":"SKIP","floor":27}],"player_experience":103012,"relics_obtained":[{"floor":7,"key":"Juzu Bracelet"},{"floor":9,"key":"Tiny Chest"},{"floor":24,"key":"Strawberry"},{"floor":26,"key":"Smiling Mask"},{"floor":30,"key":"Kunai"}],"event_choices":[{"cards_removed":["Defend_R"],"damage_healed":0,"gold_gain":0,"player_choice":"Card Removal","damage_taken":7,"max_hp_gain":0,"max_hp_loss":0,"event_name":"Golden Wing","floor":2,"gold_loss":0},{"cards_removed":["Strike_R"],"damage_healed":0,"gold_gain":0,"player_choice":"Forget","damage_taken":0,"max_hp_gain":0,"max_hp_loss":0,"event_name":"Living Wall","floor":12,"gold_loss":0},{"damage_healed":0,"gold_gain":0,"player_choice":"Ignored","damage_taken":0,"max_hp_gain":0,"max_hp_loss":0,"event_name":"Shining Light","floor":14,"gold_loss":0},{"cards_removed":["Defend_R"],"damage_healed":0,"gold_gain":0,"player_choice":"Gave Gold","damage_taken":0,"max_hp_gain":0,"max_hp_loss":0,"event_name":"Beggar","floor":28,"gold_loss":75},{"damage_healed":0,"gold_gain":0,"player_choice":"Obtained Relic","damage_taken":0,"relics_obtained":["TungstenRod"],"max_hp_gain":0,"max_hp_loss":0,"event_name":"Addict","floor":31,"gold_loss":85}],"is_beta":false,"boss_relics":[{"not_picked":["Runic Dome","Fusion Hammer"],"picked":"Black Blood"}],"items_purged_floors":[20],"is_endless":false,"potions_floor_spawned":[1,4,5,10,16,18,22,27],"killed_by":"Champ","ascension_level":0}}