{"host":"r10yh36zs2k9z1sa","time":1611147279,"event":{"mods":["Astrologer","BaseMod","Colored Map","Hermit","Marisa¡]Ãú«B¡@Å]²z¨F¡^","Minty Spire (QoL Compilation)","Permanent Neow","Remilia¡]Á¢¦Ì²ú?¡^","StSLib","The Animator","The Bug Knight","The Cursed","The Gatherer","The Hierophant","The Necromancer","The Runesmith","The Servant 0.9.4"],"gold_per_floor":[209,227,227,227,248,248,248],"floor_reached":6,"language":"ZHS","playtime":489,"items_purged":[],"score":52,"play_id":"cbe24ae1-f87a-400e-9d15-2b2e33d19976","local_time":"20210120205439","is_ascension_mode":true,"campfire_choices":[],"circlet_count":0,"master_deck":["Strike_S","Strike_S","Strike_S","Strike_S","Defend_S","Defend_S","Defend_S","Defend_S","KidneyShot","Exchange","Contraction","Injury","Comet"],"relics":["Uniform","Golden Idol"],"acts_visited":["Exordium"],"potions_floor_usage":[5,6],"damage_taken":[{"damage":12,"enemies":"Small Slimes","floor":1,"turns":4},{"damage":0,"enemies":"Cultist","floor":2,"turns":3},{"damage":0,"enemies":"Jaw Worm","floor":5,"turns":10},{"damage":45,"enemies":"Gremlin Nob","floor":6,"turns":6}],"seed_played":"-904757880854227168","potions_obtained":[{"floor":4,"key":"LiquidMemories"},{"floor":4,"key":"SpeedPotion"},{"floor":4,"key":"Swift Potion"}],"is_trial":false,"path_per_floor":["M","M","?","?","M","E"],"character_chosen":"THE_SERVANT","items_purchased":[],"campfire_rested":0,"item_purchase_floors":[],"current_hp_per_floor":[47,47,47,47,47,2,2],"gold":248,"neow_bonus":"HUNDRED_GOLD","is_daily":false,"chose_seed":false,"campfire_upgraded":0,"win_rate":0.0,"timestamp":1611147279,"path_taken":["M","M","?","?","?","E"],"items_purchased_type":[],"build_version":"2020-12-22","purchased_purges":0,"victory":false,"max_hp_per_floor":[65,65,65,65,65,65,65],"card_choices":[{"not_picked":["Rearm","Spin","FanOfKnives"],"picked":"SKIP","floor":1},{"not_picked":["Comet","DoubleEdge"],"picked":"Contraction","floor":2},{"not_picked":["BestPractice","Unruled"],"picked":"Comet","floor":5}],"player_experience":264396,"relics_obtained":[],"event_choices":[{"damage_healed":0,"gold_gain":0,"player_choice":"Take Wound","damage_taken":0,"relics_obtained":["Golden Idol"],"max_hp_gain":0,"max_hp_loss":0,"event_name":"Golden Idol","floor":3,"gold_loss":0,"cards_obtained":["Injury"]},{"damage_healed":0,"gold_gain":0,"player_choice":"Got Potions","damage_taken":0,"max_hp_gain":0,"max_hp_loss":0,"event_name":"Lab","floor":4,"gold_loss":0}],"is_beta":false,"boss_relics":[],"items_purged_floors":[],"is_endless":false,"potions_floor_spawned":[],"killed_by":"Gremlin Nob","ascension_level":9}}