{"host":"KYO","time":1611144609,"event":{"mods":["ATMod(°¢èªMod)","BaseMod","Minty Spire (QoL Compilation)","Permanent Neow","Shop Mod","StSLib","SuperFastMode","TestMod","[IsaacMod]ÒÔÈö¼âËþ","¡¾ÒÅÎï¿¨ÅÆ¡¿REMEMod"],"gold_per_floor":[112,132,57,98,173,198,208,241,241,272,284,295,31,62,62,140,140,158,170,85,96,107,137,137,170,217,245,245,260,33,60,60,134,134,153,169,189,189,199,234,64,94,94,149,149,255,264,417,417,442,492,492,492,401,488,513],"floor_reached":57,"language":"ZHS","playtime":4180,"items_purged":["Strike_B","Strike_B"],"score":2729,"play_id":"96d3a426-cf4e-40cf-8342-eb78b3b9e90f","local_time":"20210120201009","is_ascension_mode":true,"campfire_choices":[{"data":"Zap","floor":15.0,"key":"SMITH"},{"data":"AT_StudyProgram","floor":24.0,"key":"SMITH"},{"data":"Echo Form","floor":32.0,"key":"SMITH"},{"floor":45.0,"key":"RECALL"},{"data":"Heatsinks","floor":49,"key":"SMITH"},{"data":"Capacitor","floor":53,"key":"SMITH"}],"circlet_count":0,"master_deck":["AscendersBane","Strike_B","Defend_B+1","Defend_B","Defend_B","Defend_B+1","Zap+1","Dualcast","AT_WaterDrop","AT_EmpoweredMortalDraw","Loop","Heatsinks+1","BootSequence","Capacitor+1","Seek+1","Machine Learning","Turbo+1","AT_EMC2+1","AT_CaressingTears+1","AT_StudyProgram+1","Echo Form+1","Conserve Battery+1","AT_RobotInSpace+1","Core Surge","Double Energy+1","Self Repair","AT_ShrugMaster","Echo Form+1","Fission+1","AT_ThreeBodyProblem+1"],"relics":["FrozenCore","HushsDoor","AT_ATBox","REME_ComplimentaryCards","testmod-TestBox","TheBean","testmod-ObsoleteBoomerang","Bird Faced Urn","REME_HourglassOfDeath","testmod-HeartOfDaVinci","Emotion Chip","Toxic Egg 2","AnarchistCookbook","testmod-Antiphasic","MealTicket","Lantern","MerchantsRug","testmod-Hope","AT_TimeSand","AT_TrinityForce","Paper Frog","AT_MibuBalloonWealth","CeramicFish","Burning Blood","TheBible"],"acts_visited":["Exordium","TheCity","TheBeyond","TheEnding"],"potions_floor_usage":[56,56],"damage_taken":[{"damage":3.0,"enemies":"Jaw Worm","floor":1.0,"turns":3.0},{"damage":0.0,"enemies":"Small Slimes","floor":2.0,"turns":1.0},{"damage":0.0,"enemies":"2 Louse","floor":4.0,"turns":1.0},{"damage":24.0,"enemies":"Gremlin Nob","floor":6.0,"turns":4.0},{"damage":11.0,"enemies":"Gremlin Gang","floor":7.0,"turns":2.0},{"damage":11.0,"enemies":"Lagavulin","floor":8.0,"turns":4.0},{"damage":0.0,"enemies":"3 Sentries","floor":10.0,"turns":2.0},{"damage":0.0,"enemies":"Large Slime","floor":11.0,"turns":4.0},{"damage":0.0,"enemies":"3 Louse","floor":12.0,"turns":1.0},{"damage":6.0,"enemies":"Lagavulin","floor":14.0,"turns":5.0},{"damage":15.0,"enemies":"Hexaghost","floor":16.0,"turns":8.0},{"damage":0.0,"enemies":"Spheric Guardian","floor":18.0,"turns":1.0},{"damage":1.0,"enemies":"3 Byrds","floor":19.0,"turns":2.0},{"damage":6.0,"enemies":"Shelled Parasite and Fungi","floor":21.0,"turns":3.0},{"damage":0.0,"enemies":"3 Cultists","floor":22.0,"turns":2.0},{"damage":11.0,"enemies":"REME_1_Revenger","floor":23.0,"turns":4.0},{"damage":10.0,"enemies":"Book of Stabbing","floor":25.0,"turns":3.0},{"damage":12.0,"enemies":"Slavers","floor":27.0,"turns":3.0},{"damage":16.0,"enemies":"Centurion and Healer","floor":29.0,"turns":5.0},{"damage":10.0,"enemies":"Gremlin Leader","floor":31.0,"turns":6.0},{"damage":1.0,"enemies":"Champ","floor":33.0,"turns":6.0},{"damage":0.0,"enemies":"3 Shapes","floor":35.0,"turns":4.0},{"damage":0.0,"enemies":"Orb Walker","floor":36.0,"turns":3.0},{"damage":19.0,"enemies":"Spire Growth","floor":37.0,"turns":5.0},{"damage":5.0,"enemies":"Sphere and 2 Shapes","floor":39.0,"turns":4.0},{"damage":17.0,"enemies":"Giant Head","floor":40.0,"turns":8.0},{"damage":0.0,"enemies":"Nemesis","floor":42.0,"turns":2.0},{"damage":0.0,"enemies":"Giant Head","floor":44.0,"turns":7.0},{"damage":34.0,"enemies":"2 Orb Walkers","floor":46.0,"turns":4.0},{"damage":8,"enemies":"3 Darklings","floor":48,"turns":3},{"damage":22,"enemies":"Time Eater","floor":50,"turns":9},{"damage":20,"enemies":"Donu and Deca","floor":51,"turns":8},{"damage":48,"enemies":"Shield and Spear","floor":55,"turns":6},{"damage":16,"enemies":"Delirium","floor":56,"turns":5}],"seed_played":"1584429546448801965","potions_obtained":[{"floor":1.0,"key":"REME_GoldPotion"},{"floor":8.0,"key":"EssenceOfDarkness"},{"floor":14.0,"key":"PowerPotion"},{"floor":16.0,"key":"Dexterity Potion"},{"floor":18.0,"key":"AttackPotion"},{"floor":19.0,"key":"PowerPotion"},{"floor":21.0,"key":"testmod-SpacePotion"},{"floor":25.0,"key":"Regen Potion"},{"floor":29.0,"key":"testmod-EscapePotion"},{"floor":39.0,"key":"PowerPotion"},{"floor":42.0,"key":"Fruit Juice"},{"floor":55,"key":"Weak Potion"}],"is_trial":false,"path_per_floor":["M","M","?","M","?","E","M","E","T","E","M","M","$","E","R","B",null,"M","M","?","M","M","E","R","E","T","E","?","M","$","E","R","B",null,"M","M","M","?","M","E","$","E","T","E","R","?","?","M","R","B","B",null,"R","$","E","B",null],"character_chosen":"DEFECT","items_purchased":["Toxic Egg 2","MerchantsRug","testmod-Hope","War Paint"],"campfire_rested":0,"item_purchase_floors":[13,30,30,41],"current_hp_per_floor":[61,61,61,61,50,30,23,16,16,18,24,24,24,26,35,28,55,55,54,54,58,62,57,64,60,60,52,37,33,48,62,62,64,64,64,64,52,52,49,50,65,79,79,79,79,60,60,70,70,79,84,84,84,84,65,84],"gold":513,"neow_bonus":"ONE_RARE_RELIC","is_daily":false,"chose_seed":false,"campfire_upgraded":5,"win_rate":0.0,"timestamp":1611144609,"path_taken":["M","M","?","M","?","E","M","E","T","E","M","M","$","E","R","BOSS","M","?","?","?","M","E","R","E","T","E","?","M","?","E","R","BOSS","M","M","M","?","M","E","$","E","T","E","R","?","?","?","R","BOSS","BOSS","R","$","E","BOSS"],"items_purchased_type":["Relic","Relic","Relic","Relic"],"build_version":"2020-12-18","purchased_purges":2,"victory":true,"max_hp_per_floor":[64,64,64,64,64,64,64,64,64,64,64,64,64,64,64,64,64,64,64,64,64,64,64,64,64,64,64,64,64,64,64,64,64,64,64,64,69,69,69,69,69,79,79,79,79,79,79,79,79,79,84,84,84,84,84,84],"card_choices":[{"not_picked":["Aggregate","Consume"],"picked":"Loop","floor":1.0},{"not_picked":["Barrage","AT_StudyProgram"],"picked":"Heatsinks","floor":2.0},{"not_picked":["Redo","Fan","Gash"],"picked":"SKIP","floor":4.0},{"not_picked":["Leap","Steam"],"picked":"AT_HeatAcrobatics","floor":6.0},{"not_picked":["REME_SelfUpgrade","Reprogram","Go for the Eyes"],"picked":"SKIP","floor":7.0},{"not_picked":["Heatsinks","Gash"],"picked":"BootSequence","floor":8.0},{"not_picked":["Turbo","Scrape","Leap"],"picked":"SKIP","floor":10.0},{"not_picked":["Stack","Go for the Eyes"],"picked":"Capacitor","floor":11.0},{"not_picked":["Sunder","Heatsinks","Fan"],"picked":"SKIP","floor":12.0},{"not_picked":["Barrage","AT_HeatAcrobatics+1"],"picked":"Seek+1","floor":14.0},{"not_picked":["Hyperbeam","Meteor Strike"],"picked":"Machine Learning","floor":16.0},{"not_picked":["Rebound","Scrape"],"picked":"Turbo+1","floor":18.0},{"not_picked":["Fan+1","Leap+1","Redo+1"],"picked":"SKIP","floor":19.0},{"not_picked":["Gash","Turbo+1","Steam+1"],"picked":"SKIP","floor":21.0},{"not_picked":["FTL","Go for the Eyes"],"picked":"AT_EMC2+1","floor":22.0},{"not_picked":["Redo+1","Doom and Gloom+1"],"picked":"AT_StudyProgram","floor":23.0},{"not_picked":["Rip and Tear","Skim+1","Steam+1"],"picked":"SKIP","floor":25.0},{"not_picked":["Go for the Eyes","Aggregate+1"],"picked":"Echo Form","floor":27.0},{"not_picked":["Tempest+1","AT_StudyProgram"],"picked":"Conserve Battery+1","floor":29.0},{"not_picked":["Turbo+1","Auto Shields+1"],"picked":"AT_RobotInSpace+1","floor":31.0},{"not_picked":["Meteor Strike","Thunder Strike"],"picked":"Core Surge","floor":33.0},{"not_picked":["Ball Lightning","REME_DataAnalysis","Consume+1"],"picked":"SKIP","floor":35.0},{"not_picked":["Leap+1","Cold Snap+1","Barrage"],"picked":"SKIP","floor":36.0},{"not_picked":["Redo+1","Sweeping Beam+1","AT_WarpDrive+1"],"picked":"SKIP","floor":37.0},{"not_picked":["Sweeping Beam+1","Streamline+1"],"picked":"Double Energy+1","floor":39.0},{"not_picked":["Fan+1","Beam Cell","Darkness+1"],"picked":"SKIP","floor":40.0},{"not_picked":["Stack+1","FTL+1"],"picked":"Self Repair","floor":42.0},{"not_picked":["AT_StudyProgram","REME_SelfUpgrade","Beam Cell"],"picked":"SKIP","floor":44.0},{"not_picked":["Doom and Gloom","Coolheaded+1"],"picked":"Fission+1","floor":48},{"not_picked":["Compile Driver","Sunder+1"],"picked":"AT_ThreeBodyProblem+1","floor":55}],"player_experience":638035,"relics_obtained":[{"floor":6.0,"key":"REME_HourglassOfDeath"},{"floor":8.0,"key":"testmod-HeartOfDaVinci"},{"floor":9.0,"key":"Eternal Feather"},{"floor":10.0,"key":"Emotion Chip"},{"floor":14.0,"key":"AnarchistCookbook"},{"floor":23.0,"key":"Self Forming Clay"},{"floor":25.0,"key":"testmod-OneHitWonder"},{"floor":27.0,"key":"MealTicket"},{"floor":31.0,"key":"AT_TimeSand"},{"floor":40.0,"key":"SharpPlug"},{"floor":42.0,"key":"Paper Frog"},{"floor":43.0,"key":"AT_MibuBalloonWealth"},{"floor":44.0,"key":"CeramicFish"},{"floor":46,"key":"Burning Blood"},{"floor":55,"key":"TheBible"}],"event_choices":[{"cards_removed":["Strike_B"],"damage_healed":0.0,"max_hp_gain":0.0,"max_hp_loss":0.0,"gold_gain":0.0,"event_name":"The Cleric","player_choice":"Card Removal","floor":3.0,"gold_loss":75.0,"damage_taken":0.0},{"damage_healed":0.0,"max_hp_gain":0.0,"max_hp_loss":0.0,"gold_gain":75.0,"event_name":"World of Goop","player_choice":"Gather Gold","floor":5.0,"gold_loss":0.0,"damage_taken":11.0},{"damage_healed":0.0,"max_hp_gain":0.0,"max_hp_loss":0.0,"gold_gain":0.0,"event_name":"Addict","player_choice":"Obtained Relic","floor":20.0,"gold_loss":85.0,"damage_taken":0.0,"relics_obtained":["testmod-Antiphasic"]},{"cards_removed":["AT_HeatAcrobatics"],"damage_healed":0.0,"max_hp_gain":0.0,"max_hp_loss":0.0,"gold_gain":0.0,"event_name":"Falling","player_choice":"Removed Skill","floor":38.0,"gold_loss":0.0,"damage_taken":0.0},{"damage_healed":0.0,"max_hp_gain":0.0,"max_hp_loss":0.0,"gold_gain":0.0,"event_name":"Mysterious Sphere","player_choice":"Fight","floor":46.0,"gold_loss":0.0,"damage_taken":0.0},{"damage_healed":0,"gold_gain":0,"player_choice":"Copied","damage_taken":0,"max_hp_gain":0,"max_hp_loss":0,"event_name":"Duplicator","floor":47,"gold_loss":0,"cards_obtained":["Echo Form"]}],"is_beta":true,"boss_relics":[{"not_picked":["testmod-TimeTraveler","testmod-Fanaticism"],"picked":"FrozenCore"},{"not_picked":[]},{"not_picked":["testmod-CardMagician","Busted Crown"],"picked":"AT_TrinityForce"},{"not_picked":[]}],"items_purged_floors":[41,54],"is_endless":false,"potions_floor_spawned":[1,8,14,16,18,19,21,25,29,39,42,55],"ascension_level":20}}