{"host":"sc0o2qwpf9j16a4i","time":1611156364,"event":{"mods":["AchievementEnabler","BaseMod","BetterRewards","Block Reminder","Colored Map","Colored Powertips","Custom Start","Highlight Path","Minty Spire (QoL Compilation)","Relic Stats"],"gold_per_floor":[118,50,61,61,87,87,124,32,32,74,74,104,131,164,176,274,286,324,336,348,94,114,137,137,146,178,212,212,87,127,169,169,252,252,265,265,290,140,158,158,167,204,204,242,268,277,317,340,340,340,340,340,340,1,37,37],"floor_reached":57,"language":"ENG","playtime":3490,"items_purged":["Strike_R","Strike_R+1","Regret","Strike_R+1"],"score":3621,"play_id":"144b4317-45b4-4432-9a78-963bbdba803a","local_time":"20210120172604","is_ascension_mode":true,"campfire_choices":[{"data":"Apotheosis","floor":6,"key":"SMITH"},{"data":"Feed","floor":11,"key":"SMITH"},{"data":"Uppercut","floor":15,"key":"SMITH"},{"data":"Feel No Pain","floor":24,"key":"SMITH"},{"data":"Whirlwind","floor":32,"key":"SMITH"},{"floor":40,"key":"RECALL"},{"floor":46,"key":"REST"},{"data":"Feel No Pain","floor":49,"key":"SMITH"},{"data":"Demon Form","floor":53,"key":"SMITH"}],"circlet_count":0,"master_deck":["AscendersBane","Strike_R+1","Strike_R+1","Defend_R+1","Defend_R+1","Defend_R+1","Defend_R+1","Bash","Apotheosis+1","Inflame","Flame Barrier","Feel No Pain+1","Uppercut+1","Metallicize","Sword Boomerang+1","Spot Weakness+1","Headbutt+1","Feed+1","True Grit+1","Shrug It Off+1","Disarm+1","Reaper","Battle Trance+1","Metallicize","Whirlwind+1","Limit Break+1","True Grit+1","Warcry+1","Exhume+1","Exhume+1","Metamorphosis+1","Sentinel+1","Shrug It Off+1","Burning Pact+1","True Grit+1","Demon Form+1","Feel No Pain+1","Impervious+1"],"relics":["Burning Blood","Lee\u0027s Waffle","Anchor","CeramicFish","Chemical X","Pen Nib","Matryoshka","Vajra","Paper Frog","Juzu Bracelet","Dream Catcher","Toxic Egg 2","Torii","InkBottle","Toy Ornithopter","Question Card","Art of War","MawBank","Cursed Key","Enchiridion","Red Skull","Nunchaku","Bronze Scales","Meat on the Bone","Red Mask","Snecko Eye","CaptainsWheel","Bag of Preparation","Whetstone","Bottled Lightning","Mercury Hourglass"],"acts_visited":["Exordium","TheCity","TheBeyond","TheEnding"],"potions_floor_usage":[10,16,23,30,33,36,39,42,50,50,55],"damage_taken":[{"damage":0,"enemies":"Cultist","floor":1,"turns":3},{"damage":1,"enemies":"Small Slimes","floor":3,"turns":4},{"damage":0,"enemies":"Jaw Worm","floor":5,"turns":3},{"damage":22,"enemies":"Gremlin Nob","floor":7,"turns":4},{"damage":10,"enemies":"3 Sentries","floor":10,"turns":8},{"damage":2,"enemies":"Gremlin Nob","floor":12,"turns":4},{"damage":0,"enemies":"Large Slime","floor":13,"turns":4},{"damage":1,"enemies":"Gremlin Gang","floor":14,"turns":4},{"damage":1,"enemies":"The Guardian","floor":16,"turns":11},{"damage":1,"enemies":"Shell Parasite","floor":18,"turns":4},{"damage":7,"enemies":"Spheric Guardian","floor":22,"turns":7},{"damage":2,"enemies":"Cultist and Chosen","floor":23,"turns":5},{"damage":15,"enemies":"Slavers","floor":27,"turns":3},{"damage":15,"enemies":"Gremlin Leader","floor":30,"turns":4},{"damage":17,"enemies":"Masked Bandits","floor":31,"turns":5},{"damage":20,"enemies":"Collector","floor":33,"turns":9},{"damage":9,"enemies":"Orb Walker","floor":35,"turns":6},{"damage":0,"enemies":"3 Darklings","floor":36,"turns":2},{"damage":2,"enemies":"Maw","floor":37,"turns":6},{"damage":19,"enemies":"Spire Growth","floor":39,"turns":5},{"damage":58,"enemies":"Reptomancer","floor":42,"turns":8},{"damage":30,"enemies":"Nemesis","floor":44,"turns":9},{"damage":24,"enemies":"3 Darklings","floor":45,"turns":6},{"damage":49,"enemies":"Giant Head","floor":47,"turns":8},{"damage":1,"enemies":"Transient","floor":48,"turns":6},{"damage":12,"enemies":"Awakened One","floor":50,"turns":14},{"damage":0,"enemies":"Time Eater","floor":51,"turns":16},{"damage":145,"enemies":"Shield and Spear","floor":55,"turns":14},{"damage":1,"enemies":"The Heart","floor":56,"turns":7}],"seed_played":"4221313725833632084","potions_obtained":[{"floor":5,"key":"SmokeBomb"},{"floor":10,"key":"SkillPotion"},{"floor":12,"key":"Regen Potion"},{"floor":16,"key":"SneckoOil"},{"floor":23,"key":"SmokeBomb"},{"floor":30,"key":"DuplicationPotion"},{"floor":33,"key":"EssenceOfSteel"},{"floor":39,"key":"Block Potion"},{"floor":47,"key":"Explosive Potion"},{"floor":48,"key":"AttackPotion"}],"is_trial":false,"path_per_floor":["M","$","M","?","M","R","E","$","T","E","R","E","M","M","R","B",null,"M","?","?","$","M","M","R","?","T","E","?","$","E","?","R","B",null,"M","M","M","$","M","R","?","E","T","E","M","R","E","M","R","B","B",null,"R","$","E","B",null],"character_chosen":"IRONCLAD","items_purchased":["Lee\u0027s Waffle","Apotheosis","Anchor","Inflame","CeramicFish","Chemical X","Pen Nib","Matryoshka","Flame Barrier","Feel No Pain","Vajra","Paper Frog","Uppercut","Juzu Bracelet","Dream Catcher","Toxic Egg 2","Torii","Metallicize","PowerPotion","Sword Boomerang","Spot Weakness+1","True Grit+1","Red Skull","Bottled Lightning","SkillPotion"],"campfire_rested":1,"item_purchase_floors":[0,0,0,0,0,0,0,0,0,0,0,0,0,0,0,0,0,0,0,0,2,8,21,54,54],"current_hp_per_floor":[82,82,82,87,87,87,71,71,71,76,76,84,90,99,99,103,103,107,107,86,86,93,115,115,115,115,110,104,104,112,105,105,118,122,126,127,131,131,135,135,135,83,83,135,121,139,121,143,143,151,155,155,155,155,85,130],"gold":37,"neow_bonus":"","is_daily":false,"chose_seed":false,"campfire_upgraded":7,"win_rate":0.0,"timestamp":1611156364,"path_taken":["M","?","M","?","M","R","E","$","T","E","R","E","M","M","R","BOSS","M","?","?","$","M","M","R","?","T","E","?","$","E","?","R","BOSS","M","M","M","$","M","R","?","E","T","E","M","R","E","M","R","BOSS","BOSS","R","$","E","BOSS"],"items_purchased_type":["Relic","Card","Relic","Card","Relic","Relic","Relic","Relic","Card","Card","Relic","Relic","Card","Relic","Relic","Relic","Relic","Card","Potion","Card","Card","Card","Relic","Relic","Potion"],"build_version":"2020-12-22","purchased_purges":4,"victory":true,"max_hp_per_floor":[82,82,82,87,87,87,87,87,87,91,91,95,95,99,99,103,103,107,107,107,107,111,115,115,115,115,119,119,119,119,123,123,123,123,127,127,131,131,135,135,135,135,135,135,139,139,143,143,143,151,155,155,155,155,155,155],"relic_stats":{"Lee\u0027s Waffle":61,"Torii":51,"counters":[312,1692],"CeramicFish":261,"Pen Nib":[19],"Juzu Bracelet":1,"Bag of Preparation":[14],"Whetstone":["Headbutt","Sword Boomerang"],"Question Card":23,"MawBank":108,"Cursed Key":2,"Burning Blood":1338,"Mercury Hourglass":[21],"Dream Catcher":2,"Nunchaku":[12],"Bronze Scales":[789],"Snecko Eye":[196,209,230,204],"Art of War":[60],"Chemical X":[77],"obtain_stats":[{"Whetstone":26,"Ginger":44,"Bottled Tornado":53,"Sling":0,"Blood Vial":24,"Sundial":7,"MealTicket":40,"Fusion Hammer":17,"Kunai":0,"Pear":14,"Blue Candle":0,"Velvet Choker":17,"Eternal Feather":12,"Pen Nib":31,"Akabeko":17,"SlaversCollar":17,"MutagenicStrength":27,"Snecko Eye":17,"Mark of Pain":34,"CultistMask":2,"StrikeDummy":55,"Unceasing Top":54,"Lantern":32,"Regal Pillow":9,"Singing Bowl":25,"Torii":30,"Magic Flower":7,"Bag of Preparation":0,"Cursed Key":17,"Ancient Tea Set":24,"Smiling Mask":12,"Burning Blood":0,"Shovel":3,"Matryoshka":0,"Chemical X":0,"InkBottle":9,"Paper Frog":17,"Potion Belt":0,"Lee\u0027s Waffle":0,"Self Forming Clay":9,"Golden Idol":4,"PreservedInsect":0,"Omamori":0,"MawBank":29,"Busted Crown":34,"Ornamental Fan":0,"Orrery":45,"Turnip":54,"Art of War":3,"Champion Belt":14,"Bottled Lightning":55,"Toy Ornithopter":0,"Ice Cream":9,"Tiny House":0,"Gremlin Horn":0,"Nilry\u0027s Codex":19,"CeramicFish":23,"Vajra":27,"Sozu":17,"Centennial Puzzle":8,"HornCleat":0,"DollysMirror":20,"Strawberry":0,"Toxic Egg 2":0,"Happy Flower":0,"Dead Branch":47,"Oddly Smooth Stone":0,"Charon\u0027s Ashes":10,"Letter Opener":0,"War Paint":30,"Question Card":0,"OrangePellets":0,"Bottled Flame":24,"Shuriken":7,"Bronze Scales":12,"Molten Egg 2":0,"Nloth\u0027s Gift":31,"Meat on the Bone":24,"Darkstone Periapt":44,"Enchiridion":24,"Mango":12,"Incense Burner":48,"Juzu Bracelet":0,"ClockworkSouvenir":54,"Frozen Eye":0,"Nunchaku":7,"Dream Catcher":44,"Mummified Hand":22,"Gambling Chip":9,"Pantograph":0,"Tiny Chest":23,"Red Mask":19,"Red Skull":7,"Runic Pyramid":34,"Orichalcum":0,"Medical Kit":54,"Mercury Hourglass":55,"Calling Bell":17,"Strange Spoon":30,"Anchor":6,"CaptainsWheel":28,"Bag of Marbles":14,"Membership Card":22,"FossilizedHelix":55,"TungstenRod":10},{"Whetstone":47,"Ginger":57,"Bottled Tornado":101,"Sling":103,"Blood Vial":47,"Sundial":80,"MealTicket":55,"Fusion Hammer":43,"Kunai":174,"Pear":210,"Blue Candle":64,"Velvet Choker":8,"Eternal Feather":6,"Pen Nib":119,"Akabeko":112,"SlaversCollar":72,"MutagenicStrength":269,"Snecko Eye":154,"Mark of Pain":28,"CultistMask":77,"StrikeDummy":257,"Unceasing Top":101,"Lantern":27,"Regal Pillow":180,"Singing Bowl":23,"Torii":49,"Magic Flower":14,"Bag of Preparation":32,"Cursed Key":19,"Ancient Tea Set":22,"Smiling Mask":182,"Burning Blood":0,"Shovel":13,"Matryoshka":283,"Chemical X":11,"InkBottle":38,"Paper Frog":112,"Potion Belt":64,"Lee\u0027s Waffle":145,"Self Forming Clay":4,"Golden Idol":13,"PreservedInsect":103,"Omamori":32,"MawBank":159,"Busted Crown":246,"Ornamental Fan":145,"Orrery":277,"Turnip":172,"Art of War":34,"Champion Belt":83,"Bottled Lightning":228,"Toy Ornithopter":103,"Ice Cream":15,"Tiny House":0,"Gremlin Horn":64,"Nilry\u0027s Codex":20,"CeramicFish":116,"Vajra":159,"Sozu":238,"Centennial Puzzle":4,"HornCleat":204,"DollysMirror":10,"Strawberry":64,"Toxic Egg 2":283,"Happy Flower":103,"Dead Branch":98,"Oddly Smooth Stone":103,"Charon\u0027s Ashes":81,"Letter Opener":64,"War Paint":49,"Question Card":64,"OrangePellets":64,"Bottled Flame":87,"Shuriken":148,"Bronze Scales":16,"Molten Egg 2":32,"Nloth\u0027s Gift":90,"Meat on the Bone":213,"Darkstone Periapt":251,"Enchiridion":269,"Mango":264,"Incense Burner":141,"Juzu Bracelet":204,"ClockworkSouvenir":63,"Frozen Eye":76,"Nunchaku":69,"Dream Catcher":167,"Mummified Hand":115,"Gambling Chip":124,"Pantograph":229,"Tiny Chest":22,"Red Mask":10,"Red Skull":37,"Runic Pyramid":51,"Orichalcum":174,"Medical Kit":101,"Mercury Hourglass":311,"Calling Bell":112,"Strange Spoon":49,"Anchor":3,"CaptainsWheel":24,"Bag of Marbles":18,"Membership Card":21,"FossilizedHelix":203,"TungstenRod":263},{"Whetstone":192,"Ginger":276,"Bottled Tornado":558,"Sling":574,"Blood Vial":192,"Sundial":427,"MealTicket":258,"Fusion Hammer":179,"Kunai":975,"Pear":1190,"Blue Candle":344,"Velvet Choker":41,"Eternal Feather":21,"Pen Nib":664,"Akabeko":620,"SlaversCollar":392,"MutagenicStrength":1445,"Snecko Eye":910,"Mark of Pain":125,"CultistMask":413,"StrikeDummy":1407,"Unceasing Top":558,"Lantern":116,"Regal Pillow":991,"Singing Bowl":102,"Torii":201,"Magic Flower":69,"Bag of Preparation":147,"Cursed Key":89,"Ancient Tea Set":97,"Smiling Mask":1002,"Burning Blood":0,"Shovel":63,"Matryoshka":1503,"Chemical X":59,"InkBottle":165,"Paper Frog":620,"Potion Belt":344,"Lee\u0027s Waffle":893,"Self Forming Clay":12,"Golden Idol":63,"PreservedInsect":574,"Omamori":147,"MawBank":917,"Busted Crown":1356,"Ornamental Fan":893,"Orrery":1470,"Turnip":965,"Art of War":153,"Champion Belt":438,"Bottled Lightning":1299,"Toy Ornithopter":574,"Ice Cream":72,"Tiny House":0,"Gremlin Horn":344,"Nilry\u0027s Codex":93,"CeramicFish":645,"Vajra":917,"Sozu":1325,"Centennial Puzzle":12,"HornCleat":1166,"DollysMirror":54,"Strawberry":344,"Toxic Egg 2":1503,"Happy Flower":574,"Dead Branch":528,"Oddly Smooth Stone":574,"Charon\u0027s Ashes":429,"Letter Opener":344,"War Paint":201,"Question Card":344,"OrangePellets":344,"Bottled Flame":457,"Shuriken":898,"Bronze Scales":76,"Molten Egg 2":147,"Nloth\u0027s Gift":472,"Meat on the Bone":1202,"Darkstone Periapt":1377,"Enchiridion":1445,"Mango":1427,"Incense Burner":836,"Juzu Bracelet":1166,"ClockworkSouvenir":333,"Frozen Eye":410,"Nunchaku":363,"Dream Catcher":941,"Mummified Hand":639,"Gambling Chip":704,"Pantograph":1305,"Tiny Chest":97,"Red Mask":54,"Red Skull":162,"Runic Pyramid":225,"Orichalcum":975,"Medical Kit":558,"Mercury Hourglass":1685,"Calling Bell":620,"Strange Spoon":201,"Anchor":9,"CaptainsWheel":107,"Bag of Marbles":84,"Membership Card":95,"FossilizedHelix":1154,"TungstenRod":1424}],"InkBottle":[53],"Toy Ornithopter":26,"Meat on the Bone":156},"card_choices":[{"not_picked":["Ghostly Armor+1","Second Wind+1","Rampage"],"picked":"SKIP","floor":1},{"not_picked":["Hemokinesis","Twin Strike","Dark Embrace"],"picked":"SKIP","floor":3},{"not_picked":["Rupture","Flex+1"],"picked":"Headbutt","floor":5},{"not_picked":["Armaments+1","Offering+1"],"picked":"Feed","floor":7},{"not_picked":["Uppercut","Twin Strike","Inflame"],"picked":"Shrug It Off+1","floor":10},{"not_picked":["Headbutt","Twin Strike","Sword Boomerang","Hemokinesis"],"picked":"SKIP","floor":12},{"not_picked":["Thunderclap","Blood for Blood","Heavy Blade","Immolate"],"picked":"SKIP","floor":13},{"not_picked":["Thunderclap","Blood for Blood","Heavy Blade","Immolate"],"picked":"SKIP","floor":13},{"not_picked":["Sword Boomerang","Intimidate+1","Battle Trance+1"],"picked":"Disarm+1","floor":14},{"not_picked":["Offering+1","Bludgeon","Barricade"],"picked":"Reaper","floor":16},{"not_picked":["Rage+1","Iron Wave","True Grit+1"],"picked":"Battle Trance+1","floor":18},{"not_picked":["Blood for Blood","Cleave","Flex+1","Clothesline"],"picked":"SKIP","floor":22},{"not_picked":["Headbutt","Thunderclap","Clash"],"picked":"Metallicize","floor":23},{"not_picked":["Sentinel+1","Berserk","Pommel Strike"],"picked":"Limit Break+1","floor":27},{"not_picked":["Fire Breathing","Ghostly Armor+1","Thunderclap+1"],"picked":"True Grit+1","floor":30},{"not_picked":["Anger+1","Rupture","Pommel Strike"],"picked":"Warcry+1","floor":31},{"not_picked":["Fiend Fire","Offering+1","Brutality"],"picked":"Exhume+1","floor":33},{"not_picked":["Body Slam","Clash+1","Wild Strike","Clothesline+1"],"picked":"SKIP","floor":35},{"not_picked":["Iron Wave","Armaments+1","Rage+1"],"picked":"Exhume+1","floor":37},{"not_picked":["Carnage","Rage+1","Clash+1","Armaments+1"],"picked":"SKIP","floor":39},{"not_picked":["Discovery+1","Panacea+1","Mind Blast"],"picked":"Metamorphosis+1","floor":41},{"not_picked":["Flex+1","Thunderclap","Perfected Strike"],"picked":"Sentinel+1","floor":42},{"not_picked":["Immolate","Body Slam","Bloodletting+1"],"picked":"Shrug It Off+1","floor":44},{"not_picked":["Havoc+1","Spot Weakness+1","Thunderclap"],"picked":"Burning Pact+1","floor":45},{"not_picked":["Metallicize","Anger","Power Through+1"],"picked":"True Grit+1","floor":46},{"not_picked":["Hemokinesis","Evolve","Armaments+1"],"picked":"Demon Form","floor":47},{"not_picked":["Thunderclap","Dropkick","Clash+1"],"picked":"Feel No Pain","floor":48},{"not_picked":["Warcry+1","Sword Boomerang","Rampage+1"],"picked":"Impervious+1","floor":55}],"player_experience":789557,"relics_obtained":[{"floor":7,"key":"InkBottle"},{"floor":9,"key":"Toy Ornithopter"},{"floor":9,"key":"Question Card"},{"floor":10,"key":"Art of War"},{"floor":12,"key":"MawBank"},{"floor":20,"key":"Enchiridion"},{"floor":26,"key":"Nunchaku"},{"floor":27,"key":"Bronze Scales"},{"floor":30,"key":"Meat on the Bone"},{"floor":31,"key":"Red Mask"},{"floor":42,"key":"CaptainsWheel"},{"floor":44,"key":"Bag of Preparation"},{"floor":47,"key":"Whetstone"},{"floor":55,"key":"Mercury Hourglass"}],"event_choices":[{"damage_healed":0,"gold_gain":0,"player_choice":"Donut","damage_taken":0,"max_hp_gain":5,"max_hp_loss":0,"event_name":"Big Fish","floor":4,"gold_loss":0},{"damage_healed":0,"gold_gain":0,"player_choice":"Simplicity","damage_taken":0,"max_hp_gain":0,"max_hp_loss":0,"event_name":"Back to Basics","floor":19,"gold_loss":0,"cards_upgraded":["Strike_R","Strike_R","Strike_R","Strike_R","Defend_R","Defend_R","Defend_R","Defend_R"]},{"damage_healed":0,"gold_gain":0,"player_choice":"Obtained Book","damage_taken":21,"max_hp_gain":0,"max_hp_loss":0,"event_name":"Cursed Tome","floor":20,"gold_loss":0},{"damage_healed":0,"gold_gain":0,"player_choice":"Read","damage_taken":0,"max_hp_gain":0,"max_hp_loss":0,"event_name":"The Library","floor":25,"gold_loss":0,"cards_obtained":["Whirlwind"]},{"damage_healed":0,"gold_gain":0,"player_choice":"Bought 0 Potions","damage_taken":0,"max_hp_gain":0,"max_hp_loss":0,"event_name":"The Woman in Blue","floor":28,"gold_loss":0},{"damage_healed":0,"gold_gain":0,"player_choice":"Fought Bandits","damage_taken":0,"max_hp_gain":0,"max_hp_loss":0,"event_name":"Masked Bandits","floor":31,"gold_loss":0},{"damage_healed":0,"gold_gain":0,"player_choice":"Memory 1","damage_taken":0,"max_hp_gain":0,"max_hp_loss":0,"event_name":"SensoryStone","floor":41,"gold_loss":0}],"is_beta":false,"boss_relics":[{"not_picked":["SlaversCollar","Sozu"],"picked":"Cursed Key"},{"not_picked":["Runic Cube","Calling Bell"],"picked":"Snecko Eye"}],"items_purged_floors":[8,21,29,38],"is_endless":false,"potions_floor_spawned":[5,10,12,16,23,30,33,35,39,47,48],"ascension_level":20}}