{"host":"z42sc0n2dozsmk72","time":1611137642,"event":{"mods":["AchievementEnabler","BaseMod","Better Third Choice","Colored Map","Curses Come First","Highlight Path","Minty Spire (QoL Compilation)","Permanent Neow","Quick Restart","Relic Stats","Shop Mod","StSLib","egg","slay the spire mod where everything is the same but ironclad has a cowboy hat"],"gold_per_floor":[118,138,148,161,174,204,204,229,229,229,260,260,271,271,271,271,271],"floor_reached":16,"language":"ENG","playtime":709,"items_purged":[],"score":134,"play_id":"1a5872be-6f15-4d3e-93b5-8c7837a487cf","local_time":"20210120231402","is_ascension_mode":true,"campfire_choices":[{"data":"Chaos","floor":7.0,"key":"SMITH"},{"floor":10,"key":"REST"},{"data":"Recycle","floor":12,"key":"SMITH"},{"floor":15,"key":"REST"}],"circlet_count":0,"master_deck":["Strike_B","Strike_B","Strike_B","Strike_B","Defend_B","Defend_B","Defend_B","Defend_B","Zap","Dualcast","Recycle+1","Sweeping Beam","Chaos+1","BootSequence"],"relics":["Cursed Key","Frozen Egg 2","Sundial","Golden Idol"],"acts_visited":["Exordium"],"potions_floor_usage":[13],"damage_taken":[{"damage":1.0,"enemies":"Cultist","floor":1.0,"turns":4.0},{"damage":0.0,"enemies":"2 Louse","floor":2.0,"turns":2.0},{"damage":7.0,"enemies":"Jaw Worm","floor":3.0,"turns":3.0},{"damage":9.0,"enemies":"Blue Slaver","floor":4.0,"turns":4.0},{"damage":2.0,"enemies":"Looter","floor":5.0,"turns":3.0},{"damage":9.0,"enemies":"3 Sentries","floor":6.0,"turns":6.0},{"damage":26.0,"enemies":"Gremlin Nob","floor":8.0,"turns":4.0},{"damage":17,"enemies":"3 Sentries","floor":11,"turns":6},{"damage":2,"enemies":"Gremlin Gang","floor":13,"turns":3},{"damage":30,"enemies":"Slime Boss","floor":16,"turns":3}],"seed_played":"-8207557597558254477","potions_obtained":[{"floor":1.0,"key":"CultistPotion"},{"floor":4.0,"key":"BlessingOfTheForge"},{"floor":11,"key":"SneckoOil"},{"floor":13,"key":"GamblersBrew"}],"is_trial":false,"path_per_floor":["M","M","M","M","M","E","R","E","T","R","E","R","M","?","R","B"],"character_chosen":"DEFECT","items_purchased":[],"campfire_rested":2,"item_purchase_floors":[],"current_hp_per_floor":[74,74,67,58,56,47,47,21,21,43,26,26,24,6,28,0,0],"gold":271,"neow_bonus":"BOSS_RELIC","is_daily":false,"chose_seed":false,"campfire_upgraded":2,"win_rate":0.0,"timestamp":1611137642,"path_taken":["M","M","M","M","?","E","R","E","T","R","E","R","M","?","R","BOSS"],"items_purchased_type":[],"build_version":"2020-12-22","purchased_purges":0,"victory":false,"max_hp_per_floor":[75,75,75,75,75,75,75,75,75,75,75,75,75,75,75,75,75],"relic_stats":{"counters":[10,38],"Sundial":[0],"Golden Idol":0,"Cursed Key":0,"obtain_stats":[{"Sundial":11,"Golden Idol":14,"Frozen Egg 2":6,"Cracked Core":0,"Cursed Key":0},{"Sundial":8,"Golden Idol":9,"Frozen Egg 2":6,"Cracked Core":0,"Cursed Key":0},{"Sundial":32,"Golden Idol":35,"Frozen Egg 2":22,"Cracked Core":0,"Cursed Key":0}]},"card_choices":[{"not_picked":["Hologram","Lockon"],"picked":"Recycle","floor":1.0},{"not_picked":["Stack","Beam Cell"],"picked":"Sweeping Beam","floor":2.0},{"not_picked":["Steam","Rip and Tear"],"picked":"Chaos","floor":3.0},{"not_picked":["Stack","Beam Cell","Gash"],"picked":"SKIP","floor":4.0},{"not_picked":["Stack","Beam Cell","Gash"],"picked":"SKIP","floor":4.0},{"not_picked":["Turbo","Redo","Static Discharge"],"picked":"SKIP","floor":5.0},{"not_picked":["Darkness","Sweeping Beam","Rebound"],"picked":"SKIP","floor":6.0},{"not_picked":["Hyperbeam","Barrage","Hologram"],"picked":"SKIP","floor":8.0},{"not_picked":["Gash","Redo","Doom and Gloom"],"picked":"SKIP","floor":11},{"not_picked":["Streamline","Hologram"],"picked":"BootSequence","floor":13}],"player_experience":863953,"relics_obtained":[{"floor":6.0,"key":"Frozen Egg 2"},{"floor":11,"key":"Sundial"}],"event_choices":[{"damage_healed":0,"gold_gain":0,"player_choice":"Take Damage","damage_taken":18,"relics_obtained":["Golden Idol"],"max_hp_gain":0,"max_hp_loss":0,"event_name":"Golden Idol","floor":14,"gold_loss":0}],"is_beta":false,"boss_relics":[],"items_purged_floors":[],"is_endless":false,"potions_floor_spawned":[1,4,11,13],"killed_by":"Slime Boss","ascension_level":2}}