{"host":"3f9iajsu6jl92r7r","time":1611111694,"event":{"mods":["AchievementEnabler","Act Like it!","BaseMod","BetterRewards","Colored Map","Colored Powertips","Downfall","Hubris","Lobotomy","Minty Spire (QoL Compilation)","Shop Mod","Spicy Shops","StSLib","The Problem Sleuth"],"gold_per_floor":[111,55,68,68,68,102,102,102,102,277,306,306,338,356,356,451,451,434,349,368,388,388,388,422,422,422,422,347,347,377,388,388,489,489,502,502,520,536,536,563,579,629,629,0,0,18,38,52,52,52,52,52],"floor_reached":50,"language":"ENG","playtime":5059,"items_purged":[],"score":568,"play_id":"c2c4393a-ea58-4f26-a9de-c5e0d90939bf","local_time":"20210119220134","is_ascension_mode":false,"campfire_choices":[{"floor":8,"key":"REST"},{"data":"theSleuth:ClubClubClub","floor":12,"key":"SMITH"},{"floor":15,"key":"REST"},{"data":"1","floor":23,"key":"LIFT"},{"data":"2","floor":25,"key":"LIFT"},{"data":"3","floor":27,"key":"LIFT"},{"floor":32,"key":"REST"},{"floor":45,"key":"REST"},{"data":"theSleuth:CandidBullets","floor":49,"key":"SMITH"}],"circlet_count":0,"master_deck":["theSleuth:Strike+1","theSleuth:Strike+1","theSleuth:Strike+1","theSleuth:Strike+1","theSleuth:Defend+1","theSleuth:Defend+1","theSleuth:Defend+1","theSleuth:KeyHandgun+1","theSleuth:TakeInventory","theSleuth:Diplomacy","theSleuth:Joust+1","theSleuth:ClubClubClub+1","VoidDream","theSleuth:Tootshotgun","theSleuth:CharismaBlast","Bloodbath","Doubt","theSleuth:Parry","theSleuth:CandidBullets+1","CurseOfTheBell","theSleuth:Ogle+1","theSleuth:Taze+1","theSleuth:PezUzi+1","theSleuth:KeyringTommygun+1","theSleuth:Taze+1","theSleuth:BenStillerBust+1","theSleuth:Taze+1","theSleuth:Conjure+1","hubris:NaturalOne","theSleuth:CandyCane+1","theSleuth:Treaty+1"],"relics":["theSleuth:Typewriter","CogitoBucket","Vajra","Bag of Marbles","hubris:PeanutButter","Odd Mushroom","Happy Flower","TreeSap","Calling Bell","Centennial Puzzle","Molten Egg 2","Girya","hubris:SphereOfDissonance","Blood Vial","Potion Belt","Kunai","theSleuth:AffinityCrow","hubris:Icosahedron","hubris:Towel","Lantern","AtMidnight","CaptainsWheel","Incense Burner","Red Mask"],"acts_visited":["Exordium","TheCity","TheBeyond"],"potions_floor_usage":[6,6,13,14,21,30,33,33,41,48,48,50],"damage_taken":[{"damage":0,"enemies":"Small Slimes","floor":1,"turns":4},{"damage":6,"enemies":"2 Louse","floor":3,"turns":2},{"damage":0,"enemies":"Lagavulin","floor":6,"turns":8},{"damage":1,"enemies":"The Mushroom Lair","floor":11,"turns":3},{"damage":0,"enemies":"Gremlin Nob","floor":13,"turns":5},{"damage":42,"enemies":"Jaw Worm","floor":14,"turns":4},{"damage":19,"enemies":"The Guardian","floor":16,"turns":13},{"damage":4,"enemies":"2 Thieves","floor":18,"turns":4},{"damage":17,"enemies":"3 Byrds","floor":20,"turns":7},{"damage":3,"enemies":"3 Cultists","floor":21,"turns":6},{"damage":9,"enemies":"Slavers","floor":24,"turns":3},{"damage":5,"enemies":"Gremlin Leader","floor":30,"turns":3},{"damage":1,"enemies":"Shelled Parasite and Fungi","floor":31,"turns":2},{"damage":25,"enemies":"Collector","floor":33,"turns":6},{"damage":0,"enemies":"3 Shapes","floor":35,"turns":3},{"damage":0,"enemies":"3 Darklings","floor":37,"turns":2},{"damage":7,"enemies":"Jaw Worm Horde","floor":38,"turns":3},{"damage":21,"enemies":"Nemesis","floor":40,"turns":7},{"damage":54,"enemies":"Maw","floor":41,"turns":30},{"damage":3,"enemies":"Mind Bloom Boss Battle","floor":42,"turns":6},{"damage":0,"enemies":"Sphere and 2 Shapes","floor":46,"turns":4},{"damage":12,"enemies":"4 Shapes","floor":47,"turns":4},{"damage":1,"enemies":"Maw","floor":48,"turns":7},{"damage":56,"enemies":"Time Eater","floor":50,"turns":4}],"seed_played":"732317466766225441","potions_obtained":[{"floor":1,"key":"FearPotion"},{"floor":3,"key":"Block Potion"},{"floor":11,"key":"CultistPotion"},{"floor":13,"key":"EssenceOfSteel"},{"floor":20,"key":"Fire Potion"},{"floor":24,"key":"SneckoOil"},{"floor":30,"key":"Dexterity Potion"},{"floor":31,"key":"ColorlessPotion"},{"floor":38,"key":"Strength Potion"},{"floor":41,"key":"Block Potion"},{"floor":46,"key":"sneckomod:MuddlingPotion"},{"floor":48,"key":"SneckoOil"}],"is_trial":false,"path_per_floor":["M","$","M","?","?","E","?","R","T","?","?","R","E","M","R","B",null,"M","?","M","M","?","R","E","R","T","R","?","?","E","M","R","B",null,"M","?","M","M","?","E","M","?","T","?","R","M","M","M","R","B"],"character_chosen":"THE_sleuth","items_purchased":["theSleuth:ClubClubClub"],"campfire_rested":4,"item_purchase_floors":[2],"current_hp_per_floor":[73,73,67,52,52,52,49,70,70,70,70,70,72,31,52,49,58,54,54,50,48,48,48,46,46,46,46,46,46,44,47,58,39,58,58,58,58,52,52,49,23,38,38,38,55,57,47,50,50,0,0,0],"gold":52,"neow_bonus":"","is_daily":false,"chose_seed":false,"campfire_upgraded":2,"win_rate":0.0,"timestamp":1611111694,"path_taken":["M","$","M","?","?","E","?","R","T","?","?","R","E","M","R","BOSS","M","?","M","M","?","R","E","R","T","R","?","?","E","M","R","BOSS","M","?","M","M","?","E","M","?","T","?","R","M","M","M","R","BOSS"],"items_purchased_type":["Card"],"build_version":"2020-12-22","purchased_purges":0,"victory":false,"max_hp_per_floor":[73,73,73,73,73,73,73,73,73,73,73,73,73,73,73,58,58,58,58,58,58,58,58,58,58,58,58,58,58,58,58,58,58,58,58,58,58,58,58,58,58,58,58,58,58,58,58,58,58,58,58,58],"card_choices":[{"not_picked":["theSleuth:Fortify","theSleuth:Treaty"],"picked":"theSleuth:Joust","floor":1},{"not_picked":["Wellcheers","UniverseFragment"],"picked":"VoidDream","floor":3},{"not_picked":["theSleuth:BenStillerBust","theSleuth:SnoopDoggBust"],"picked":"theSleuth:Tootshotgun","floor":3},{"not_picked":["theSleuth:WilsonBust","theSleuth:CandyCane"],"picked":"theSleuth:CharismaBlast","floor":6},{"not_picked":["Wellcheers","WhitesApple","MHz"],"picked":"Singing Bowl","floor":6},{"not_picked":["PunishingBird","WallGazer"],"picked":"Bloodbath","floor":6},{"not_picked":["theSleuth:FlaskOfWhiskey","theSleuth:WilsonBust","theSleuth:CandyLeather"],"picked":"SKIP","floor":13},{"not_picked":["theSleuth:TruffleShuffle","theSleuth:CharismaBlast"],"picked":"theSleuth:Parry","floor":14},{"not_picked":["theSleuth:TheZillyhammer","theSleuth:BrassTacks"],"picked":"theSleuth:CandidBullets","floor":16},{"not_picked":["theSleuth:Pepperminthryl","theSleuth:ThrowHat+1"],"picked":"theSleuth:Ogle+1","floor":18},{"not_picked":["BeautyBeast","OldLady"],"picked":"Laetitia","floor":18},{"not_picked":["theSleuth:RetrieveArms","theSleuth:Pepperminthryl"],"picked":"theSleuth:Taze+1","floor":20},{"not_picked":["theSleuth:UnDeEscalate","theSleuth:Pepperminthryl+1"],"picked":"theSleuth:PezUzi+1","floor":21},{"not_picked":["theSleuth:KingpinBust","theSleuth:RetrieveArms"],"picked":"theSleuth:KeyringTommygun+1","floor":24},{"not_picked":["theSleuth:Tootshotgun+1","theSleuth:CharismaBlast+1"],"picked":"theSleuth:BenStillerBust+1","floor":30},{"not_picked":["theSleuth:CharismaBlast+1","theSleuth:ThinkAhead+1"],"picked":"theSleuth:Taze+1","floor":31},{"not_picked":["theSleuth:WeirdPuzzleShit","theSleuth:GummyWormZombie"],"picked":"theSleuth:Conjure+1","floor":33},{"not_picked":["theSleuth:Taze+1","theSleuth:ClubClubClub+1","theSleuth:BenStillerBust+1"],"picked":"SKIP","floor":35},{"not_picked":["theSleuth:TripleScuffle+1","theSleuth:TruffleShuffle+1","theSleuth:Taze+1"],"picked":"SKIP","floor":37},{"not_picked":["theSleuth:Taze+1","theSleuth:Frijolaegis+1","theSleuth:WeighIn"],"picked":"SKIP","floor":38},{"not_picked":["theSleuth:Tootshotgun+1","theSleuth:SnoopDoggBust+1","theSleuth:Unscale"],"picked":"SKIP","floor":40},{"not_picked":["theSleuth:VictoryPose","theSleuth:BellyOTheWhale+1"],"picked":"theSleuth:CandyCane+1","floor":41},{"not_picked":["theSleuth:Appropriate+1","theSleuth:BenStillerBust+1","theSleuth:Deprogram"],"picked":"SKIP","floor":46},{"not_picked":["theSleuth:SnoopDoggBust+1","theSleuth:Ignore","theSleuth:VictoryPose"],"picked":"SKIP","floor":47},{"not_picked":["theSleuth:Pepperminthryl+1","theSleuth:Joust+1"],"picked":"theSleuth:Treaty+1","floor":48}],"player_experience":6830,"relics_obtained":[{"floor":6,"key":"Vajra"},{"floor":9,"key":"hubris:PeanutButter"},{"floor":11,"key":"Odd Mushroom"},{"floor":13,"key":"Happy Flower"},{"floor":17,"key":"Centennial Puzzle"},{"floor":17,"key":"Molten Egg 2"},{"floor":17,"key":"Girya"},{"floor":24,"key":"Blood Vial"},{"floor":26,"key":"Potion Belt"},{"floor":30,"key":"Kunai"},{"floor":40,"key":"Lantern"},{"floor":41,"key":"AtMidnight"},{"floor":42,"key":"CaptainsWheel"},{"floor":43,"key":"Incense Burner"}],"event_choices":[{"damage_healed":0,"gold_gain":0,"player_choice":"Entered Light","damage_taken":15,"max_hp_gain":0,"max_hp_loss":0,"event_name":"Shining Light","floor":4,"gold_loss":0,"cards_upgraded":["theSleuth:Joust","theSleuth:Defend"]},{"damage_healed":0,"gold_gain":0,"player_choice":"Grow","damage_taken":0,"max_hp_gain":0,"max_hp_loss":0,"event_name":"Living Wall","floor":5,"gold_loss":0,"cards_upgraded":["theSleuth:KeyHandgun"]},{"damage_healed":0,"gold_gain":0,"player_choice":"Success","damage_taken":3,"relics_obtained":["Bag of Marbles"],"max_hp_gain":0,"max_hp_loss":0,"event_name":"Scrap Ooze","floor":7,"gold_loss":0},{"damage_healed":0,"gold_gain":175,"player_choice":"AGREE","damage_taken":0,"max_hp_gain":0,"max_hp_loss":0,"event_name":"Liars Game","floor":10,"gold_loss":0,"cards_obtained":["Doubt"]},{"damage_healed":0,"gold_gain":0,"player_choice":"Fought Mushrooms","damage_taken":0,"max_hp_gain":0,"max_hp_loss":0,"event_name":"Mushrooms","floor":11,"gold_loss":0},{"damage_healed":0,"gold_gain":0,"player_choice":"Obtained Relic","damage_taken":0,"relics_obtained":["hubris:SphereOfDissonance"],"max_hp_gain":0,"max_hp_loss":0,"event_name":"Addict","floor":19,"gold_loss":85},{"damage_healed":0,"gold_gain":0,"player_choice":"Simplicity","damage_taken":0,"max_hp_gain":0,"max_hp_loss":0,"event_name":"Back to Basics","floor":22,"gold_loss":0,"cards_upgraded":["theSleuth:Strike","theSleuth:Strike","theSleuth:Strike","theSleuth:Strike","theSleuth:Defend","theSleuth:Defend"]},{"cards_removed":["Laetitia"],"damage_healed":0,"gold_gain":0,"player_choice":"Gave Gold","damage_taken":0,"max_hp_gain":0,"max_hp_loss":0,"event_name":"Beggar","floor":28,"gold_loss":75},{"damage_healed":0,"gold_gain":0,"player_choice":"Read","damage_taken":0,"max_hp_gain":0,"max_hp_loss":0,"event_name":"The Library","floor":29,"gold_loss":0,"cards_obtained":["theSleuth:Taze"]},{"damage_healed":0,"gold_gain":0,"player_choice":"Fight","damage_taken":0,"max_hp_gain":0,"max_hp_loss":0,"event_name":"MindBloom","floor":42,"gold_loss":0},{"damage_healed":0,"gold_gain":0,"player_choice":"Paid","damage_taken":0,"relics_obtained":["Red Mask"],"max_hp_gain":0,"max_hp_loss":0,"event_name":"Tomb of Lord Red Mask","floor":44,"gold_loss":629}],"is_beta":false,"boss_relics":[{"not_picked":["theSleuth:MegatonKey","hubris:VirtuousBlindfold"],"picked":"Calling Bell"},{"not_picked":["hubris:RunicObelisk","Astrolabe"],"picked":"theSleuth:AffinityCrow"}],"items_purged_floors":[],"is_endless":false,"potions_floor_spawned":[1,3,11,13,20,24,30,31,38,41,46,48],"killed_by":"Time Eater","ascension_level":0}}