{"host":"m4zn6rtsd36lrr22","time":1611135196,"event":{"mods":["2.2 Compatiblity","Act Like it!","BaseMod","Better Synergies","BetterRewards","CapriCore","Colored Map","Custom Start","Gensokyo","GungeonMod","HololiveMod","Ironclad Rager","Lobotomy","LobotomyExtend","Luminous","Minty Spire (QoL Compilation)","Permanent Neow","Poor People Problems","Prisma Mod","Quick Restart","Reimu（博丽灵梦）","Relic Stats","Remilia（蕾米莉亚）","Remove Card Discount Mod","Replay The Spire","RumiaBox-露米娅的神秘盒子","Shop Mod","Spicy Shops","StSLib","The Alterego","The Animator","The Immortal","WarShipGirlsR/战舰少女R mod","Yakumo Yukari mod","noobMod","【功能Mod】混沌之环修复补丁","【遗物卡牌】REMEMod"],"gold_per_floor":[112,130,130,100017,100031,87756,87756,87756,87756,87791,87791,87791,87791,87803,87803,87818,87818,87818,87923,87923,87942,87960,87960,87974,87974,87974,87994,87954,87954,87965,87983,87997,87997,87997,87997,88016,88016,88111,88111,88125,88075,88090,88101,88111,88136,88236,88236,88236,88315,88332,88332,88366,88366,88366,88366],"floor_reached":56,"language":"ZHS","playtime":2558,"items_purged":["Strike_RM","Strike_RM","Magnetism+1","Defend_RM","Defend_RM","Defend_RM","RedMoon","ScarletShoot","Defend_RM","Strike_RM","Strike_RM","Sadistic Nature","Dark Shackles","Deep Breath","Finesse","DemoMod:Deposit","Blind","DemoMod:Deposit","Finesse","Master of Strategy","ReplayUltimateDefense","Replay:Parry","Blind","Replay:Parry","ReplayTheSpireMod:Uncanny Aura","Bandage Up","Discovery","Panacea","REME_TwoStrings","REME_PuzzleBox","Replay:Sssssssssstrike","REME_ShortnessOfBreath","Discovery","ReplayTheSpireMod:Trickstab","HandOfGreed","REME_ShortnessOfBreath","Mayhem","ReplayTheSpireMod:Trickstab","Specialist","Replay:Sssssssssshield","REME_ProfessionalPlagiarism","REME_ShortnessOfBreath","Specialist","Chrysalis","Magnetism","Mind Blast","REME_TheoryOfElimination","REME_MagicPocketWatch","Forethought","Sadistic Nature","ReplayTheSpireMod:Private Reserves","Thinking Ahead","Good Instincts","Flash of Steel","REME_WheelOfFate","Purity","Dark Shackles","Violence","Survey Options","Deep Breath","Dramatic Entrance","Specialist","ReplayTheSpireMod:Private Reserves","REME_TwoStrings","Mind Blast","Replay:Bootleg Shield Generator","Blind","Replay:Sssssssssshield","Secret Weapon","Crow Ritual","Trip","DemoMod:Deposit","Chrysalis","Panacea","Replay:Parry","Deep Breath","Replay:Parry","Midas Touch","Replay:Bootleg Shield Generator","Madness","Enlightenment","REME_FirmDetermination","Panacea","Specialist","ReplayTheSpireMod:Necrogeddon","Specialist","Chrysalis","Jack Of All Trades","Sadistic Nature","REME_ShortnessOfBreath","Dramatic Entrance","REME_MagicPocketWatch","Specialist","PanicButton","Purity","Magnetism","Flash of Steel","Replay:Sssssssssstrike","Survey Options","Madness","Good Instincts","PanicButton","ReplayTheSpireMod:Uncanny Aura","Madness","Replay:BasicMightCard","Madness","Discovery","Forethought","REME_TheoryOfElimination","Bandage Up","ReplayTheSpireMod:Brewmster","Purity","Replay:Sssssssssstrike","Enlightenment","Madness","Panacea","Madness","REME_ProfessionalPlagiarism","Replay:BasicMightCard","ReplayTheSpireMod:Private Reserves","Enlightenment","Replay:Sssssssssshield","Finesse","Dark Shackles","Trip","Specialist","PanicButton","ReplayUltimateDefense","Trip","REME_TheoryOfElimination","Replay:Parry","The Bomb","REME_BuildACard","Survey Options","Swift Strike","Replay:BasicMightCard","Replay:BasicMightCard"],"score":1113,"play_id":"424ae66f-1d23-4921-8457-d440fc2a5725","local_time":"20210120173316","is_ascension_mode":false,"campfire_choices":[{"data":"REME_TwoStrings","floor":9.0,"key":"SMITH"},{"floor":11.0,"key":"RECALL"},{"data":"REME_TwoStrings","floor":18.0,"key":"SMITH"},{"floor":37.0,"key":"REST"},{"floor":54,"key":"REST"}],"circlet_count":0,"master_deck":["REME_TwoStrings+1","REME_BodyOfCthun+1","REME_EyeOfCthun+1","REME_MawOfCthun+1","REME_TwoStrings+1","REME_HeartOfCthun+1"],"relics":["ScarletHat","REME_ComplimentaryCards","ice","Lizard Tail","LetterFromLob","Unceasing Top","Blue Candle","Medical Kit","The Courier","Medical Kit","MerchantsRug","MealTicket","DemoMod:PoisonVial","Eternal Feather","animator:PurgingStone","Vajra","Art of War","Question Card","GodSword1"],"acts_visited":["Exordium","TheCity","TheBeyond"],"potions_floor_usage":[],"damage_taken":[{"damage":1.0,"enemies":"Jaw Worm","floor":1.0,"turns":3.0},{"damage":5.0,"enemies":"Small Slimes","floor":2.0,"turns":3.0},{"damage":302.0,"enemies":"Cultist","floor":4.0,"turns":4.0},{"damage":0.0,"enemies":"Exordium Wildlife","floor":5.0,"turns":4.0},{"damage":9.0,"enemies":"Gremlin Nob","floor":10.0,"turns":4.0},{"damage":0.0,"enemies":"Lots of Slimes","floor":14.0,"turns":2.0},{"damage":0.0,"enemies":"Exordium Thugs","floor":16.0,"turns":1.0},{"damage":6.0,"enemies":"The Guardian","floor":19.0,"turns":3.0},{"damage":0.0,"enemies":"2 Thieves","floor":21.0,"turns":1.0},{"damage":0.0,"enemies":"Spheric Guardian","floor":22.0,"turns":1.0},{"damage":0.0,"enemies":"Cultist and Chosen","floor":24.0,"turns":3.0},{"damage":0.0,"enemies":"Shelled Parasite and Fungi","floor":27.0,"turns":3.0},{"damage":0.0,"enemies":"3 Cultists","floor":30.0,"turns":2.0},{"damage":0.0,"enemies":"Cultist and Chosen","floor":31.0,"turns":3.0},{"damage":1.0,"enemies":"Centurion and Healer","floor":32.0,"turns":3.0},{"damage":3.0,"enemies":"Chosen and Byrds","floor":36.0,"turns":3.0},{"damage":0.0,"enemies":"Champ","floor":38.0,"turns":3.0},{"damage":0.0,"enemies":"Orb Walker","floor":40.0,"turns":2.0},{"damage":3.0,"enemies":"3 Shapes","floor":42.0,"turns":3.0},{"damage":0,"enemies":"Jaw Worm Horde","floor":43,"turns":1},{"damage":3,"enemies":"Sphere and 2 Shapes","floor":44,"turns":1},{"damage":31,"enemies":"R_Hoarder","floor":45,"turns":3},{"damage":4,"enemies":"Maw","floor":50,"turns":3},{"damage":0,"enemies":"Reptomancer","floor":52,"turns":3},{"damage":3,"enemies":"Awakened One","floor":55,"turns":4},{"damage":21,"enemies":"Malkuth","floor":56,"turns":4},{"damage":0,"enemies":"Netzach","floor":56,"turns":2},{"damage":0,"enemies":"Tiphereth","floor":56,"turns":2},{"damage":7,"enemies":"Hokma","floor":56,"turns":3},{"damage":53,"enemies":"Angela","floor":56,"turns":3}],"seed_played":"-8157716799544873984","potions_obtained":[{"floor":2.0,"key":"Toxic Potion"},{"floor":5.0,"key":"Adrenaline Potion"},{"floor":14.0,"key":"Fire Potion"}],"is_trial":false,"path_per_floor":["M","M","?","M","M","$","T","$","R","E","R","T","?","M","M","M","$","R","B",null,"M","M","?","M","?","?","M","?","T","M","M","M","PTL","PTL","$","M","R","B",null,"M","?","M","M","M","E","?","$","T","T","M","?","E","$","R","B",null],"character_chosen":"REMILIA","items_purchased":["Sadistic Nature","Mind Blast","Dark Shackles","REME_ShortnessOfBreath","Replay:Bootleg Shield Generator","Violence","Replay:Parry","Blind","REME_TwoStrings","Replay:Sssssssssshield","DemoMod:Deposit","Deep Breath","Finesse","Secret Weapon","Blind","DemoMod:Deposit","Finesse","Master of Strategy","ReplayUltimateDefense","Replay:Parry","Blind","Panacea","ReplayTheSpireMod:Uncanny Aura","Bandage Up","Discovery","REME_ShortnessOfBreath","REME_TwoStrings","REME_PuzzleBox","Replay:Sssssssssstrike","Discovery","Trip","ReplayTheSpireMod:Trickstab","HandOfGreed","Flash of Steel","Mayhem","ReplayTheSpireMod:Trickstab","Specialist","Replay:Sssssssssshield","REME_ProfessionalPlagiarism","REME_ShortnessOfBreath","Specialist","Chrysalis","Magnetism","Mind Blast","REME_TheoryOfElimination","REME_MagicPocketWatch","Forethought","Sadistic Nature","ReplayTheSpireMod:Private Reserves","Thinking Ahead","Good Instincts","Purity","REME_WheelOfFate","Dark Shackles","Dramatic Entrance","Survey Options","Deep Breath","REME_TwoStrings","Replay:Parry","ReplayTheSpireMod:Private Reserves","DemoMod:Deposit","Panacea","Replay:Parry","Specialist","Deep Breath","Midas Touch","Crow Ritual","ReplayTheSpireMod:Necrogeddon","Replay:Bootleg Shield Generator","Madness","Chrysalis","REME_FirmDetermination","Enlightenment","Panacea","Specialist","Chrysalis","Specialist","Jack Of All Trades","Sadistic Nature","REME_ShortnessOfBreath","Dramatic Entrance","REME_BodyOfCthun","REME_MagicPocketWatch","Specialist","REME_EyeOfCthun","Replay:BasicMightCard","PanicButton","Magnetism","Flash of Steel","Replay:Sssssssssstrike","Survey Options","Madness","Purity","REME_TheoryOfElimination","Madness","Discovery","Forethought","Good Instincts","REME_MawOfCthun","PanicButton","ReplayTheSpireMod:Uncanny Aura","Madness","Purity","Madness","Panacea","Madness","REME_ProfessionalPlagiarism","Bandage Up","ReplayTheSpireMod:Brewmster","ReplayTheSpireMod:Private Reserves","Replay:Sssssssssstrike","Enlightenment","Enlightenment","Replay:Sssssssssshield","Finesse","REME_TwoStrings","Replay:BasicMightCard","Trip","Specialist","PanicButton","ReplayUltimateDefense","Dark Shackles","Trip","REME_TheoryOfElimination","Replay:Parry","The Bomb","REME_BuildACard","Survey Options","Swift Strike","Replay:BasicMightCard","Replay:BasicMightCard","REME_HeartOfCthun","MerchantsRug","MealTicket"],"campfire_rested":2,"item_purchase_floors":[6,6,6,6,6,6,6,6,6,6,6,6,6,6,6,6,6,6,6,6,6,6,6,6,6,6,6,6,6,6,6,6,6,6,6,6,6,6,6,6,6,6,6,6,6,6,6,6,6,6,6,6,6,6,6,6,6,6,6,6,6,6,6,6,6,6,6,6,6,6,6,6,6,6,6,6,6,6,6,6,6,6,6,6,6,6,6,6,6,6,6,6,6,6,6,6,6,6,6,6,6,6,6,6,6,6,6,6,6,6,6,6,6,6,6,6,6,6,6,6,6,6,6,6,6,6,6,6,6,6,6,6,6,6],"current_hp_per_floor":[69,64,64,298,298,298,298,313,313,304,304,304,184,184,184,184,199,202,196,600,600,600,600,600,600,600,600,600,600,600,600,599,599,599,600,597,600,600,600,600,600,597,597,594,564,564,579,579,579,575,575,575,590,600,597],"gold":88366,"neow_bonus":"","is_daily":false,"chose_seed":false,"campfire_upgraded":2,"win_rate":0.0,"timestamp":1611135196,"path_taken":["M","M","?","$","?","$","?","$","R","E","R","T","?","M","M","M","$","R","BOSS","M","M","?","?","?","?","M","?","T","M","?","M","PTL","PTL","$","M","R","BOSS","M","?","?","M","?","E","?","?","T","?","?","?","E","$","R","BOSS"],"items_purchased_type":["Card","Card","Card","Card","Card","Card","Card","Card","Card","Card","Card","Card","Card","Card","Card","Card","Card","Card","Card","Card","Card","Card","Card","Card","Card","Card","Card","Card","Card","Card","Card","Card","Card","Card","Card","Card","Card","Card","Card","Card","Card","Card","Card","Card","Card","Card","Card","Card","Card","Card","Card","Card","Card","Card","Card","Card","Card","Card","Card","Card","Card","Card","Card","Card","Card","Card","Card","Card","Card","Card","Card","Card","Card","Card","Card","Card","Card","Card","Card","Card","Card","Card","Card","Card","Card","Card","Card","Card","Card","Card","Card","Card","Card","Card","Card","Card","Card","Card","Card","Card","Card","Card","Card","Card","Card","Card","Card","Card","Card","Card","Card","Card","Card","Card","Card","Card","Card","Card","Card","Card","Card","Card","Card","Card","Card","Card","Card","Card","Card","Card","Card","Card","Relic","Relic"],"build_version":"2020-12-22","purchased_purges":137,"victory":true,"max_hp_per_floor":[70,70,70,600,600,600,600,600,600,600,600,600,600,600,600,600,600,600,600,600,600,600,600,600,600,600,600,600,600,600,600,600,600,600,600,600,600,600,600,600,600,600,600,600,600,600,600,600,600,600,600,600,600,600,600],"relic_stats":{"Lizard Tail":0,"counters":[51,109],"Blue Candle":[0],"MealTicket":61,"Eternal Feather":9,"Art of War":[3],"Medical Kit":[2],"Question Card":38,"obtain_stats":[{"Replay:Accelerometer":3,"ScarletDevilRocket":3,"DemoMod:AgedBell":3,"DemoMod:PoisonVial":3,"Blood Vial":3,"Replay:Bottled Flurry":3,"Replay:Bottled Steam":3,"MerchantsRug":6,"Blue Candle":0,"DemoMod:OrangeGuonStone":3,"Eternal Feather":3,"Pen Nib":3,"REME_LimitBreaker":3,"Bird Faced Urn":3,"DemoMod:Relodestone":3,"Unceasing Top":0,"Regal Pillow":3,"Torii":3,"DemoMod:BigBoy":3,"Ancient Tea Set":3,"Smiling Mask":11,"Pet Ghost":3,"RedBat":3,"Replay:Bottled Eggs":3,"InkBottle":3,"ZombieArmy":3,"Potion Belt":3,"DemoMod:Antibody":3,"PreservedInsect":3,"Replay:Arrowhead":3,"ChaoDraw":3,"Ornamental Fan":3,"REME_HandOfSuture":3,"Garlic":3,"Durian":3,"Art of War":3,"REME_ComplimentaryCards":0,"Ice Cream":3,"Divine Protection":3,"DemoMod:BlueGuonStone":3,"Calipers":0,"Gremlin Horn":3,"DemoMod:GlassGuonStoneRelic":7,"ice":0,"theSenshi:FeatherClipsRelic":3,"Centennial Puzzle":3,"DemoMod:MonsterBlood":3,"Ccalipers":3,"Prayer Wheel":3,"Iron Hammer":3,"DemoMod:ClearGuonStone":3,"DemoMod:ChaffGrenade":3,"Gungnir":3,"Du-Vu Doll":3,"REME_HourglassOfDeath":3,"PlanX":3,"DemoMod:NanoMachines":3,"Onion Ring":3,"GodSword7":3,"GodSword6":3,"GodSword5":3,"GodSword4":3,"Mirror":3,"GodSword3":3,"Pocketwatch":3,"GodSword1":3,"SecretRecord":3,"Juzu Bracelet":0,"Replay:Mystery Machine":3,"Dream Catcher":3,"Nunchaku":3,"Chameleon Ring":3,"animator:PurgingStone":25,"Replay:Bottled Snecko":3,"DemoMod:Armor":3,"DemoMod:MemoryAlloy":3,"Guide Book":3,"Replay:WaspNest":3,"Medical Kit":0,"Mercury Hourglass":3,"Bag of Marbles":3,"Membership Card":0,"REME_CardOfGreed":20,"DemoMod:RingOfEthereal":3,"DemoMod:Bottle":3,"DemoMod:VorpalBullet":3,"FossilizedHelix":3,"RuthlessExorcism:ReiMu":3,"Golden Egg":3,"Ginger":3,"Whetstone":3,"MagicDraw4":3,"Bottled Tornado":3,"Boot":3,"MagicDraw3":3,"MagicDraw2":3,"MagicDraw1":3,"Replay:Ringing Soul":3,"Sundial":3,"DemoMod:LamentConfigurum":3,"DemoMod:MeltedRock":3,"MealTicket":3,"REME_ArchaeologicalTools":3,"Kunai":3,"Replay:Wax Seal":3,"Pear":3,"Counterbalance":3,"DemoMod:GundromedaStrain":3,"DemoMod:SerJunkan":3,"DemoMod:ResourcefulSack":3,"Lantern":3,"REME_ChargedStone":17,"StoneCalendar":3,"Bag of Preparation":3,"Replay:Multitool":3,"ScarletHat":0,"Replay:Rubber Ducky":3,"Matryoshka":3,"Shovel":3,"WingedGreaves":3,"DemoMod:WeirdEgg":3,"Thread and Needle":3,"DemoMod:PartiallyEatenCheese":3,"The Courier":0,"DemoMod:PinkGuonStone":3,"Omamori":3,"Frozen Egg 2":3,"LastBattle":3,"PureWhite:ReiMu":3,"CrazyTorch:ReiMu":3,"Turnip":3,"Bottled Lightning":3,"REME_PuzzleBoxRelic":3,"ReplayTheSpireMod:Lightbulb":3,"Toy Ornithopter":3,"DemoMod:GreenGuonStone":3,"Tea:ReiMu":3,"SSSystem":3,"Vajra":3,"REME_IWantAll":3,"Lizard Tail":3,"HornCleat":3,"Mastiff:ReiMu":3,"DemoMod:Metronome":3,"Strawberry":3,"Toxic Egg 2":3,"theSenshi:SailorFukuRelic":3,"MoreBug":3,"DemoMod:Orange":3,"Happy Flower":3,"Oddly Smooth Stone":3,"Replay:Kaleidoscope":3,"Letter Opener":3,"War Paint":3,"Question Card":3,"Bottled Flame":3,"Replay:Baseball":3,"ReplayTheSpireMod:Shallot":3,"Shuriken":3,"Bronze Scales":3,"DemoMod:DecoyRelic":3,"Molten Egg 2":3,"ReplayTheSpireMod:TigerMarble":3,"Meat on the Bone":3,"Darkstone Periapt":3,"ReplayFunnel":3,"Replay:PocketPolymizer":3,"FairyMaid":3,"Mango":3,"Incense Burner":3,"DemoMod:WhiteGuonStone":3,"Replay:Bandana":3,"Mummified Hand":0,"Gambling Chip":3,"Pantograph":3,"Tiny Chest":3,"DemoMod:JetPack":3,"SumBook":3,"Gremlin Food":3,"DemoMod:Junk":9,"TypeBBloodRedTea":3,"ReplayTheSpireMod:Ninjato":3,"Replay:Towering Pillar of Hats":3,"Quantum Egg":3,"Orichalcum":3,"White Beast Statue":3,"Peace Pipe":0,"Anchor":3,"Hololive_LightStick":3,"CaptainsWheel":3,"LetterFromLob":1,"Snack Pack":3,"TungstenRod":3},{"Replay:Accelerometer":2,"ScarletDevilRocket":2,"DemoMod:AgedBell":2,"DemoMod:PoisonVial":2,"Blood Vial":2,"Replay:Bottled Flurry":2,"Replay:Bottled Steam":2,"MerchantsRug":25,"Blue Candle":0,"DemoMod:OrangeGuonStone":2,"Eternal Feather":2,"Pen Nib":2,"REME_LimitBreaker":2,"Bird Faced Urn":2,"DemoMod:Relodestone":2,"Unceasing Top":0,"Regal Pillow":2,"Torii":2,"DemoMod:BigBoy":2,"Ancient Tea Set":2,"Smiling Mask":15,"Pet Ghost":2,"RedBat":2,"Replay:Bottled Eggs":2,"InkBottle":2,"ZombieArmy":2,"Potion Belt":2,"DemoMod:Antibody":2,"PreservedInsect":2,"Replay:Arrowhead":2,"ChaoDraw":2,"Ornamental Fan":2,"REME_HandOfSuture":2,"Garlic":2,"Durian":2,"Art of War":2,"REME_ComplimentaryCards":0,"Ice Cream":2,"Divine Protection":2,"DemoMod:BlueGuonStone":2,"Calipers":0,"Gremlin Horn":2,"DemoMod:GlassGuonStoneRelic":4,"ice":0,"theSenshi:FeatherClipsRelic":2,"Centennial Puzzle":2,"DemoMod:MonsterBlood":2,"Ccalipers":2,"Prayer Wheel":2,"Iron Hammer":2,"DemoMod:ClearGuonStone":2,"DemoMod:ChaffGrenade":2,"Gungnir":2,"Du-Vu Doll":2,"REME_HourglassOfDeath":2,"PlanX":2,"DemoMod:NanoMachines":2,"Onion Ring":2,"GodSword7":2,"GodSword6":2,"GodSword5":2,"GodSword4":2,"Mirror":2,"GodSword3":2,"Pocketwatch":2,"GodSword1":2,"SecretRecord":2,"Juzu Bracelet":0,"Replay:Mystery Machine":2,"Dream Catcher":2,"Nunchaku":2,"Chameleon Ring":2,"animator:PurgingStone":32,"Replay:Bottled Snecko":2,"DemoMod:Armor":2,"DemoMod:MemoryAlloy":2,"Guide Book":2,"Replay:WaspNest":2,"Medical Kit":0,"Mercury Hourglass":2,"Bag of Marbles":2,"Membership Card":0,"REME_CardOfGreed":10,"DemoMod:RingOfEthereal":2,"DemoMod:Bottle":2,"DemoMod:VorpalBullet":2,"FossilizedHelix":2,"RuthlessExorcism:ReiMu":2,"Golden Egg":2,"Ginger":2,"Whetstone":2,"MagicDraw4":2,"Bottled Tornado":2,"Boot":2,"MagicDraw3":2,"MagicDraw2":2,"MagicDraw1":2,"Replay:Ringing Soul":2,"Sundial":2,"DemoMod:LamentConfigurum":2,"DemoMod:MeltedRock":2,"MealTicket":2,"REME_ArchaeologicalTools":2,"Kunai":2,"Replay:Wax Seal":2,"Pear":2,"Counterbalance":2,"DemoMod:GundromedaStrain":2,"DemoMod:SerJunkan":2,"DemoMod:ResourcefulSack":2,"Lantern":2,"REME_ChargedStone":9,"StoneCalendar":2,"Bag of Preparation":2,"Replay:Multitool":2,"ScarletHat":0,"Replay:Rubber Ducky":2,"Matryoshka":2,"Shovel":2,"WingedGreaves":2,"DemoMod:WeirdEgg":2,"Thread and Needle":2,"DemoMod:PartiallyEatenCheese":2,"The Courier":0,"DemoMod:PinkGuonStone":2,"Omamori":2,"Frozen Egg 2":2,"LastBattle":2,"PureWhite:ReiMu":2,"CrazyTorch:ReiMu":2,"Turnip":2,"Bottled Lightning":2,"REME_PuzzleBoxRelic":2,"ReplayTheSpireMod:Lightbulb":2,"Toy Ornithopter":2,"DemoMod:GreenGuonStone":2,"Tea:ReiMu":2,"SSSystem":2,"Vajra":2,"REME_IWantAll":2,"Lizard Tail":2,"HornCleat":2,"Mastiff:ReiMu":2,"DemoMod:Metronome":2,"Strawberry":2,"Toxic Egg 2":2,"theSenshi:SailorFukuRelic":2,"MoreBug":2,"DemoMod:Orange":2,"Happy Flower":2,"Oddly Smooth Stone":2,"Replay:Kaleidoscope":2,"Letter Opener":2,"War Paint":2,"Question Card":2,"Bottled Flame":2,"Replay:Baseball":2,"ReplayTheSpireMod:Shallot":2,"Shuriken":2,"Bronze Scales":2,"DemoMod:DecoyRelic":2,"Molten Egg 2":2,"ReplayTheSpireMod:TigerMarble":2,"Meat on the Bone":2,"Darkstone Periapt":2,"ReplayFunnel":2,"Replay:PocketPolymizer":2,"FairyMaid":2,"Mango":2,"Incense Burner":2,"DemoMod:WhiteGuonStone":2,"Replay:Bandana":2,"Mummified Hand":0,"Gambling Chip":2,"Pantograph":2,"Tiny Chest":2,"DemoMod:JetPack":2,"SumBook":2,"Gremlin Food":2,"DemoMod:Junk":4,"TypeBBloodRedTea":2,"ReplayTheSpireMod:Ninjato":2,"Replay:Towering Pillar of Hats":2,"Quantum Egg":2,"Orichalcum":2,"White Beast Statue":2,"Peace Pipe":0,"Anchor":2,"Hololive_LightStick":2,"CaptainsWheel":2,"LetterFromLob":1,"Snack Pack":2,"TungstenRod":2},{"Replay:Accelerometer":6,"ScarletDevilRocket":6,"DemoMod:AgedBell":6,"DemoMod:PoisonVial":6,"Blood Vial":6,"Replay:Bottled Flurry":6,"Replay:Bottled Steam":6,"MerchantsRug":43,"Blue Candle":0,"DemoMod:OrangeGuonStone":6,"Eternal Feather":6,"Pen Nib":6,"REME_LimitBreaker":6,"Bird Faced Urn":6,"DemoMod:Relodestone":6,"Unceasing Top":0,"Regal Pillow":6,"Torii":6,"DemoMod:BigBoy":6,"Ancient Tea Set":6,"Smiling Mask":19,"Pet Ghost":6,"RedBat":6,"Replay:Bottled Eggs":6,"InkBottle":6,"ZombieArmy":6,"Potion Belt":6,"DemoMod:Antibody":6,"PreservedInsect":6,"Replay:Arrowhead":6,"ChaoDraw":6,"Ornamental Fan":6,"REME_HandOfSuture":6,"Garlic":6,"Durian":6,"Art of War":6,"REME_ComplimentaryCards":0,"Ice Cream":6,"Divine Protection":6,"DemoMod:BlueGuonStone":6,"Calipers":0,"Gremlin Horn":6,"DemoMod:GlassGuonStoneRelic":8,"ice":0,"theSenshi:FeatherClipsRelic":6,"Centennial Puzzle":6,"DemoMod:MonsterBlood":6,"Ccalipers":6,"Prayer Wheel":6,"Iron Hammer":6,"DemoMod:ClearGuonStone":6,"DemoMod:ChaffGrenade":6,"Gungnir":6,"Du-Vu Doll":6,"REME_HourglassOfDeath":6,"PlanX":6,"DemoMod:NanoMachines":6,"Onion Ring":6,"GodSword7":6,"GodSword6":6,"GodSword5":6,"GodSword4":6,"Mirror":6,"GodSword3":6,"Pocketwatch":6,"GodSword1":6,"SecretRecord":6,"Juzu Bracelet":0,"Replay:Mystery Machine":6,"Dream Catcher":6,"Nunchaku":6,"Chameleon Ring":6,"animator:PurgingStone":58,"Replay:Bottled Snecko":6,"DemoMod:Armor":6,"DemoMod:MemoryAlloy":6,"Guide Book":6,"Replay:WaspNest":6,"Medical Kit":0,"Mercury Hourglass":6,"Bag of Marbles":6,"Membership Card":0,"REME_CardOfGreed":14,"DemoMod:RingOfEthereal":6,"DemoMod:Bottle":6,"DemoMod:VorpalBullet":6,"FossilizedHelix":6,"RuthlessExorcism:ReiMu":6,"Golden Egg":6,"Ginger":6,"Whetstone":6,"MagicDraw4":6,"Bottled Tornado":6,"Boot":6,"MagicDraw3":6,"MagicDraw2":6,"MagicDraw1":6,"Replay:Ringing Soul":6,"Sundial":6,"DemoMod:LamentConfigurum":6,"DemoMod:MeltedRock":6,"MealTicket":6,"REME_ArchaeologicalTools":6,"Kunai":6,"Replay:Wax Seal":6,"Pear":6,"Counterbalance":6,"DemoMod:GundromedaStrain":6,"DemoMod:SerJunkan":6,"DemoMod:ResourcefulSack":6,"Lantern":6,"REME_ChargedStone":13,"StoneCalendar":6,"Bag of Preparation":6,"Replay:Multitool":6,"ScarletHat":0,"Replay:Rubber Ducky":6,"Matryoshka":6,"Shovel":6,"WingedGreaves":6,"DemoMod:WeirdEgg":6,"Thread and Needle":6,"DemoMod:PartiallyEatenCheese":6,"The Courier":0,"DemoMod:PinkGuonStone":6,"Omamori":6,"Frozen Egg 2":6,"LastBattle":6,"PureWhite:ReiMu":6,"CrazyTorch:ReiMu":6,"Turnip":6,"Bottled Lightning":6,"REME_PuzzleBoxRelic":6,"ReplayTheSpireMod:Lightbulb":6,"Toy Ornithopter":6,"DemoMod:GreenGuonStone":6,"Tea:ReiMu":6,"SSSystem":6,"Vajra":6,"REME_IWantAll":6,"Lizard Tail":6,"HornCleat":6,"Mastiff:ReiMu":6,"DemoMod:Metronome":6,"Strawberry":6,"Toxic Egg 2":6,"theSenshi:SailorFukuRelic":6,"MoreBug":6,"DemoMod:Orange":6,"Happy Flower":6,"Oddly Smooth Stone":6,"Replay:Kaleidoscope":6,"Letter Opener":6,"War Paint":6,"Question Card":6,"Bottled Flame":6,"Replay:Baseball":6,"ReplayTheSpireMod:Shallot":6,"Shuriken":6,"Bronze Scales":6,"DemoMod:DecoyRelic":6,"Molten Egg 2":6,"ReplayTheSpireMod:TigerMarble":6,"Meat on the Bone":6,"Darkstone Periapt":6,"ReplayFunnel":6,"Replay:PocketPolymizer":6,"FairyMaid":6,"Mango":6,"Incense Burner":6,"DemoMod:WhiteGuonStone":6,"Replay:Bandana":6,"Mummified Hand":0,"Gambling Chip":6,"Pantograph":6,"Tiny Chest":6,"DemoMod:JetPack":6,"SumBook":6,"Gremlin Food":6,"DemoMod:Junk":8,"TypeBBloodRedTea":6,"ReplayTheSpireMod:Ninjato":6,"Replay:Towering Pillar of Hats":6,"Quantum Egg":6,"Orichalcum":6,"White Beast Statue":6,"Peace Pipe":0,"Anchor":6,"Hololive_LightStick":6,"CaptainsWheel":6,"LetterFromLob":4,"Snack Pack":6,"TungstenRod":6}],"Unceasing Top":[31]},"card_choices":[{"not_picked":["VampireFantasy","BadLadyScramble","ScarletImprint"],"picked":"SKIP","floor":1.0},{"not_picked":["BloodHunter","EndlessAdversity","ChainGang"],"picked":"SKIP","floor":2.0},{"not_picked":["EndlessAdversity","NightDance","BloodySeventeenLaser"],"picked":"SKIP","floor":4.0},{"not_picked":["EndlessAdversity","RedRainbow","MastersStateliness"],"picked":"SKIP","floor":5.0},{"not_picked":["NightLord","EndlessAdversity","RedRainbow"],"picked":"SKIP","floor":10.0},{"not_picked":["VampireFantasy","RedMagic","BloodHunter"],"picked":"SKIP","floor":14.0},{"not_picked":["BlasphemousPunishment","CharismaGuard","NightDance"],"picked":"SKIP","floor":16.0},{"not_picked":["VampireKiss","EternalNight","MastersStateliness"],"picked":"SKIP","floor":21.0},{"not_picked":["SuperhumanBloodyKnife","StarOfDavid","MastersStateliness"],"picked":"SKIP","floor":22.0},{"not_picked":["FavorOfDestiny","BlasphemousPunishment","EndlessAdversity"],"picked":"SKIP","floor":24.0},{"not_picked":["VampireKiss","MillenniumVampire","ScarletSymphony"],"picked":"SKIP","floor":27.0},{"not_picked":["EternalNight","DiffusionOfMisfortune","ForbiddenFruit"],"picked":"SKIP","floor":30.0},{"not_picked":["BlasphemousPunishment+1","BombardNight","VampireKiss"],"picked":"SKIP","floor":31.0},{"not_picked":["ChainGang+1","BloodyHallows","UnderTheZenith"],"picked":"SKIP","floor":32.0},{"not_picked":["Stigmanizer","BloodHunter+1","BlasphemousPunishment+1"],"picked":"SKIP","floor":36.0},{"not_picked":["DevilSight","TwelveNightmare+1","BloodHunter+1"],"picked":"SKIP","floor":40.0},{"not_picked":["ScarletSymphony+1","ScarletDevil","UnstableMagic"],"picked":"SKIP","floor":42.0},{"not_picked":["EndlessAdversity","BlasphemousPunishment","StarOfDavid"],"picked":"SKIP","floor":43},{"not_picked":["ScarletNetherworld","UnderTheZenith","EndlessAdversity"],"picked":"SKIP","floor":44},{"not_picked":["QueenOfMidnight","ScarletDevil+1","BombardNight"],"picked":"SKIP","floor":45},{"not_picked":["CharismaGuard","MillenniumVampire","BlasphemousPunishment","FavorOfDestiny+1"],"picked":"SKIP","floor":50},{"not_picked":["RedRainbow","StarOfDavid+1","UnstableMagic","ScarletImprint+1"],"picked":"SKIP","floor":52}],"player_experience":338498,"relics_obtained":[{"floor":1.0,"key":"LetterFromLob"},{"floor":10.0,"key":"DemoMod:PoisonVial"},{"floor":12.0,"key":"Eternal Feather"},{"floor":29.0,"key":"Vajra"},{"floor":45,"key":"Art of War"},{"floor":48,"key":"Question Card"},{"floor":49,"key":"GodSword1"}],"event_choices":[{"damage_healed":0.0,"max_hp_gain":0.0,"max_hp_loss":0.0,"gold_gain":0.0,"event_name":"Shining Light","player_choice":"Entered Light","floor":13.0,"gold_loss":0.0,"damage_taken":120.0,"cards_upgraded":["REME_EyeOfCthun","REME_BodyOfCthun"]},{"damage_healed":0.0,"max_hp_gain":0.0,"max_hp_loss":0.0,"gold_gain":0.0,"event_name":"NoteForYourself","player_choice":"Ignored","floor":23.0,"gold_loss":0.0,"damage_taken":0.0},{"damage_healed":198.0,"max_hp_gain":0.0,"max_hp_loss":0.0,"gold_gain":0.0,"event_name":"The Library","player_choice":"Heal","floor":26.0,"gold_loss":0.0,"damage_taken":0.0},{"damage_healed":0.0,"max_hp_gain":0.0,"max_hp_loss":0.0,"gold_gain":0.0,"event_name":"Designer","player_choice":"Upgraded Two","floor":28.0,"gold_loss":40.0,"damage_taken":0.0,"cards_upgraded":["REME_MawOfCthun","REME_HeartOfCthun"]},{"damage_healed":0,"gold_gain":100,"player_choice":"Pray","damage_taken":0,"max_hp_gain":0,"max_hp_loss":0,"event_name":"Golden Shrine","floor":46,"gold_loss":0},{"damage_healed":0,"gold_gain":0,"player_choice":"Got Potions","damage_taken":0,"max_hp_gain":0,"max_hp_loss":0,"event_name":"Lab","floor":51,"gold_loss":0}],"is_beta":false,"boss_relics":[{"not_picked":["Hololive_TopUpMoneyS","APieceOfRedMist","Runic Dome"]},{"not_picked":["Philosopher\u0027s Stone","Empty Cage","Replay:Grab Bag"]}],"items_purged_floors":[6,6,6,6,6,6,6,6,6,6,6,6,6,6,6,6,6,6,6,6,6,6,6,6,6,6,6,6,6,6,6,6,6,6,6,6,6,6,6,6,6,6,6,6,6,6,6,6,6,6,6,6,6,6,6,6,6,6,6,6,6,6,6,6,6,6,6,6,6,6,6,6,6,6,6,6,6,6,6,6,6,6,6,6,6,6,6,6,6,6,6,6,6,6,6,6,6,6,6,6,6,6,6,6,6,6,6,6,6,6,6,6,6,6,6,6,6,6,6,6,6,6,6,6,6,6,6,6,6,6,6,6,6,6,6,6,6],"is_endless":false,"potions_floor_spawned":[2,5,14,19,22,30,36,38,40,43,44,52],"ascension_level":0}}