{"host":"oigynbtg272c19pw","time":1611152475,"event":{"mods":["BaseMod","Colored Map","Minty Spire (QoL Compilation)","Relic Stats","Slay the Relics Exporter","StSLib"],"gold_per_floor":[165,165,240,14,24,52,64,64,64,90,105,118,129,161,161,237,237,248,266,316,344,358,358,358],"floor_reached":23,"playtime":1606,"items_purged":["Regret"],"score":476,"play_id":"981a8485-0b1e-4af4-aef9-4465b6947fde","local_time":"20210120152115","is_ascension_mode":true,"campfire_choices":[{"data":"White Noise","floor":8,"key":"SMITH"},{"data":"Tempest","floor":15,"key":"SMITH"}],"circlet_count":0,"master_deck":["AscendersBane","Strike_B","Strike_B","Strike_B+1","Strike_B","Defend_B","Defend_B","Defend_B","Defend_B","Zap","Dualcast","Ball Lightning","Undo","Self Repair","Cold Snap","Go for the Eyes","Capacitor","White Noise+1","Sweeping Beam","Chill","Glacier","Hologram","Barrage","Scrape","Multi-Cast","Tempest+1","Buffer","Reinforced Body","Sunder","Coolheaded+1","Force Field","Hologram+1","Biased Cognition","Skim"],"relics":["Tiny House","TungstenRod","White Beast Statue","Prayer Wheel","HornCleat","Strawberry","Philosopher\u0027s Stone","Red Mask"],"acts_visited":["Exordium","TheCity"],"potions_floor_usage":[6,10,11,12,13,19,19,21,23,23],"damage_taken":[{"damage":10,"enemies":"Small Slimes","floor":1,"turns":3},{"damage":1,"enemies":"Jaw Worm","floor":5,"turns":4},{"damage":7,"enemies":"Lagavulin","floor":6,"turns":8},{"damage":0,"enemies":"2 Louse","floor":7,"turns":3},{"damage":32,"enemies":"Gremlin Nob","floor":10,"turns":5},{"damage":0,"enemies":"Blue Slaver","floor":11,"turns":4},{"damage":4,"enemies":"Exordium Thugs","floor":12,"turns":5},{"damage":0,"enemies":"Large Slime","floor":13,"turns":5},{"damage":0,"enemies":"3 Sentries","floor":14,"turns":10},{"damage":41,"enemies":"Slime Boss","floor":16,"turns":11},{"damage":6,"enemies":"Shell Parasite","floor":18,"turns":8},{"damage":4,"enemies":"3 Byrds","floor":19,"turns":6},{"damage":14,"enemies":"Masked Bandits","floor":21,"turns":6},{"damage":15,"enemies":"Snake Plant","floor":22,"turns":8},{"damage":62,"enemies":"Book of Stabbing","floor":23,"turns":9}],"seed_played":"-4814097561978155758","potions_obtained":[{"floor":0,"key":"Block Potion"},{"floor":1,"key":"PotionOfCapacity"},{"floor":7,"key":"GamblersBrew"},{"floor":10,"key":"EssenceOfSteel"},{"floor":11,"key":"BlessingOfTheForge"},{"floor":12,"key":"LiquidMemories"},{"floor":13,"key":"Ancient Potion"},{"floor":16,"key":"Energy Potion"},{"floor":18,"key":"Swift Potion"},{"floor":19,"key":"SkillPotion"},{"floor":21,"key":"FocusPotion"},{"floor":22,"key":"BlessingOfTheForge"}],"is_trial":false,"path_per_floor":["M","?","?","$","M","E","M","R","T","E","M","M","M","E","R","B",null,"M","M","?","?","M","E"],"character_chosen":"DEFECT","items_purchased":["Self Repair","Cold Snap","Go for the Eyes"],"campfire_rested":0,"item_purchase_floors":[4,4,4],"current_hp_per_floor":[59,59,49,49,55,55,55,55,55,30,37,40,47,61,61,27,69,70,73,73,66,58,0,0],"gold":358,"neow_bonus":"BOSS_RELIC","is_daily":false,"chose_seed":false,"campfire_upgraded":2,"win_rate":0.0,"timestamp":1611152475,"path_taken":["M","?","?","$","M","E","M","R","T","E","M","M","M","E","R","BOSS","M","M","?","?","M","E"],"items_purchased_type":["Card","Card","Card"],"build_version":"2020-12-13","purchased_purges":1,"victory":false,"max_hp_per_floor":[76,76,76,76,76,76,76,76,76,76,76,76,76,83,83,83,83,83,83,83,83,83,83,83],"relic_stats":{"counters":[15,95],"Prayer Wheel":6,"obtain_stats":[{"Tiny House":0,"HornCleat":10,"Strawberry":14,"Prayer Wheel":9,"Philosopher\u0027s Stone":17,"Red Mask":21,"Cracked Core":0,"TungstenRod":2,"White Beast Statue":6},{"Tiny House":0,"HornCleat":5,"Strawberry":9,"Prayer Wheel":4,"Philosopher\u0027s Stone":10,"Red Mask":13,"Cracked Core":0,"TungstenRod":1,"White Beast Statue":3},{"Tiny House":0,"HornCleat":23,"Strawberry":47,"Prayer Wheel":18,"Philosopher\u0027s Stone":58,"Red Mask":78,"Cracked Core":0,"TungstenRod":3,"White Beast Statue":15}],"TungstenRod":38},"card_choices":[{"not_picked":["Rebound","Barrage"],"picked":"Ball Lightning","floor":0},{"not_picked":["White Noise","Rebound"],"picked":"Undo","floor":1},{"not_picked":["Streamline","Storm"],"picked":"Capacitor","floor":5},{"not_picked":["Darkness","Hologram"],"picked":"White Noise","floor":6},{"not_picked":["Cold Snap","Conserve Battery"],"picked":"Sweeping Beam","floor":7},{"not_picked":["Heatsinks","Lockon"],"picked":"Chill","floor":10},{"not_picked":["Leap","Sweeping Beam"],"picked":"Glacier","floor":11},{"not_picked":["Stack","Turbo"],"picked":"Hologram","floor":11},{"not_picked":["Reprogram","Sweeping Beam"],"picked":"Barrage","floor":12},{"not_picked":["Lockon","Fusion"],"picked":"Scrape","floor":12},{"not_picked":["Skim","Streamline"],"picked":"Multi-Cast","floor":13},{"not_picked":["Sweeping Beam","Rebound","Barrage"],"picked":"SKIP","floor":13},{"not_picked":["Capacitor","Coolheaded"],"picked":"Tempest","floor":14},{"not_picked":["Hyperbeam","Meteor Strike"],"picked":"Buffer","floor":16},{"not_picked":["Redo","Rip and Tear"],"picked":"Reinforced Body","floor":18},{"not_picked":["Stack","Rip and Tear"],"picked":"Sunder","floor":18},{"not_picked":["Loop","Steam"],"picked":"Coolheaded+1","floor":19},{"not_picked":["Sweeping Beam","Conserve Battery"],"picked":"Force Field","floor":19},{"not_picked":["Beam Cell","Ball Lightning"],"picked":"Hologram+1","floor":21},{"not_picked":["Ball Lightning","Rebound"],"picked":"Biased Cognition","floor":22},{"not_picked":["Coolheaded","Beam Cell"],"picked":"Skim","floor":22}],"player_experience":1444550,"relics_obtained":[{"floor":6,"key":"White Beast Statue"},{"floor":9,"key":"Prayer Wheel"},{"floor":10,"key":"HornCleat"},{"floor":14,"key":"Strawberry"},{"floor":21,"key":"Red Mask"}],"event_choices":[{"damage_healed":0,"gold_gain":0,"player_choice":"Box","damage_taken":0,"relics_obtained":["TungstenRod"],"max_hp_gain":0,"max_hp_loss":0,"event_name":"Big Fish","floor":2,"gold_loss":0,"cards_obtained":["Regret"]},{"damage_healed":0,"gold_gain":75,"player_choice":"Gather Gold","damage_taken":11,"max_hp_gain":0,"max_hp_loss":0,"event_name":"World of Goop","floor":3,"gold_loss":0},{"damage_healed":0,"gold_gain":50,"player_choice":"Stole From Cult","damage_taken":0,"max_hp_gain":0,"max_hp_loss":0,"event_name":"Nest","floor":20,"gold_loss":0},{"damage_healed":0,"gold_gain":0,"player_choice":"Fought Bandits","damage_taken":0,"max_hp_gain":0,"max_hp_loss":0,"event_name":"Masked Bandits","floor":21,"gold_loss":0}],"is_beta":false,"boss_relics":[{"not_picked":["Sozu","Ectoplasm"],"picked":"Philosopher\u0027s Stone"}],"items_purged_floors":[4],"is_endless":false,"potions_floor_spawned":[1,7,10,11,12,13,14,16,18,19,21,22],"killed_by":"Book of Stabbing","ascension_level":20}}