{"host":"m1hsm1cztz438mir","time":1611184876,"event":{"mods":["2.2 Compatiblity","AchievementEnabler","Act Like it!","Aspiration","BaseMod","Better Altar","Better Match","Better Sensory Stone","Better Skull","Better Third Choice","Colored Map","Conjunction","Curses Come First","Halation","Minty Spire (QoL Compilation)","Permanent Neow","Relic Stats","Replay The Spire","Shop Mod","StSLib"],"gold_per_floor":[15,32,44,44,44,74,74,99,99,99,99,99,99],"floor_reached":12,"language":"ENG","playtime":863,"items_purged":[],"score":112,"play_id":"f464adc2-29d7-4f08-9788-02ed6ff12ecf","local_time":"20210120232116","is_ascension_mode":true,"campfire_choices":[{"floor":7,"key":"REST"}],"circlet_count":0,"master_deck":["Strike_G","Strike_G","Strike_G","Strike_G","Strike_G","Defend_G","Defend_G","Defend_G","Defend_G","Defend_G","Survivor","Neutralize","ReplayTheSpireMod:The Works","Deadly Poison","Hidden Blade","Acrobatics","Tools of the Trade"],"relics":["Ring of the Snake","aspiration:AnachronicSnailShell","Gambling Chip","aspiration:HummingbirdHeart","Counterbalance","Bird Faced Urn"],"acts_visited":["Exordium"],"potions_floor_usage":[6],"damage_taken":[{"damage":0,"enemies":"Cultist","floor":1,"turns":3},{"damage":9,"enemies":"Jaw Worm","floor":2,"turns":4},{"damage":10,"enemies":"Small Slimes","floor":3,"turns":4},{"damage":32,"enemies":"Lagavulin","floor":6,"turns":10},{"damage":21,"enemies":"3 Sentries","floor":8,"turns":15},{"damage":14,"enemies":"Gremlin Nob","floor":12,"turns":5}],"seed_played":"6026210878127374632","potions_obtained":[{"floor":1,"key":"Energy Potion"}],"is_trial":false,"path_per_floor":["M","M","M","$","T","E","R","E","PTL","PTL","T","E"],"character_chosen":"THE_SILENT","items_purchased":[],"campfire_rested":1,"item_purchase_floors":[],"current_hp_per_floor":[63,54,44,44,44,12,33,12,12,12,12,0,0],"gold":99,"neow_bonus":"ONE_RARE_RELIC","is_daily":false,"chose_seed":false,"campfire_upgraded":0,"win_rate":0.0,"timestamp":1611184876,"path_taken":["M","M","?","$","?","E","R","E","PTL","PTL","T","E"],"items_purchased_type":[],"build_version":"2020-12-22","purchased_purges":0,"victory":false,"max_hp_per_floor":[70,70,70,70,70,70,70,70,70,70,70,70,70],"relic_stats":{"counters":[6,41],"Gambling Chip":[11],"Bird Faced Urn":[2],"obtain_stats":[{"aspiration:AnachronicSnailShell":0,"Gambling Chip":5,"Counterbalance":8,"Bird Faced Urn":11,"aspiration:HummingbirdHeart":6,"Ring of the Snake":0},{"aspiration:AnachronicSnailShell":0,"Gambling Chip":3,"Counterbalance":5,"Bird Faced Urn":5,"aspiration:HummingbirdHeart":4,"Ring of the Snake":0},{"aspiration:AnachronicSnailShell":0,"Gambling Chip":11,"Counterbalance":36,"Bird Faced Urn":36,"aspiration:HummingbirdHeart":21,"Ring of the Snake":0}],"Ring of the Snake":[12]},"card_choices":[{"not_picked":["Quick Slash","Poisoned Stab"],"picked":"ReplayTheSpireMod:The Works","floor":1},{"not_picked":["Underhanded Strike","Outmaneuver"],"picked":"Deadly Poison","floor":2},{"not_picked":["Dodge and Roll","Slice"],"picked":"Hidden Blade","floor":3},{"not_picked":["Leg Sweep","ReplayTheSpireMod:Tripwire"],"picked":"Acrobatics","floor":6},{"not_picked":["Leg Sweep","Acrobatics"],"picked":"Tools of the Trade","floor":8}],"player_experience":275303,"relics_obtained":[{"floor":5,"key":"Gambling Chip"},{"floor":6,"key":"aspiration:HummingbirdHeart"},{"floor":8,"key":"Counterbalance"},{"floor":11,"key":"Bird Faced Urn"}],"event_choices":[],"is_beta":false,"boss_relics":[],"items_purged_floors":[],"is_endless":false,"potions_floor_spawned":[1],"killed_by":"Gremlin Nob","ascension_level":6}}