{"host":"njb27ds59h4j3ikk","time":1611123572,"event":{"mods":["AchievementEnabler","BaseMod","Better Altar","Better Match","Better Note","Better Sensory Stone","Better Skull","Better Third Choice","BetterRewards","Downfall","Hermit","Hubris","Minty Spire (QoL Compilation)","Permanent Neow","Quarter Circle Forward PUNCH!","Quick Restart","Rare Cards Sparkle","Shop Mod","StSLib","Trackpad","Transform Curses"],"gold_per_floor":[99,113,130,130,147,166,192,206,223,223,238,238,252,265,281,281,281,281],"floor_reached":16,"language":"ENG","playtime":916,"items_purged":[],"score":100,"play_id":"8816a4e2-c6a3-4b6b-8b7f-93d14907ccf2","local_time":"20210120011932","is_ascension_mode":false,"campfire_choices":[{"data":"bronze:Goto","floor":1.0,"key":"SMITH"},{"floor":10,"key":"REST"}],"circlet_count":0,"master_deck":["bronze:Strike","bronze:Strike","bronze:Strike","bronze:Defend","bronze:Defend","bronze:Defend","bronze:Defend","bronze:Replicate+1","bronze:Goto+1","bronze:Iterate","bronze:WildBeam","bronze:OilSpill","bronze:Optimize","bronze:ChosenStrike","bronze:CloningBeam","bronze:ItsAFeature","bronze:WhirlingStrike","bronze:CutThrough","bronze:Iterate"],"relics":["bronze:BronzeCore","Bronze Scales"],"acts_visited":["Exordium"],"potions_floor_usage":[11,11,11,16,16,16],"damage_taken":[{"damage":9.0,"enemies":"Small Slimes","floor":2.0,"turns":3.0},{"damage":1.0,"enemies":"Cultist","floor":3.0,"turns":3.0},{"damage":11.0,"enemies":"Jaw Worm","floor":5.0,"turns":2.0},{"damage":16.0,"enemies":"Gremlin Gang","floor":6.0,"turns":5.0},{"damage":7.0,"enemies":"Blue Slaver","floor":8.0,"turns":2.0},{"damage":0,"enemies":"Large Slime","floor":9,"turns":3},{"damage":16,"enemies":"Lots of Slimes","floor":11,"turns":2},{"damage":0,"enemies":"Blue Slaver","floor":13,"turns":1},{"damage":0,"enemies":"Exordium Wildlife","floor":14,"turns":2},{"damage":11,"enemies":"3 Louse","floor":15,"turns":2},{"damage":22,"enemies":"SI_SHIV_ARCHETYPE","floor":16,"turns":5}],"seed_played":"3968363797474116462","potions_obtained":[{"floor":5.0,"key":"Weak Potion"},{"floor":9,"key":"EntropicBrew"},{"floor":11,"key":"Block Potion"}],"is_trial":false,"path_per_floor":["R","M","M","?","M","M","T","M","M","R","M","?","M","M","M","B"],"character_chosen":"THE_AUTOMATON","items_purchased":[],"campfire_rested":1,"item_purchase_floors":[],"current_hp_per_floor":[70,61,60,60,49,33,33,26,26,47,31,31,31,31,20,0,0,0],"gold":281,"neow_bonus":"UPGRADE_CARD","is_daily":false,"chose_seed":false,"campfire_upgraded":1,"win_rate":0.0,"timestamp":1611123572,"path_taken":["R","M","M","?","M","M","T","M","M","R","?","?","M","?","M","BOSS"],"items_purchased_type":[],"build_version":"2020-12-22","purchased_purges":0,"victory":false,"max_hp_per_floor":[70,70,70,70,70,70,70,70,70,70,70,70,70,70,70,70,70,70],"card_choices":[{"not_picked":["bronze:BitShift","bronze:Invalidate"],"picked":"bronze:Iterate","floor":2.0},{"not_picked":["bronze:Branch","bronze:BronzeOrb"],"picked":"bronze:WildBeam","floor":3.0},{"not_picked":["bronze:ForLoop","bronze:DarkDash"],"picked":"bronze:OilSpill","floor":5.0},{"not_picked":["bronze:Overheat","bronze:BronzeOrb"],"picked":"bronze:Optimize","floor":6.0},{"not_picked":["bronze:Allocate","bronze:Overheat"],"picked":"bronze:ChosenStrike","floor":8},{"not_picked":["bronze:Assembly","bronze:CutThrough"],"picked":"bronze:CloningBeam","floor":9},{"not_picked":["bronze:WhirlingStrike","bronze:OilSpill"],"picked":"bronze:ItsAFeature","floor":11},{"not_picked":["bronze:NullPointer","bronze:BitShift"],"picked":"bronze:WhirlingStrike","floor":13},{"not_picked":["bronze:Turbo","bronze:Allocate"],"picked":"bronze:CutThrough","floor":14},{"not_picked":["bronze:ShipIt","bronze:Allocate"],"picked":"bronze:Iterate","floor":15}],"player_experience":1260879,"relics_obtained":[{"floor":7.0,"key":"Bronze Scales"}],"event_choices":[{"cards_removed":["bronze:Strike"],"damage_healed":0.0,"max_hp_gain":0.0,"max_hp_loss":0.0,"gold_gain":0.0,"event_name":"Bonfire Elementals","player_choice":"Offered Basic","floor":4.0,"gold_loss":0.0,"damage_taken":0.0},{"cards_removed":["bronze:Replicate"],"damage_healed":0,"gold_gain":0,"player_choice":"Give","damage_taken":0,"max_hp_gain":0,"max_hp_loss":0,"event_name":"betterNote:BetterNote","floor":12,"gold_loss":0,"cards_obtained":["downfall:Malfunctioning"]}],"is_beta":false,"boss_relics":[],"items_purged_floors":[],"is_endless":false,"potions_floor_spawned":[5,9,11,14,15],"killed_by":"SI_SHIV_ARCHETYPE","ascension_level":0}}