{"host":"jqa9y4qkalbx8qgz","time":1611165650,"event":{"mods":["Act Like it!","BaseMod","BetterRewards","CCEM","Downfall","Gensokyo","Marisa????????","Minty Spire (QoL Compilation)","Permanent Neow","Relic Stats","StSLib","Wandering Minibosses"],"gold_per_floor":[55,87,87,87,99,146,146,192,218,218,246,287,346,395,395,506,506,547,547,591,47,47,100,100,140,140,0,40,40,86,120,120,255,255,320,320,320,377,414,477,477,543,567,623,655,655,720,735,735,735],"floor_reached":51,"language":"ENG","playtime":6252,"items_purged":["Strike_MRS"],"score":1396,"play_id":"5ffb5948-d7c9-4019-a020-a3910b4268e2","local_time":"20210120210050","is_ascension_mode":true,"campfire_choices":[{"data":"FairyDestructionRay","floor":7.0,"key":"SMITH"},{"floor":10.0,"key":"REST"},{"data":"EarthLightRay","floor":15.0,"key":"SMITH"},{"data":"WitchOfGreed","floor":32,"key":"SMITH"},{"floor":46,"key":"RECALL"},{"data":"Gensokyo:Kunekune","floor":49,"key":"SMITH"}],"circlet_count":0,"master_deck":["Strike_MRS","Strike_MRS","Defend_MRS","Defend_MRS","Defend_MRS","Defend_MRS","MasterSpark","UpSweep","UltimateShortwave","WitchOfGreed","StarBarrage","MilkyWay","AsteroidBelt+1","FairyDestructionRay+1","Singularity","GalacticHalo","Dark Shackles","MaximisePower","EarthLightRay","PulseMagic","AbsoluteMagnitude","EventHorizon","MilkyWay","MagicChant+1","WitchOfGreed+1","EnergyRecoil","EventHorizon","Madness+1","EarthLightRay+1","IllusionStar","StarDustReverie","Bandage Up+1","Occultation+1","MilkyWay","Dark Shackles+1","Dash","MysteriousBeam+1","AsteroidBelt","Apotheosis","SprinkleStarSeal","OpenUniverse+1","GalacticHalo","AsteroidBelt+1","Gensokyo:Kunekune+1","EnergyFlow+1","EnergyFlow+1","Occultation","StarDustReverie","6A+1","Gensokyo:GreaterSplit","Doubt"],"relics":["MiniHakkero","Prayer Wheel","Pen Nib","Du-Vu Doll","Orrery","Gensokyo:PortableGap","Art of War","Dream Catcher","CCEMRelics:PorcelainBowl","wanderingMiniBosses:CarrionFlame","CCEMRelics:FestiveHat","Sozu","ClockworkSouvenir","Strawberry","TungstenRod","HornCleat","Ornamental Fan","Tiny Chest","Busted Crown","Unceasing Top","Ice Cream","Potion Belt","Ginger","CCEMRelics:DerglesHeadphones","CCEMRelics:TinyMinotavrHorn"],"acts_visited":["Exordium","Gensokyo:Gensokyo","Gensokyo:Gensokyoer"],"potions_floor_usage":[50],"damage_taken":[{"damage":7.0,"enemies":"Gensokyo:Gryphon","floor":1.0,"turns":3.0},{"damage":1.0,"enemies":"Gensokyo:2_Kodama","floor":2.0,"turns":4.0},{"damage":0.0,"enemies":"Gensokyo:Python","floor":5.0,"turns":2.0},{"damage":2.0,"enemies":"Gensokyo:Cirno","floor":6.0,"turns":7.0},{"damage":25.0,"enemies":"Gensokyo:Aya","floor":8.0,"turns":6.0},{"damage":8.0,"enemies":"Gensokyo:CorruptedTreant","floor":11.0,"turns":7.0},{"damage":4.0,"enemies":"Gensokyo:Python_and_Kodama","floor":12.0,"turns":4.0},{"damage":0.0,"enemies":"Gensokyo:Mamizou","floor":13.0,"turns":7.0},{"damage":0.0,"enemies":"Gensokyo:2_Rabbits","floor":14.0,"turns":4.0},{"damage":25.0,"enemies":"Gensokyo:Kokoro","floor":16.0,"turns":8.0},{"damage":25,"enemies":"Gensokyo:3_Dogs","floor":18,"turns":6},{"damage":15,"enemies":"Gensokyo:AngelMirror","floor":20,"turns":6},{"damage":0,"enemies":"Gensokyo:Koishi","floor":23,"turns":4},{"damage":17,"enemies":"Gensokyo:Reisen","floor":25,"turns":8},{"damage":0,"enemies":"Gensokyo:Chomper_and_Gloop","floor":28,"turns":4},{"damage":0,"enemies":"Gensokyo:Tenshi","floor":30,"turns":5},{"damage":2,"enemies":"Gensokyo:Monolith_and_Dog","floor":31,"turns":3},{"damage":24,"enemies":"Gensokyo:Eiki","floor":33,"turns":10},{"damage":11,"enemies":"Gensokyo:AncientGuardian","floor":35,"turns":6},{"damage":0,"enemies":"Gensokyo:3_Boulders","floor":38,"turns":16},{"damage":29,"enemies":"Gensokyo:AtlasGolem","floor":39,"turns":7},{"damage":0,"enemies":"Gensokyo:Dusk_and_Dawn","floor":40,"turns":6},{"damage":0,"enemies":"Gensokyo:Marisa","floor":42,"turns":4},{"damage":8,"enemies":"Gensokyo:Kasen","floor":44,"turns":5},{"damage":0,"enemies":"Gensokyo:Marisa","floor":45,"turns":3},{"damage":0,"enemies":"Gensokyo:Doremy","floor":47,"turns":5},{"damage":0,"enemies":"Gensokyo:4_Bats","floor":48,"turns":1},{"damage":0,"enemies":"Gensokyo:Shinki","floor":50,"turns":19}],"seed_played":"1657504441880318333","potions_obtained":[{"floor":1.0,"key":"PowerPotion"},{"floor":2.0,"key":"Guardian:BlockOnCardUsePotion"},{"floor":6.0,"key":"EntropicBrew"},{"floor":8.0,"key":"CultistPotion"},{"floor":12.0,"key":"SpeedPotion"},{"floor":12.0,"key":"SpeedPotion"},{"floor":14.0,"key":"PowerPotion"},{"floor":14.0,"key":"AttackPotion"},{"floor":16.0,"key":"DistilledChaos"},{"floor":16.0,"key":"hexamod:SoulburnPotion"}],"is_trial":false,"path_per_floor":["M","M","?","?","M","E","R","E","T","R","M","M","E","M","R","B",null,"M","?","M","$","?","E","$","E","T","?","M","?","E","M","R","B",null,"M","?","?","M","M","M","?","E","T","E","E","R","E","M","R","B",null],"character_chosen":"MARISA","items_purchased":["UltimateShortwave","Prayer Wheel","WitchOfGreed","StarBarrage","Pen Nib","Orrery","Dark Shackles","BottledSpark","AsteroidBelt","ClockworkSouvenir","Apotheosis","Strawberry"],"campfire_rested":1,"item_purchase_floors":[0,0,0,0,0,0,0,0,21,21,21,21],"current_hp_per_floor":[23,26,26,26,30,32,32,11,11,31,27,29,33,37,37,22,68,53,53,48,55,55,67,67,66,66,66,75,68,68,68,68,49,68,57,57,31,47,34,40,40,46,46,50,56,56,62,62,65,65],"gold":735,"neow_bonus":"","is_daily":false,"chose_seed":false,"campfire_upgraded":4,"win_rate":0.0,"timestamp":1611165650,"path_taken":["M","?","?","?","M","E","R","E","T","R","M","?","E","M","R","BOSS","M","?","M","?","?","E","$","E","T","?","M","?","E","M","R","BOSS","M","?","?","M","M","M","?","E","T","E","E","R","E","M","R","BOSS"],"items_purchased_type":["Card","Relic","Card","Card","Relic","Relic","Card","Potion","Card","Relic","Card","Relic"],"build_version":"2020-12-22","purchased_purges":1,"victory":true,"max_hp_per_floor":[75,75,68,68,68,68,68,68,68,68,68,68,68,68,68,68,68,68,68,68,75,75,75,75,75,75,75,75,68,68,68,68,68,68,68,68,68,68,68,68,68,68,68,65,65,65,65,65,65,65],"relic_stats":{"counters":[52,267],"Pen Nib":[16],"Ginger":[6],"Sozu":31,"Dream Catcher":1,"Busted Crown":28,"Ornamental Fan":[52],"Prayer Wheel":16,"Tiny Chest":0,"Art of War":[67],"obtain_stats":[{"Ice Cream":42,"CCEMRelics:PorcelainBowl":9,"Gremlin Horn":28,"Ginger":44,"CCEMRelics:DerglesHeadphones":45,"Sozu":17,"Lizard Tail":44,"Centennial Puzzle":46,"HornCleat":25,"Sundial":46,"Strawberry":21,"Philosopher\u0027s Stone":34,"Prayer Wheel":0,"Happy Flower":21,"Pen Nib":0,"Du-Vu Doll":0,"OrangePellets":44,"CCEMRelics:FestiveHat":13,"Shuriken":30,"Gensokyo:YoukaiFlower":12,"MiniHakkero":0,"Gensokyo:MarisaImprobabilityPotion":23,"Unceasing Top":37,"Meat on the Bone":55,"Darkstone Periapt":7,"AmplifyWand":54,"CCEMRelics:WrappedPresent":44,"Gensokyo:MarisaIngredientList":10,"CCEMRelics:Pendulum":53,"Mango":24,"expansioncontent:StudyCardRelic":17,"Ancient Tea Set":13,"Gensokyo:PortableGap":3,"ClockworkSouvenir":21,"Frozen Eye":30,"Dream Catcher":8,"Mummified Hand":40,"Gambling Chip":24,"Toolbox":44,"Tiny Chest":30,"SimpleLauncher":20,"CCEMRelics:OrganicArmor":40,"CCEMRelics:Barrel":9,"Potion Belt":43,"Gensokyo:CelestialsFlawlessClothing":14,"Orichalcum":54,"MawBank":27,"Medical Kit":44,"Mercury Hourglass":46,"Strange Spoon":20,"Anchor":44,"Busted Crown":34,"wanderingMiniBosses:CarrionFlame":11,"Ornamental Fan":26,"Orrery":0,"CCEMRelics:GrindingGear":26,"CCEMRelics:TinyMinotavrHorn":47,"Bag of Marbles":53,"Art of War":6,"Membership Card":47,"Toy Ornithopter":28,"TungstenRod":23},{"Ice Cream":47,"CCEMRelics:PorcelainBowl":29,"Gremlin Horn":12,"Ginger":48,"CCEMRelics:DerglesHeadphones":49,"Sozu":34,"Lizard Tail":20,"Centennial Puzzle":21,"HornCleat":38,"Sundial":21,"Strawberry":36,"Philosopher\u0027s Stone":14,"Prayer Wheel":24,"Happy Flower":7,"Pen Nib":24,"Du-Vu Doll":24,"OrangePellets":20,"CCEMRelics:FestiveHat":32,"Shuriken":13,"Gensokyo:YoukaiFlower":4,"MiniHakkero":0,"Gensokyo:MarisaImprobabilityPotion":8,"Unceasing Top":43,"Meat on the Bone":24,"Darkstone Periapt":3,"AmplifyWand":23,"CCEMRelics:WrappedPresent":20,"Gensokyo:MarisaIngredientList":4,"CCEMRelics:Pendulum":22,"Mango":9,"expansioncontent:StudyCardRelic":6,"Ancient Tea Set":5,"Gensokyo:PortableGap":26,"ClockworkSouvenir":36,"Frozen Eye":12,"Dream Catcher":29,"Mummified Hand":19,"Gambling Chip":9,"Toolbox":20,"Tiny Chest":40,"SimpleLauncher":7,"CCEMRelics:OrganicArmor":19,"CCEMRelics:Barrel":4,"Potion Belt":47,"Gensokyo:CelestialsFlawlessClothing":5,"Orichalcum":23,"MawBank":11,"Medical Kit":20,"Mercury Hourglass":21,"Strange Spoon":7,"Anchor":20,"Busted Crown":42,"wanderingMiniBosses:CarrionFlame":30,"Ornamental Fan":38,"Orrery":24,"CCEMRelics:GrindingGear":10,"CCEMRelics:TinyMinotavrHorn":50,"Bag of Marbles":22,"Art of War":28,"Membership Card":21,"Toy Ornithopter":12,"TungstenRod":37},{"Ice Cream":234,"CCEMRelics:PorcelainBowl":119,"Gremlin Horn":43,"Ginger":239,"CCEMRelics:DerglesHeadphones":242,"Sozu":149,"Lizard Tail":76,"Centennial Puzzle":83,"HornCleat":173,"Sundial":77,"Strawberry":161,"Philosopher\u0027s Stone":56,"Prayer Wheel":97,"Happy Flower":27,"Pen Nib":97,"Du-Vu Doll":97,"OrangePellets":76,"CCEMRelics:FestiveHat":137,"Shuriken":49,"Gensokyo:YoukaiFlower":14,"MiniHakkero":0,"Gensokyo:MarisaImprobabilityPotion":30,"Unceasing Top":201,"Meat on the Bone":91,"Darkstone Periapt":11,"AmplifyWand":88,"CCEMRelics:WrappedPresent":76,"Gensokyo:MarisaIngredientList":14,"CCEMRelics:Pendulum":87,"Mango":35,"expansioncontent:StudyCardRelic":23,"Ancient Tea Set":18,"Gensokyo:PortableGap":104,"ClockworkSouvenir":161,"Frozen Eye":45,"Dream Catcher":119,"Mummified Hand":69,"Gambling Chip":35,"Toolbox":76,"Tiny Chest":182,"SimpleLauncher":27,"CCEMRelics:OrganicArmor":72,"CCEMRelics:Barrel":14,"Potion Belt":234,"Gensokyo:CelestialsFlawlessClothing":18,"Orichalcum":90,"MawBank":41,"Medical Kit":76,"Mercury Hourglass":77,"Strange Spoon":27,"Anchor":76,"Busted Crown":195,"wanderingMiniBosses:CarrionFlame":126,"Ornamental Fan":173,"Orrery":97,"CCEMRelics:GrindingGear":38,"CCEMRelics:TinyMinotavrHorn":247,"Bag of Marbles":87,"Art of War":113,"Membership Card":83,"Toy Ornithopter":42,"TungstenRod":165}],"TungstenRod":14,"Unceasing Top":[9]},"card_choices":[{"not_picked":["WitchLeyline","Robbery"],"picked":"MilkyWay","floor":0.0},{"not_picked":["GrandCross","GravityBeat"],"picked":"AsteroidBelt","floor":0.0},{"not_picked":["OortCloud","SprinkleStarSeal"],"picked":"FairyDestructionRay","floor":0.0},{"not_picked":["FinalSpark","PulseMagic"],"picked":"Singularity","floor":0.0},{"not_picked":["Acceleration","ChargeUpSpray"],"picked":"GalacticHalo","floor":0.0},{"not_picked":["DoubleSpark","MeteoricShower"],"picked":"MaximisePower","floor":1.0},{"not_picked":["6A","MysteriousBeam"],"picked":"EarthLightRay","floor":1.0},{"not_picked":["DoubleSpark","GravityBeat"],"picked":"PulseMagic","floor":2.0},{"not_picked":["NonDirectionalLaser","6A","BlazeAway"],"picked":"SKIP","floor":2.0},{"not_picked":["LuminesStrike","SporeBomb"],"picked":"EventHorizon","floor":5.0},{"not_picked":["GrandCross","DragonMeteor","LuminesStrike"],"picked":"SKIP","floor":5.0},{"not_picked":["NonDirectionalLaser","ChargeUpSpray","SatelliteIllusion"],"picked":"SKIP","floor":6.0},{"not_picked":["MysteriousBeam","GalacticHalo"],"picked":"MilkyWay","floor":8.0},{"not_picked":["StarlightTyphoon","StarBarrage"],"picked":"MagicChant","floor":10.0},{"not_picked":["SporeBomb","PowerUp"],"picked":"WitchOfGreed","floor":11.0},{"not_picked":["DC","GravityBeat","ManaConvection"],"picked":"SKIP","floor":11.0},{"not_picked":["Acceleration","DarkSpark"],"picked":"EnergyRecoil","floor":12.0},{"not_picked":["DoubleSpark","Acceleration","MachineGunSpark"],"picked":"SKIP","floor":12.0},{"not_picked":["MysteriousBeam","UnstableBomb"],"picked":"EventHorizon","floor":13.0},{"not_picked":["Dark Shackles+1","Blind+1"],"picked":"Madness+1","floor":14.0},{"not_picked":["DC","WitchLeyline"],"picked":"EarthLightRay","floor":14.0},{"not_picked":["MagicChant","WitchOfGreed"],"picked":"IllusionStar","floor":14.0},{"not_picked":["BigCrunch","SatelliteIllusion"],"picked":"StarDustReverie","floor":16.0},{"not_picked":["Blind+1","Impatience+1"],"picked":"Bandage Up+1","floor":16.0},{"not_picked":["DarkSpark+1","AlicesGift"],"picked":"Occultation+1","floor":18},{"not_picked":["Acceleration","WitchLeyline"],"picked":"MilkyWay","floor":18},{"not_picked":["Trip+1","Violence+1"],"picked":"Dark Shackles+1","floor":18},{"not_picked":["WitchOfGreed","NonDirectionalLaser"],"picked":"MysteriousBeam+1","floor":20},{"not_picked":["WitchLeyline","DarkSpark","SuperPerseids"],"picked":"SKIP","floor":20},{"not_picked":["EnergyFlow","Occultation"],"picked":"OpenUniverse+1","floor":23},{"not_picked":["SuperNova","AlicesGift"],"picked":"GalacticHalo","floor":25},{"not_picked":["Singularity+1","6A"],"picked":"AsteroidBelt+1","floor":28},{"not_picked":["EnergyRecoil","IllusionStar","GrandCross"],"picked":"SKIP","floor":28},{"not_picked":["Gensokyo:EightFeetTall","Gensokyo:GapWoman"],"picked":"Gensokyo:Kunekune","floor":29},{"not_picked":["SporeBomb","FairyDestructionRay"],"picked":"EnergyFlow+1","floor":30},{"not_picked":["IllusionStar+1","DragonMeteor"],"picked":"EnergyFlow+1","floor":31},{"not_picked":["MysteriousBeam","PowerUp"],"picked":"Occultation","floor":31},{"not_picked":["BigCrunch","BlazingStar"],"picked":"StarDustReverie","floor":33},{"not_picked":["DragonMeteor"],"picked":"SKIP","floor":35},{"not_picked":["SporeBomb"],"picked":"SKIP","floor":35},{"not_picked":["ShootingEcho+1"],"picked":"SKIP","floor":38},{"not_picked":["DeepEcoloBomb"],"picked":"SKIP","floor":38},{"not_picked":[],"picked":"6A+1","floor":39},{"not_picked":["Acceleration+1"],"picked":"SKIP","floor":39},{"not_picked":[],"picked":"ChargingUp+1","floor":40},{"not_picked":["SporeBomb+1"],"picked":"SKIP","floor":40},{"not_picked":["FinalSpark"],"picked":"SKIP","floor":42},{"not_picked":["SporeBomb"],"picked":"SKIP","floor":44},{"not_picked":["MeteoricShower+1"],"picked":"SKIP","floor":45},{"not_picked":["JA"],"picked":"SKIP","floor":47},{"not_picked":["WitchLeyline"],"picked":"SKIP","floor":48},{"not_picked":["DC+1"],"picked":"SKIP","floor":48}],"player_experience":283291,"relics_obtained":[{"floor":6.0,"key":"Art of War"},{"floor":8.0,"key":"Dream Catcher"},{"floor":9.0,"key":"CCEMRelics:PorcelainBowl"},{"floor":11.0,"key":"wanderingMiniBosses:CarrionFlame"},{"floor":13.0,"key":"CCEMRelics:FestiveHat"},{"floor":23,"key":"TungstenRod"},{"floor":25,"key":"HornCleat"},{"floor":26,"key":"Ornamental Fan"},{"floor":30,"key":"Tiny Chest"},{"floor":42,"key":"Ice Cream"},{"floor":43,"key":"Potion Belt"},{"floor":44,"key":"Ginger"},{"floor":45,"key":"CCEMRelics:DerglesHeadphones"},{"floor":47,"key":"CCEMRelics:TinyMinotavrHorn"}],"event_choices":[],"is_beta":false,"boss_relics":[{"not_picked":["Velvet Choker","Black Star"],"picked":"Sozu"},{"not_picked":["Runic Pyramid","Astrolabe"],"picked":"Busted Crown"}],"items_purged_floors":[0],"is_endless":false,"potions_floor_spawned":[2,6,8,12,14,16,20,23,25,31,40,42,44,45,48],"ascension_level":1}}