{"host":"rolltorest","time":1611121522,"event":{"mods":["BaseMod","Minty Spire (QoL Compilation)","Relic Stats","Slay the Relics Exporter","StSLib"],"gold_per_floor":[118,118,118,130,142,174,189,189,241,241,261,261,279,306,306,381,381,392,411,22,22,38,38,72,84,109,141,141,154,181,181,181,252,252,269,127,39,50,50,76,93,93,116,116,148,148,176,196,196,196,196,196],"floor_reached":51,"language":"ENG","playtime":4181,"items_purged":["Strike_R","Strike_R"],"score":1710,"play_id":"54d8cc2b-7d7c-4a31-b0e7-e245fcf70721","local_time":"20210119214522","is_ascension_mode":true,"campfire_choices":[{"data":"Searing Blow","floor":8,"key":"SMITH"},{"data":"Searing Blow+1","floor":10,"key":"SMITH"},{"data":"Searing Blow+2","floor":12,"key":"SMITH"},{"data":"Searing Blow+3","floor":15,"key":"SMITH"},{"data":"Feed","floor":23,"key":"SMITH"},{"floor":28,"key":"REST"},{"data":"Searing Blow+4","floor":32,"key":"SMITH"},{"floor":42,"key":"RECALL"},{"data":"Dual Wield","floor":44,"key":"SMITH"},{"floor":49,"key":"REST"}],"circlet_count":0,"master_deck":["AscendersBane","Strike_R","Strike_R","Strike_R","Defend_R","Defend_R","Defend_R","Defend_R","Bash","Clothesline+1","Searing Blow+5","Blood for Blood","Burning Pact","Headbutt","Feed+1","Carnage+1","Dual Wield+1","Dark Embrace","Burning Pact","Spot Weakness","Flame Barrier","Barricade","Blood for Blood","Entrench","Burning Pact","Shrug It Off+1","Seeing Red"],"relics":["Snecko Eye","Blue Candle","Akabeko","Lantern","Sozu","Dead Branch","Bag of Preparation","Blood Vial","Gambling Chip","Peace Pipe","Philosopher\u0027s Stone","Red Skull","Potion Belt","Meat on the Bone","Pen Nib"],"acts_visited":["Exordium","TheCity","TheBeyond"],"potions_floor_usage":[6,16,51],"damage_taken":[{"damage":7,"enemies":"Small Slimes","floor":1,"turns":4},{"damage":0,"enemies":"Cultist","floor":4,"turns":2},{"damage":0,"enemies":"2 Louse","floor":5,"turns":1},{"damage":15,"enemies":"3 Sentries","floor":6,"turns":7},{"damage":10,"enemies":"2 Fungi Beasts","floor":7,"turns":3},{"damage":0,"enemies":"Gremlin Gang","floor":11,"turns":3},{"damage":3,"enemies":"Looter","floor":13,"turns":2},{"damage":10,"enemies":"Lagavulin","floor":14,"turns":4},{"damage":31,"enemies":"The Guardian","floor":16,"turns":12},{"damage":7,"enemies":"3 Byrds","floor":18,"turns":6},{"damage":0,"enemies":"Chosen","floor":19,"turns":3},{"damage":6,"enemies":"Shelled Parasite and Fungi","floor":22,"turns":2},{"damage":32,"enemies":"Book of Stabbing","floor":24,"turns":4},{"damage":0,"enemies":"Centurion and Healer","floor":25,"turns":3},{"damage":19,"enemies":"Slavers","floor":27,"turns":5},{"damage":0,"enemies":"Snake Plant","floor":29,"turns":1},{"damage":6,"enemies":"Book of Stabbing","floor":30,"turns":3},{"damage":15,"enemies":"Champ","floor":33,"turns":7},{"damage":14,"enemies":"3 Darklings","floor":35,"turns":3},{"damage":2,"enemies":"3 Shapes","floor":38,"turns":2},{"damage":10,"enemies":"Nemesis","floor":40,"turns":5},{"damage":14,"enemies":"Transient","floor":41,"turns":6},{"damage":0,"enemies":"Giant Head","floor":45,"turns":5},{"damage":34,"enemies":"Reptomancer","floor":47,"turns":8},{"damage":0,"enemies":"Maw","floor":48,"turns":4},{"damage":52,"enemies":"Awakened One","floor":50,"turns":14},{"damage":67,"enemies":"Time Eater","floor":51,"turns":8}],"seed_played":"4714446504848042820","potions_obtained":[{"floor":4,"key":"Regen Potion"},{"floor":5,"key":"Explosive Potion"},{"floor":11,"key":"PowerPotion"},{"floor":16,"key":"EssenceOfSteel"}],"is_trial":false,"path_per_floor":["M","?","?","M","M","E","M","R","T","R","M","R","M","E","R","B",null,"M","M","$","?","M","R","E","M","T","E","R","M","E","?","R","B",null,"M","$","?","M","?","E","M","R","T","R","E","?","E","M","R","B","B"],"character_chosen":"IRONCLAD","items_purchased":["Dead Branch","Entrench"],"campfire_rested":2,"item_purchase_floors":[20,36],"current_hp_per_floor":[61,66,66,66,66,51,41,41,41,41,41,41,38,28,28,12,63,59,62,62,62,59,59,27,31,31,18,47,49,49,49,49,36,85,77,77,77,81,81,77,65,65,65,65,71,71,55,61,96,62,0,0],"gold":196,"neow_bonus":"BOSS_RELIC","is_daily":false,"chose_seed":false,"campfire_upgraded":7,"win_rate":0.0,"timestamp":1611121522,"path_taken":["M","?","?","M","M","E","?","R","T","R","?","R","M","E","R","BOSS","M","?","?","?","M","R","E","M","T","E","R","M","E","?","R","BOSS","M","$","?","?","?","E","M","R","T","R","E","?","E","M","R","BOSS","BOSS"],"items_purchased_type":["Relic","Card"],"build_version":"2020-12-18","purchased_purges":2,"victory":false,"max_hp_per_floor":[75,80,80,80,80,80,80,80,80,80,80,80,80,80,80,80,80,83,86,86,86,89,89,89,93,93,97,97,97,101,101,101,101,101,105,105,105,109,109,113,113,113,113,113,117,111,115,119,119,123,123,123],"relic_stats":{"Sozu":4,"Blood Vial":26,"Peace Pipe":0,"counters":[27,127],"Blue Candle":[0],"Dead Branch":[124],"Gambling Chip":[37],"Snecko Eye":[275,272,260,283],"Pen Nib":[4],"Bag of Preparation":[28],"obtain_stats":[{"Potion Belt":40,"Lantern":14,"Blue Candle":6,"Dead Branch":20,"Pen Nib":47,"Bag of Preparation":24,"Burning Blood":0,"Akabeko":9,"Sozu":17,"Blood Vial":26,"Peace Pipe":30,"Gambling Chip":27,"Snecko Eye":0,"Philosopher\u0027s Stone":34,"Red Skull":37,"Meat on the Bone":45},{"Potion Belt":21,"Lantern":8,"Blue Candle":4,"Dead Branch":11,"Pen Nib":24,"Bag of Preparation":13,"Burning Blood":0,"Akabeko":5,"Sozu":9,"Blood Vial":14,"Peace Pipe":17,"Gambling Chip":15,"Snecko Eye":0,"Philosopher\u0027s Stone":18,"Red Skull":19,"Meat on the Bone":23},{"Potion Belt":82,"Lantern":26,"Blue Candle":14,"Dead Branch":47,"Pen Nib":101,"Bag of Preparation":53,"Burning Blood":0,"Akabeko":17,"Sozu":38,"Blood Vial":56,"Peace Pipe":65,"Gambling Chip":61,"Snecko Eye":0,"Philosopher\u0027s Stone":72,"Red Skull":75,"Meat on the Bone":93}],"Meat on the Bone":24},"card_choices":[{"not_picked":["Cleave","Reckless Charge"],"picked":"Clothesline","floor":1},{"not_picked":["Anger","Shrug It Off"],"picked":"Searing Blow","floor":4},{"not_picked":["Cleave","Perfected Strike"],"picked":"Blood for Blood","floor":5},{"not_picked":["Twin Strike","Intimidate"],"picked":"Burning Pact","floor":6},{"not_picked":["Heavy Blade","Body Slam","Havoc"],"picked":"SKIP","floor":7},{"not_picked":["Warcry","Heavy Blade","Body Slam"],"picked":"SKIP","floor":11},{"not_picked":["Hemokinesis","Shrug It Off","Thunderclap"],"picked":"SKIP","floor":13},{"not_picked":["Havoc","Iron Wave"],"picked":"Headbutt","floor":14},{"not_picked":["Berserk","Offering"],"picked":"Feed","floor":16},{"not_picked":["Second Wind","Shrug It Off"],"picked":"Carnage+1","floor":18},{"not_picked":["Thunderclap","Power Through"],"picked":"Dual Wield","floor":19},{"not_picked":["Ghostly Armor+1","Pummel+1"],"picked":"Dark Embrace","floor":22},{"not_picked":["Anger","Body Slam","Feed"],"picked":"SKIP","floor":24},{"not_picked":["Perfected Strike","Heavy Blade","Havoc"],"picked":"SKIP","floor":25},{"not_picked":["Blood for Blood","Fire Breathing"],"picked":"Burning Pact","floor":27},{"not_picked":["Fire Breathing+1","Clothesline"],"picked":"Spot Weakness","floor":29},{"not_picked":["Reckless Charge","Sword Boomerang","Pommel Strike"],"picked":"SKIP","floor":30},{"not_picked":["Juggernaut","Double Tap"],"picked":"Barricade","floor":33},{"not_picked":["Metallicize","Twin Strike"],"picked":"Blood for Blood","floor":35},{"not_picked":["Iron Wave","Warcry","Sword Boomerang"],"picked":"SKIP","floor":38},{"not_picked":["Twin Strike","Flex"],"picked":"Burning Pact","floor":40},{"not_picked":["Wild Strike","Clothesline","Flex"],"picked":"SKIP","floor":41},{"not_picked":["Clash","Brutality","Thunderclap"],"picked":"SKIP","floor":45},{"not_picked":["Clothesline","Twin Strike"],"picked":"Shrug It Off+1","floor":47},{"not_picked":["Anger+1","Thunderclap"],"picked":"Seeing Red","floor":48}],"player_experience":1738323,"relics_obtained":[{"floor":6,"key":"Blue Candle"},{"floor":9,"key":"Akabeko"},{"floor":14,"key":"Lantern"},{"floor":24,"key":"Bag of Preparation"},{"floor":26,"key":"Blood Vial"},{"floor":27,"key":"Gambling Chip"},{"floor":30,"key":"Peace Pipe"},{"floor":40,"key":"Potion Belt"},{"floor":45,"key":"Meat on the Bone"},{"floor":47,"key":"Pen Nib"}],"event_choices":[{"damage_healed":0,"gold_gain":0,"player_choice":"Donut","damage_taken":0,"max_hp_gain":5,"max_hp_loss":0,"event_name":"Big Fish","floor":2,"gold_loss":0},{"damage_healed":0,"gold_gain":0,"player_choice":"Upgraded","damage_taken":0,"max_hp_gain":0,"max_hp_loss":0,"event_name":"Upgrade Shrine","floor":3,"gold_loss":0,"cards_upgraded":["Clothesline"]},{"damage_healed":0,"gold_gain":0,"player_choice":"Ignored","damage_taken":0,"max_hp_gain":0,"max_hp_loss":0,"event_name":"Vampires","floor":21,"gold_loss":0},{"damage_healed":0,"gold_gain":0,"player_choice":"Read","damage_taken":0,"max_hp_gain":0,"max_hp_loss":0,"event_name":"The Library","floor":31,"gold_loss":0,"cards_obtained":["Flame Barrier"]},{"damage_healed":0,"gold_gain":0,"player_choice":"Paid Gold","damage_taken":0,"relics_obtained":["Red Skull"],"max_hp_gain":0,"max_hp_loss":0,"event_name":"WeMeetAgain","floor":37,"gold_loss":88},{"damage_healed":0,"gold_gain":0,"player_choice":"Ignored","damage_taken":0,"max_hp_gain":0,"max_hp_loss":0,"event_name":"Mysterious Sphere","floor":39,"gold_loss":0},{"damage_healed":0,"gold_gain":0,"player_choice":"Max HP","damage_taken":0,"max_hp_gain":0,"max_hp_loss":6,"event_name":"Winding Halls","floor":46,"gold_loss":0}],"is_beta":true,"boss_relics":[{"not_picked":["Empty Cage","Runic Pyramid"],"picked":"Sozu"},{"not_picked":["Calling Bell","Runic Cube"],"picked":"Philosopher\u0027s Stone"}],"items_purged_floors":[20,36],"is_endless":false,"potions_floor_spawned":[4,5,11,16,24,29,38,41,48],"killed_by":"Time Eater","ascension_level":20}}