{"host":"ordk2y2ebcetabk6","time":1611165019,"event":{"mods":["AlwaysNeverKeys","BaseMod","Better Debug","Colored Map","Colored Powertips","Dark Map","Downfall","Highlight Path","Minty Spire (QoL Compilation)","Permanent Neow","Rare Cards Sparkle","StSLib","The Explorer"],"gold_per_floor":[99,116,53,153,36,64,64,92,92,92,92,52,52,79,79,177,177,77,77,92,92,92,92],"floor_reached":21,"language":"ENG","playtime":625,"items_purged":["hexamod:Strike"],"score":239,"play_id":"540fe129-1dff-4104-b40a-bc53b2303087","local_time":"20210120105019","is_ascension_mode":false,"campfire_choices":[{"floor":1,"key":"RECALL"},{"data":"hexamod:HeatMetal","floor":11,"key":"SMITH"},{"data":"hexamod:HeatMetal","floor":13,"key":"SMITH"},{"data":"hexamod:Sear","floor":18,"key":"SMITH"}],"circlet_count":0,"master_deck":["hexamod:Strike","hexamod:Strike","hexamod:Strike","hexamod:Defend","hexamod:Defend","hexamod:Defend","hexamod:Defend","hexamod:Sear+1","hexamod:Float","hexamod:SwordOfDarkness","hexamod:HeatMetal","hexamod:HeatMetal","hexamod:ThermalTransfer","hexamod:HeatMetal+1","hexamod:HeatMetal+1","hexamod:PhantomFireball"],"relics":["hexamod:SpiritBrand","Pear","hexamod:CandleOfCauterizing","InkBottle","MealTicket","Sozu","downfall:HeartBlessingRed"],"acts_visited":["Exordium","TheCity"],"potions_floor_usage":[12,16,16],"damage_taken":[{"damage":1,"enemies":"Jaw Worm","floor":2,"turns":3},{"damage":0,"enemies":"downfall:FleeingMerchant","floor":3,"turns":4},{"damage":5,"enemies":"downfall:FleeingMerchant","floor":5,"turns":4},{"damage":26,"enemies":"Lagavulin","floor":6,"turns":5},{"damage":14,"enemies":"Gremlin Nob","floor":8,"turns":3},{"damage":0,"enemies":"downfall:FleeingMerchant","floor":12,"turns":4},{"damage":26,"enemies":"Lagavulin","floor":14,"turns":4},{"damage":0,"enemies":"Cultist","floor":15,"turns":1},{"damage":7,"enemies":"WA_ARCHETYPE_RETAIN","floor":16,"turns":5},{"damage":12,"enemies":"Shell Parasite","floor":20,"turns":3},{"damage":0,"enemies":"3 Byrds","floor":21,"turns":1}],"seed_played":"8120769455934048754","potions_obtained":[{"floor":6,"key":"sneckomod:MuddlingPotion"},{"floor":8,"key":"SpeedPotion"},{"floor":14,"key":"Swift Potion"},{"floor":16,"key":"Strength Potion"}],"is_trial":false,"path_per_floor":["R","M","$","?","$","E","T","E","?","?","R","$","R","E","M","B",null,"R","?","M","M"],"character_chosen":"THE_SPIRIT","items_purchased":["hexamod:HeatMetal","hexamod:HeatMetal","hexamod:HeatMetal"],"campfire_rested":0,"item_purchase_floors":[3,5,12],"current_hp_per_floor":[77,76,76,76,71,55,55,41,41,41,41,41,41,15,15,8,87,87,87,75,75,75,75],"gold":92,"neow_bonus":"TEN_PERCENT_HP_BONUS","is_daily":false,"chose_seed":false,"campfire_upgraded":3,"win_rate":0.0,"timestamp":1611165019,"path_taken":["R","M","$","?","?","E","T","E","?","?","R","$","R","E","M","BOSS","R","?","M","M"],"items_purchased_type":["Card","Card","Card"],"build_version":"2020-12-22","purchased_purges":1,"victory":false,"max_hp_per_floor":[77,77,77,77,77,87,87,87,87,87,87,87,87,87,87,87,87,87,87,87,87,87,87],"card_choices":[{"not_picked":["hexamod:NightmareGuise","hexamod:ShieldOfDarkness"],"picked":"hexamod:SwordOfDarkness","floor":2},{"not_picked":["hexamod:Rewind","hexamod:FirstSeal"],"picked":"hexamod:HeatMetal","floor":3},{"not_picked":["hexamod:SecondSeal","hexamod:SwordOfDarkness"],"picked":"hexamod:ThermalTransfer","floor":5},{"not_picked":["hexamod:GhostLash","hexamod:CatchUp","hexamod:PowerFromBeyond"],"picked":"SKIP","floor":6},{"not_picked":["hexamod:GhostOfSpirePresent","hexamod:SpectersWail","hexamod:SpectralAdrenaline"],"picked":"SKIP","floor":8},{"not_picked":["hexamod:SecondSeal","hexamod:Again","hexamod:Firestarter"],"picked":"SKIP","floor":12},{"not_picked":["hexamod:HeatMetal","hexamod:ThermalTransfer"],"picked":"hexamod:PhantomFireball","floor":14},{"not_picked":["hexamod:SuperheatedStrike","hexamod:BacktrackSmack","hexamod:RecurringNightmare"],"picked":"SKIP","floor":15},{"not_picked":["hexamod:Incineration","hexamod:SuperheatedStrike","hexamod:GhostLash"],"picked":"SKIP","floor":20}],"player_experience":999380,"relics_obtained":[{"floor":6,"key":"Pear"},{"floor":7,"key":"hexamod:CandleOfCauterizing"},{"floor":8,"key":"InkBottle"},{"floor":14,"key":"MealTicket"}],"event_choices":[],"is_beta":false,"boss_relics":[{"not_picked":["Velvet Choker","SlaversCollar"],"picked":"Sozu"}],"items_purged_floors":[5],"is_endless":false,"potions_floor_spawned":[6,8,14,16],"killed_by":"3 Byrds","ascension_level":0}}