{"host":"j7au2ovow4c9pz79","time":1611176647,"event":{"mods":["AchievementEnabler","BaseMod","Better Third Choice","BetterRewards","Colored Powertips","Defuse TimeMaze Blight","Energized Spire","Googly Eyes","Hubris","Infinite Spire","Minty Spire (QoL Compilation)","Quick Restart","Replay The Spire","Spicy Shops","StSLib","SuperFastMode","Transform Curses"],"gold_per_floor":[110,110,110,122,122,122,135,145,226,236,247,247,267,286,286,385,385,403,403,417,427,200,200,212,212,212,212,212,212,228,241,241,346,346,363,412,422,437,437,437,437,452,452,452,452],"floor_reached":44,"language":"ENG","playtime":1180,"items_purged":["Voices"],"score":331,"play_id":"30a20323-7d83-48e8-a6b9-ae1911022cf4","local_time":"20210120220407","is_ascension_mode":false,"campfire_choices":[{"data":"Predator","floor":6,"key":"SMITH"},{"data":"Footwork","floor":12,"key":"SMITH"},{"data":"Bouncing Flask","floor":15,"key":"SMITH"},{"data":"A Thousand Cuts","floor":23,"key":"SMITH"},{"data":"Adrenaline","floor":25,"key":"SMITH"},{"data":"infinitespire:DeathsTouch","floor":29,"key":"SMITH"},{"data":"Deadly Poison","floor":32,"key":"SMITH"},{"data":"Masterful Stab","floor":40,"key":"SMITH"}],"circlet_count":0,"master_deck":["Strike_G","Strike_G","Strike_G","Strike_G","Strike_G","Defend_G","Defend_G","Defend_G","Defend_G","Defend_G","Survivor+1","Neutralize+1","Poisoned Stab+1","Predator+1","Dagger Throw","Dagger Throw","Deadly Poison","Footwork+1","Bouncing Flask+1","A Thousand Cuts+1","Adrenaline+1","Cloak And Dagger+1","Poisoned Stab+1","Heel Hook","Skewer","infinitespire:DeathsTouch+1","Deadly Poison+1","Poisoned Stab+1","Die Die Die","Dash","All Out Attack","Deflect+1","Masterful Stab+1","Good Instincts","Quick Slash"],"relics":["Ring of the Snake","infinitespire:Broken Mirror","Coffee Dripper","hubris:AncientText","Lee\u0027s Waffle","infinitespire:EmpoweringShard","Strange Spoon","hubris:Backtick","Membership Card","SacredBark","hubris:CuriousFeather","hubris:Icosahedron","Strawberry"],"acts_visited":["Exordium","TheCity","TheBeyond"],"potions_floor_usage":[13,16,16,21,31,38,38],"damage_taken":[{"damage":0,"enemies":"Cultist","floor":1,"turns":4},{"damage":0,"enemies":"2 Louse","floor":4,"turns":3},{"damage":0,"enemies":"Small Slimes","floor":7,"turns":3},{"damage":2,"enemies":"3 Louse","floor":8,"turns":3},{"damage":0,"enemies":"Gremlin Gang","floor":10,"turns":4},{"damage":0,"enemies":"Looter","floor":11,"turns":3},{"damage":10,"enemies":"Exordium Thugs","floor":13,"turns":3},{"damage":0,"enemies":"2 Fungi Beasts","floor":14,"turns":3},{"damage":35,"enemies":"Slime Boss","floor":16,"turns":10},{"damage":0,"enemies":"3 Byrds","floor":18,"turns":4},{"damage":13,"enemies":"Shell Parasite","floor":20,"turns":3},{"damage":15,"enemies":"Snecko","floor":21,"turns":3},{"damage":0,"enemies":"Snake Plant","floor":24,"turns":3},{"damage":18,"enemies":"Shelled Parasite and Fungi","floor":30,"turns":3},{"damage":15,"enemies":"Centurion and Healer","floor":31,"turns":3},{"damage":4,"enemies":"Automaton","floor":33,"turns":5},{"damage":13,"enemies":"3 Darklings","floor":35,"turns":5},{"damage":31,"enemies":"2 Orb Walkers","floor":36,"turns":4},{"damage":13,"enemies":"Orb Walker","floor":37,"turns":3},{"damage":8,"enemies":"Spire Growth","floor":38,"turns":3},{"damage":15,"enemies":"Maw","floor":42,"turns":6},{"damage":20,"enemies":"3 Darklings","floor":44,"turns":2}],"seed_played":"-2798508493171940640","potions_obtained":[{"floor":7,"key":"Regen Potion"},{"floor":8,"key":"BlessingOfTheForge"},{"floor":11,"key":"Dexterity Potion"},{"floor":14,"key":"EssenceOfSteel"},{"floor":18,"key":"Explosive Potion"},{"floor":30,"key":"Fire Potion"},{"floor":33,"key":"Milkshake"},{"floor":35,"key":"AttackPotion"},{"floor":38,"key":"EssenceOfSteel"}],"is_trial":false,"path_per_floor":["M","?","?","M","?","R","M","M","T","M","M","R","M","M","R","B",null,"M","?","M","M","$","R","M","R","T","?","AVR","R","M","M","R","B",null,"M","?","M","M","?","R","?","M","T","M"],"character_chosen":"THE_SILENT","items_purchased":["Lee\u0027s Waffle"],"campfire_rested":0,"item_purchase_floors":[22],"current_hp_per_floor":[70,70,70,70,70,70,70,68,68,68,68,68,58,58,58,23,70,70,70,57,42,77,77,77,77,77,77,77,77,59,44,44,40,77,64,33,20,22,22,22,22,7,14,0,0],"gold":452,"neow_bonus":"RANDOM_EVENT","is_daily":false,"chose_seed":false,"campfire_upgraded":8,"win_rate":0.0,"timestamp":1611176647,"path_taken":["M","?","?","?","?","R","M","M","T","M","M","R","?","?","R","BOSS","M","?","M","M","$","R","?","R","T","?","AVR","R","M","?","R","BOSS","M","?","M","M","?","R","?","M","T","M"],"items_purchased_type":["Relic"],"build_version":"2020-12-22","purchased_purges":1,"victory":false,"max_hp_per_floor":[70,70,70,70,70,70,70,70,70,70,70,70,70,70,70,70,70,70,70,70,70,77,77,77,77,77,77,77,77,77,77,77,77,77,77,77,77,77,77,77,77,77,84,84,84],"card_choices":[{"not_picked":["Dodge and Roll","Masterful Stab"],"picked":"Poisoned Stab","floor":1},{"not_picked":["Flechettes","PiercingWail"],"picked":"Predator","floor":4},{"not_picked":["Outmaneuver","hubris:Counter"],"picked":"Dagger Throw","floor":7},{"not_picked":["ReplayTheSpireMod:Shiv Toss","ReplayTheSpireMod:Scrap Shanks"],"picked":"Dagger Throw","floor":8},{"not_picked":["Prepared","Reflex"],"picked":"Deadly Poison","floor":10},{"not_picked":["Quick Slash","Predator"],"picked":"Footwork","floor":11},{"not_picked":["Distraction","Cloak And Dagger"],"picked":"Bouncing Flask","floor":13},{"not_picked":["Dodge and Roll","PiercingWail"],"picked":"A Thousand Cuts","floor":14},{"not_picked":["ReplayTheSpireMod:Necrosis","Phantasmal Killer"],"picked":"Adrenaline","floor":16},{"not_picked":["Blade Dance","Hidden Blade+1"],"picked":"Cloak And Dagger+1","floor":18},{"not_picked":["Caltrops","Infinite Blades"],"picked":"Poisoned Stab+1","floor":20},{"not_picked":["Venomology","Slice"],"picked":"Heel Hook","floor":21},{"not_picked":["Quick Slash","Acrobatics"],"picked":"Skewer","floor":24},{"not_picked":["Setup","Dodge and Roll"],"picked":"Deadly Poison","floor":30},{"not_picked":["ReplayTheSpireMod:Scrap Shanks","Backflip"],"picked":"Poisoned Stab+1","floor":31},{"not_picked":["Burst","A Thousand Cuts"],"picked":"Die Die Die","floor":33},{"not_picked":["Hidden Blade+1","Slice"],"picked":"Dash","floor":35},{"not_picked":["Blade Dance+1","Dagger Throw+1"],"picked":"All Out Attack","floor":36},{"not_picked":["hubris:SlightOfHand","Backflip"],"picked":"Deflect+1","floor":37},{"not_picked":["Prepared","hubris:SlightOfHand"],"picked":"Masterful Stab","floor":38},{"not_picked":["Enlightenment","Finesse"],"picked":"Good Instincts","floor":41},{"not_picked":["Draining Mist","Backflip"],"picked":"Quick Slash","floor":42}],"player_experience":1889173,"relics_obtained":[{"floor":9,"key":"infinitespire:Broken Mirror"},{"floor":26,"key":"infinitespire:EmpoweringShard"},{"floor":36,"key":"hubris:CuriousFeather"},{"floor":43,"key":"Strawberry"}],"event_choices":[{"damage_healed":0,"gold_gain":0,"player_choice":"Grow","damage_taken":0,"max_hp_gain":0,"max_hp_loss":0,"event_name":"Living Wall","floor":0,"gold_loss":0,"cards_upgraded":["Survivor"]},{"damage_healed":0,"gold_gain":0,"player_choice":"Upgraded","damage_taken":0,"max_hp_gain":0,"max_hp_loss":0,"event_name":"Upgrade Shrine","floor":3,"gold_loss":0,"cards_upgraded":["Poisoned Stab"]},{"damage_healed":0,"gold_gain":0,"player_choice":"Full Heal","damage_taken":0,"max_hp_gain":0,"max_hp_loss":0,"event_name":"Wheel of Change","floor":5,"gold_loss":0},{"damage_healed":0,"gold_gain":0,"player_choice":"Upgraded","damage_taken":0,"max_hp_gain":0,"max_hp_loss":0,"event_name":"Upgrade Shrine","floor":27,"gold_loss":0,"cards_upgraded":["Neutralize"]},{"damage_healed":0,"gold_gain":0,"player_choice":"Fight","damage_taken":0,"max_hp_gain":0,"max_hp_loss":0,"event_name":"Mysterious Sphere","floor":36,"gold_loss":0},{"damage_healed":0,"gold_gain":0,"player_choice":"Memory 1","damage_taken":0,"max_hp_gain":0,"max_hp_loss":0,"event_name":"SensoryStone","floor":41,"gold_loss":0}],"is_beta":false,"boss_relics":[{"not_picked":["SlaversCollar","Fusion Hammer"],"picked":"Coffee Dripper"},{"not_picked":["Replay:Bronze Core","energizedSpire:PogoStick"],"picked":"SacredBark"}],"items_purged_floors":[22],"is_endless":false,"potions_floor_spawned":[7,8,11,14,18,30,33,35,38],"killed_by":"3 Darklings","ascension_level":0}}