{"host":"h51tltv0izczgxti","time":1611183601,"event":{"mods":["2.2 Compatiblity","AchievementEnabler","Act Like it!","Aspiration","BaseMod","Beaked The Cultist","Better Altar","Better Match","Better Note","Better Sensory Stone","Better Skull","Better Third Choice","Better Vampires","BetterRewards","Clockwork Mod","Gensokyo","Halation","Hallownest","Hermit","HololiveMod","Hubris","Infinite Spire","Koishi","Mad Scientist","Magitek Elite","Marisa????????","Melee Mod","Minty Spire (QoL Compilation)","Pale of the Ancients","Poor People Problems","Prisma Mod","Random Character Button","Remilia??????","Replay The Spire","Retaliation","Robot Space Explorer","Shade Mod","Spicy Shops","Spire Arcade","StS++","StSLib","Strawberry Spire","The Animator","The Bug Knight","The Gatherer","The Kombatant","The Poker Player","The Servant 0.9.4","The Wild Card","TheBandit","WarShipGirlsR/????R mod","Yuyuko"],"gold_per_floor":[115,129,204,61,75,102,102,102,128,147,20,34,45,59,59,59,59],"floor_reached":16,"language":"ENG","playtime":1423,"items_purged":["HollowMod:NailStrikeStart"],"score":109,"play_id":"00037260-8a2c-4bbe-ad7f-c965453b2ade","local_time":"20210120170001","is_ascension_mode":true,"campfire_choices":[{"floor":7,"key":"REST"},{"floor":15,"key":"REST"}],"circlet_count":0,"master_deck":["HollowMod:NailStrikeStart","HollowMod:NailStrikeStart","HollowMod:NailStrikeStart","HollowMod:QuickDashStart","HollowMod:QuickDashStart","HollowMod:QuickDashStart","HollowMod:QuickDashStart","HollowMod:FocusHealStart","HollowMod:PogoStrike","HollowMod:LifebloodCocoon","HollowMod:BaldurShell","HollowMod:PureNailStrike","HollowMod:LuriensSpire","HollowMod:FallenFury","HollowMod:QuirrelsAssistance","HollowMod:SoulVessel+1","HollowMod:ChannelNail","HollowMod:HowlingWraiths","HollowMod:SharpenedNail"],"relics":["HollowMod:VesselMask","aspiration:Nostalgia","halation:Thesaurus","animator:LivingPicture","infinitespire:Golems Mask","Ancient Tea Set"],"acts_visited":["Hallownest:Greenpath"],"potions_floor_usage":[13,14,14,14],"damage_taken":[{"damage":0,"enemies":"Hallownest:monsterHuskWarrior","floor":1,"turns":3},{"damage":13,"enemies":"Hallownest:monsterHuskGuard","floor":2,"turns":8},{"damage":7,"enemies":"Hallownest:2_Tiktiks_and_1_Crawlid","floor":5,"turns":6},{"damage":72,"enemies":"Hallownest:eliteMossKnight","floor":6,"turns":17},{"damage":23,"enemies":"Hallownest:2_Tiktiks_1_Baldur_1_Crawlid","floor":10,"turns":6},{"damage":0,"enemies":"Hallownest:monsterAspidMother","floor":12,"turns":5},{"damage":19,"enemies":"Hallownest:1_Ooma_and_2_Uuma","floor":13,"turns":4},{"damage":0,"enemies":"Hallownest:Guard_and_Warrior","floor":14,"turns":4},{"damage":36,"enemies":"Hallownest:BossBrokenVessel","floor":16,"turns":11}],"seed_played":"604323652418565834","potions_obtained":[{"floor":10,"key":"StSpp:ScatteredWeakPotion"},{"floor":13,"key":"FearPotion"}],"is_trial":false,"path_per_floor":["M","M","?","$","M","E","R","?","T","M","$","M","M","M","R","B"],"character_chosen":"THE_BUGKNIGHT","items_purchased":["halation:Thesaurus","HollowMod:SoulVessel+1"],"campfire_rested":2,"item_purchase_floors":[4,11],"current_hp_per_floor":[75,69,69,69,68,8,30,30,30,17,17,23,4,4,26,0,0],"gold":59,"neow_bonus":"NOSTALGIA","is_daily":false,"chose_seed":false,"campfire_upgraded":0,"win_rate":0.0,"timestamp":1611183601,"path_taken":["M","M","?","$","M","E","R","?","T","M","?","M","?","M","R","BOSS"],"items_purchased_type":["Relic","Card"],"build_version":"2020-12-22","purchased_purges":1,"victory":false,"max_hp_per_floor":[75,75,75,75,75,75,75,75,75,75,75,75,75,75,75,75,75],"card_choices":[{"not_picked":["HollowMod:WraithStrike","HollowMod:TaintedHusks"],"picked":"HollowMod:LifebloodCocoon","floor":1},{"not_picked":["HollowMod:SiblingsSouls","HollowMod:NewLittleFool"],"picked":"HollowMod:BaldurShell","floor":2},{"not_picked":["HollowMod:SharpenedNail","HollowMod:FallenFury"],"picked":"HollowMod:PureNailStrike","floor":5},{"not_picked":["HollowMod:InfectionAssault","HollowMod:DreamGate"],"picked":"HollowMod:LuriensSpire","floor":6},{"not_picked":["HollowMod:CornifersMapStart","HollowMod:GrimmsGift"],"picked":"HollowMod:QuirrelsAssistance","floor":10},{"not_picked":["HollowMod:LifebloodCocoon","HollowMod:SoulVessel"],"picked":"HollowMod:ChannelNail","floor":12},{"not_picked":["HollowMod:TaintedHusks","HollowMod:InfectionAssault"],"picked":"HollowMod:HowlingWraiths","floor":13},{"not_picked":["HollowMod:SoulSplash","HollowMod:HuntersJournal"],"picked":"HollowMod:SharpenedNail","floor":14}],"player_experience":910566,"relics_obtained":[{"floor":6,"key":"infinitespire:Golems Mask"},{"floor":9,"key":"Ancient Tea Set"}],"event_choices":[],"is_beta":false,"boss_relics":[],"items_purged_floors":[11],"is_endless":false,"potions_floor_spawned":[10,13],"killed_by":"Hallownest:BossBrokenVessel","ascension_level":1}}