{"host":"msa0wxqjs3jv1k3j","time":1611132046,"event":{"mods":["AchievementEnabler","BaseMod","BetterRewards","Colored Map","Highlight Path","KOR Keyword Fix","Keyboard Shortcuts","Minty Spire (QoL Compilation)","Quick Restart","SuperFastMode","everything is the same but u backflip on backflip"],"gold_per_floor":[114,289,299,299,299,350,374,389,389,403,403,419,39,114,114,243,243,258,302,302,227,176,200,200,200,227,240,115,134,152,170,170,170,170],"floor_reached":33,"language":"KOR","playtime":1799,"items_purged":["Defend_R","Strike_R","Writhe"],"score":349,"play_id":"06dd63e1-0a73-4bcd-8a14-503823fd4c0b","local_time":"20210120174046","is_ascension_mode":false,"campfire_choices":[{"floor":15,"key":"DIG"},{"data":"True Grit","floor":24,"key":"SMITH"},{"floor":32,"key":"REST"}],"circlet_count":0,"master_deck":["Bash","True Grit+1","Sword Boomerang","Battle Trance","Iron Wave","Evolve","Pommel Strike","Armaments+1","Corruption","Pommel Strike","Uppercut","Sentinel","Double Tap+1","Offering","Shockwave","Shrug It Off","Dual Wield","Intimidate","Seeing Red"],"relics":["Burning Blood","Shovel","Eternal Feather","Kunai","ClockworkSouvenir","Golden Idol","Question Card","Pear","Bottled Lightning","Self Forming Clay","Shuriken","Pandora\u0027s Box","Red Mask","Tiny Chest","War Paint"],"acts_visited":["Exordium","TheCity"],"potions_floor_usage":[6,16,19,30,31],"damage_taken":[{"damage":3,"enemies":"2 Louse","floor":1,"turns":3},{"damage":9,"enemies":"Small Slimes","floor":3,"turns":4},{"damage":36,"enemies":"Lagavulin","floor":6,"turns":9},{"damage":0,"enemies":"Cultist","floor":7,"turns":3},{"damage":4,"enemies":"Blue Slaver","floor":8,"turns":4},{"damage":20,"enemies":"Large Slime","floor":10,"turns":7},{"damage":15,"enemies":"Looter","floor":12,"turns":3},{"damage":35,"enemies":"Slime Boss","floor":16,"turns":12},{"damage":9,"enemies":"Shell Parasite","floor":18,"turns":4},{"damage":39,"enemies":"Masked Bandits","floor":19,"turns":4},{"damage":24,"enemies":"Spheric Guardian","floor":23,"turns":6},{"damage":6,"enemies":"Centurion and Healer","floor":27,"turns":8},{"damage":24,"enemies":"Snake Plant","floor":29,"turns":6},{"damage":20,"enemies":"Cultist and Chosen","floor":30,"turns":5},{"damage":0,"enemies":"Centurion and Healer","floor":31,"turns":11},{"damage":61,"enemies":"Collector","floor":33,"turns":5}],"seed_played":"-4414220929570290092","potions_obtained":[{"floor":3,"key":"ColorlessPotion"},{"floor":6,"key":"Dexterity Potion"},{"floor":16,"key":"Explosive Potion"},{"floor":29,"key":"HeartOfIron"},{"floor":30,"key":"DistilledChaos"}],"is_trial":false,"path_per_floor":["M","?","M","?","?","E","M","M","T","M","T","M","$","?","R","B",null,"M","?","?","?","$","M","R","?","T","M","$","M","M","M","R","B"],"character_chosen":"IRONCLAD","items_purchased":["Eternal Feather","Kunai","ClockworkSouvenir","Dark Embrace","True Grit","Armaments","Self Forming Clay","Shrug It Off"],"campfire_rested":1,"item_purchase_floors":[0,0,0,0,0,13,13,22],"current_hp_per_floor":[80,80,77,77,74,44,50,52,62,48,48,39,39,28,37,8,84,81,48,48,48,48,30,39,39,39,39,39,21,7,13,47,0,0],"gold":170,"neow_bonus":"","is_daily":false,"chose_seed":false,"campfire_upgraded":1,"win_rate":0.0,"timestamp":1611132046,"path_taken":["M","?","M","?","?","E","M","M","T","M","?","?","$","?","R","BOSS","M","?","?","?","$","M","R","?","T","M","?","?","M","M","R","BOSS"],"items_purchased_type":["Relic","Relic","Relic","Card","Card","Card","Relic","Card"],"build_version":"2020-12-22","purchased_purges":3,"victory":false,"max_hp_per_floor":[80,80,80,80,74,74,74,74,84,84,84,84,84,84,84,84,84,84,84,84,84,84,84,84,84,84,84,84,84,84,84,84,84,84],"card_choices":[{"not_picked":["True Grit","Inflame","Anger"],"picked":"SKIP","floor":1},{"not_picked":["Blood for Blood","Cleave"],"picked":"Sword Boomerang","floor":3},{"not_picked":["Disarm","Shockwave"],"picked":"Battle Trance","floor":6},{"not_picked":["Wild Strike","Searing Blow","Fire Breathing"],"picked":"Iron Wave","floor":7},{"not_picked":["Clothesline","Pummel","Headbutt","Havoc"],"picked":"SKIP","floor":8},{"not_picked":["Feel No Pain","Battle Trance","Clothesline"],"picked":"Evolve","floor":10},{"not_picked":["Twin Strike","Whirlwind","Dropkick"],"picked":"Pommel Strike","floor":12},{"not_picked":["Brutality","Exhume","Barricade"],"picked":"Corruption","floor":16},{"not_picked":["Anger","Armaments","Reckless Charge","Cleave"],"picked":"SKIP","floor":18},{"not_picked":["Heavy Blade+1","Twin Strike","Uppercut+1","Perfected Strike"],"picked":"SKIP","floor":23},{"not_picked":["Flex+1","Pommel Strike+1","Bludgeon"],"picked":"Dual Wield","floor":27},{"not_picked":["Sword Boomerang","Flex","Iron Wave"],"picked":"Intimidate","floor":29},{"not_picked":["Clash","Flex","Heavy Blade","Sword Boomerang"],"picked":"SKIP","floor":30},{"not_picked":["Evolve","Headbutt","Twin Strike+1"],"picked":"Seeing Red","floor":31}],"player_experience":135792,"relics_obtained":[{"floor":6,"key":"Question Card"},{"floor":9,"key":"Pear"},{"floor":11,"key":"Bottled Lightning"},{"floor":15,"key":"Shuriken"},{"floor":19,"key":"Red Mask"},{"floor":26,"key":"War Paint"}],"event_choices":[{"damage_healed":0,"gold_gain":175,"player_choice":"AGREE","damage_taken":0,"max_hp_gain":0,"max_hp_loss":0,"event_name":"Liars Game","floor":2,"gold_loss":0,"cards_obtained":["Doubt"]},{"cards_removed":["Doubt"],"damage_healed":0,"gold_gain":0,"player_choice":"Forget","damage_taken":0,"max_hp_gain":0,"max_hp_loss":0,"event_name":"Living Wall","floor":4,"gold_loss":0},{"damage_healed":0,"gold_gain":0,"player_choice":"Lose Max HP","damage_taken":0,"relics_obtained":["Golden Idol"],"max_hp_gain":0,"max_hp_loss":6,"event_name":"Golden Idol","floor":5,"gold_loss":0},{"damage_healed":0,"gold_gain":75,"player_choice":"Gather Gold","damage_taken":11,"max_hp_gain":0,"max_hp_loss":0,"event_name":"World of Goop","floor":14,"gold_loss":0},{"damage_healed":0,"gold_gain":0,"player_choice":"Fought Bandits","damage_taken":0,"max_hp_gain":0,"max_hp_loss":0,"event_name":"Masked Bandits","floor":19,"gold_loss":0},{"cards_removed":["Combust"],"damage_healed":0,"gold_gain":0,"player_choice":"Elegance","damage_taken":0,"max_hp_gain":0,"max_hp_loss":0,"event_name":"Back to Basics","floor":20,"gold_loss":0},{"cards_removed":["Dark Embrace"],"damage_healed":0,"gold_gain":0,"player_choice":"Gave Gold","damage_taken":0,"max_hp_gain":0,"max_hp_loss":0,"event_name":"Beggar","floor":21,"gold_loss":75},{"damage_healed":0,"gold_gain":0,"player_choice":"Opened","damage_taken":0,"relics_obtained":["Tiny Chest"],"max_hp_gain":0,"max_hp_loss":0,"event_name":"The Mausoleum","floor":25,"gold_loss":0,"cards_obtained":["Writhe"]}],"is_beta":false,"boss_relics":[{"not_picked":["Runic Pyramid","Cursed Key"],"picked":"Pandora\u0027s Box"}],"items_purged_floors":[0,13,28],"is_endless":false,"potions_floor_spawned":[3,6,16,29,30],"killed_by":"Collector","ascension_level":0}}