{"host":"x205naxbihvu3p76","time":1611121327,"event":{"mods":["AchievementEnabler","BaseMod","Minty Spire (QoL Compilation)","StSLib","SuperFastMode"],"gold_per_floor":[112,112,112,136,157,157,190,150,198,216,239,259,259,279,279,279,279],"floor_reached":16,"language":"KOR","playtime":319,"items_purged":[],"score":208,"play_id":"f3689a7f-40f9-4f54-8c4f-2f66f0791d42","local_time":"20210120144207","is_ascension_mode":true,"campfire_choices":[{"data":"Zap","floor":6,"key":"SMITH"},{"floor":13,"key":"REST"},{"floor":15,"key":"REST"}],"circlet_count":0,"master_deck":["AscendersBane","Strike_B","Strike_B","Strike_B","Defend_B+1","Defend_B","Defend_B+1","Zap+1","Dualcast","Rip and Tear","Ball Lightning","Conserve Battery","Consume","Creative AI"],"relics":["Cracked Core","Golden Idol","War Paint","Oddly Smooth Stone"],"acts_visited":["Exordium"],"potions_floor_usage":[7,7,16],"damage_taken":[{"damage":7,"enemies":"Jaw Worm","floor":1,"turns":2},{"damage":7,"enemies":"Small Slimes","floor":4,"turns":3},{"damage":0,"enemies":"2 Louse","floor":5,"turns":2},{"damage":10,"enemies":"3 Sentries","floor":7,"turns":5},{"damage":4,"enemies":"Blue Slaver","floor":10,"turns":4},{"damage":8,"enemies":"Lots of Slimes","floor":11,"turns":4},{"damage":1,"enemies":"3 Louse","floor":12,"turns":4},{"damage":12,"enemies":"Exordium Wildlife","floor":14,"turns":4},{"damage":37,"enemies":"Hexaghost","floor":16,"turns":9}],"seed_played":"-3484085004555839843","potions_obtained":[{"floor":1,"key":"AttackPotion"},{"floor":5,"key":"Strength Potion"},{"floor":11,"key":"SteroidPotion"},{"floor":14,"key":"PowerPotion"}],"is_trial":false,"path_per_floor":["M","?","?","M","M","R","E","?","T","M","M","M","R","M","R","B"],"character_chosen":"DEFECT","items_purchased":[],"campfire_rested":2,"item_purchase_floors":[],"current_hp_per_floor":[39,39,39,32,32,32,22,22,22,18,10,9,28,16,35,0,0],"gold":279,"neow_bonus":"REMOVE_TWO","is_daily":false,"chose_seed":false,"campfire_upgraded":1,"win_rate":0.0,"timestamp":1611121327,"path_taken":["M","?","?","M","M","R","E","?","T","M","M","M","R","M","R","BOSS"],"items_purchased_type":[],"build_version":"2020-12-22","purchased_purges":0,"victory":false,"max_hp_per_floor":[71,64,64,64,64,64,64,64,64,64,64,64,64,64,64,64,64],"card_choices":[{"not_picked":["Go for the Eyes","Leap"],"picked":"Rip and Tear","floor":1},{"not_picked":["Beam Cell","Loop"],"picked":"Ball Lightning","floor":4},{"not_picked":["Sweeping Beam","Gash"],"picked":"Conserve Battery","floor":5},{"not_picked":["Auto Shields","Compile Driver"],"picked":"Consume","floor":7},{"not_picked":["Hologram","Rebound"],"picked":"Creative AI","floor":10},{"not_picked":["Rebound","Darkness","Loop"],"picked":"SKIP","floor":11},{"not_picked":["Hologram","Redo","Streamline"],"picked":"SKIP","floor":12},{"not_picked":["Streamline","Gash","Coolheaded"],"picked":"SKIP","floor":14}],"player_experience":987744,"relics_obtained":[{"floor":7,"key":"War Paint"},{"floor":9,"key":"Oddly Smooth Stone"}],"event_choices":[{"damage_healed":0,"gold_gain":0,"player_choice":"Lose Max HP","damage_taken":0,"relics_obtained":["Golden Idol"],"max_hp_gain":0,"max_hp_loss":7,"event_name":"Golden Idol","floor":2,"gold_loss":0},{"damage_healed":0,"gold_gain":0,"player_choice":"Ignored","damage_taken":0,"max_hp_gain":0,"max_hp_loss":0,"event_name":"Liars Game","floor":3,"gold_loss":0},{"damage_healed":0,"gold_gain":0,"player_choice":"Left Gold","damage_taken":0,"max_hp_gain":0,"max_hp_loss":0,"event_name":"World of Goop","floor":8,"gold_loss":40}],"is_beta":false,"boss_relics":[],"items_purged_floors":[],"is_endless":false,"potions_floor_spawned":[1,5,11,14],"killed_by":"Hexaghost","ascension_level":20}}