{"host":"rjfefv2ruvigm2gb","time":1611113935,"event":{"mods":["A Penny For Your Troubles","Act Like it!","AlwaysNeverKeys","BaseMod","Block Reminder","Conspire","Curses Come First","Dark Map","Displayed Cursed Tome","Elementarium","Evolution","Fireblade Mod","Fox Events","Gensokyo","Gold Saver","Googly Eyes","HexUI Lib","Hubris","Infinite Spire","Mad Scientist","Mimic Mod","Minty Spire (QoL Compilation)","Permanent Neow","Poor People Problems","Quick Restart","Relic Filter","Relic Stats","Replay The Spire","Shop Mod","StS++","StSLib","SuperFastMode","The Alterego","The Blue Laboratory","TheSwordswoman","Virulent Crown"],"gold_per_floor":[110,142,89,101,111,111,111],"floor_reached":6,"language":"ENG","playtime":236,"items_purged":[],"score":72,"play_id":"b0c3f92e-eed1-41f8-8109-5d23a2439042","local_time":"20210119213855","is_ascension_mode":true,"campfire_choices":[],"circlet_count":0,"master_deck":["AscendersBane","Strike_R","Strike_R","Strike_R","Strike_R","Strike_R","Defend_R","Defend_R","Defend_R","Defend_R","Bash","Shrug It Off","Spot Weakness","Shrug It Off","Sword Boomerang"],"relics":["Burning Blood","EVO:Axolotl","hubris:ChampionShield","foxEvents:LuckyCharm"],"acts_visited":["Exordium"],"potions_floor_usage":[4],"damage_taken":[{"damage":12,"enemies":"2 Louse","floor":1,"turns":5},{"damage":46,"enemies":"Colosseum Slavers","floor":2,"turns":5},{"damage":7,"enemies":"Small Slimes","floor":4,"turns":4},{"damage":1,"enemies":"Cultist","floor":5,"turns":4},{"damage":34,"enemies":"3 Sentries","floor":6,"turns":6}],"seed_played":"7982446976696266794","potions_obtained":[],"is_trial":false,"path_per_floor":["M","?","$","M","M","E"],"character_chosen":"IRONCLAD","items_purchased":["blueLaboratory:FruitPunch"],"campfire_rested":0,"item_purchase_floors":[3],"current_hp_per_floor":[62,22,22,23,28,0,0],"gold":111,"neow_bonus":"RANDOM_COMMON_RELIC","is_daily":false,"chose_seed":false,"campfire_upgraded":0,"win_rate":0.0,"timestamp":1611113935,"path_taken":["M","?","$","M","M","E"],"items_purchased_type":["Potion"],"build_version":"2020-12-22","purchased_purges":0,"victory":false,"max_hp_per_floor":[75,75,75,77,77,77,77],"relic_stats":{"counters":[5,24],"obtain_stats":[{"foxEvents:LuckyCharm":2,"EVO:Axolotl":0,"hubris:ChampionShield":0,"Burning Blood":0},{"foxEvents:LuckyCharm":2,"EVO:Axolotl":0,"hubris:ChampionShield":0,"Burning Blood":0},{"foxEvents:LuckyCharm":10,"EVO:Axolotl":0,"hubris:ChampionShield":0,"Burning Blood":0}],"Burning Blood":24},"card_choices":[{"not_picked":["Clothesline","Anger"],"picked":"Shrug It Off","floor":1},{"not_picked":["Replay:Undeath\u0027s Touch","Flex"],"picked":"Spot Weakness","floor":2},{"not_picked":["Heavy Blade","Headbutt"],"picked":"Shrug It Off","floor":4},{"not_picked":["hubris:ReadiedAction","Burning Pact"],"picked":"Sword Boomerang","floor":5}],"player_experience":997505,"relics_obtained":[{"floor":2,"key":"foxEvents:LuckyCharm"}],"event_choices":[],"is_beta":false,"boss_relics":[],"items_purged_floors":[],"is_endless":false,"potions_floor_spawned":[],"killed_by":"3 Sentries","ascension_level":20}}