{"host":"hnrafgucdht3qvsp","time":1611125697,"event":{"mods":["BaseMod","Bestiary","Colored Map","Minty Spire (QoL Compilation)","Relic Stats","StSLib"],"gold_per_floor":[116,116,127,127,150,150,170,210,210,180,180,217,238,262,262,373,445,464,483,28,28,28,67,88,88,115,149,74,113,113,149,149,257,257,284,284,299,353,42,75,75,89,89,108,127,127,147,174,174,174],"floor_reached":51,"language":"ENG","playtime":2577,"items_purged":[],"score":1069,"play_id":"afb87b56-0ba6-4e7d-aa57-45df575ccb03","local_time":"20210120015457","is_ascension_mode":true,"campfire_choices":[{"data":"Dualcast","floor":6,"key":"SMITH"},{"floor":11,"key":"REST"},{"floor":15,"key":"REST"},{"data":"Fission","floor":25,"key":"SMITH"},{"data":"Defragment","floor":32,"key":"SMITH"},{"data":"Electrodynamics","floor":41,"key":"SMITH"},{"data":"Defragment","floor":46,"key":"SMITH"},{"data":"Echo Form","floor":49,"key":"SMITH"}],"circlet_count":0,"master_deck":["Zap+1","Dualcast+1","Barrage+1","Skim","Redo","Defragment+1","Coolheaded","Go for the Eyes","Conserve Battery","Seek","Meteor Strike","Chill","Ball Lightning","Fission+1","Sunder","Compile Driver","Static Discharge","Glacier","Loop+1","Cold Snap","Defragment+1","Reboot","Electrodynamics+1","Capacitor","Echo Form+1"],"relics":["Velvet Choker","Thread and Needle","Bag of Preparation","CeramicFish","Singing Bowl","Pandora\u0027s Box","Calipers","Runic Capacitor","Orichalcum","Bronze Scales","Blood Vial","FossilizedHelix","Red Mask","Akabeko","Busted Crown","Peace Pipe","Mummified Hand","CaptainsWheel","Shovel"],"acts_visited":["Exordium","TheCity","TheBeyond"],"potions_floor_usage":[14,27,38],"damage_taken":[{"damage":7,"enemies":"Jaw Worm","floor":1,"turns":4},{"damage":0,"enemies":"2 Louse","floor":3,"turns":2},{"damage":0,"enemies":"Small Slimes","floor":7,"turns":3},{"damage":43,"enemies":"Gremlin Nob","floor":8,"turns":5},{"damage":18,"enemies":"Lagavulin","floor":12,"turns":6},{"damage":1,"enemies":"Red Slaver","floor":13,"turns":3},{"damage":0,"enemies":"Large Slime","floor":14,"turns":4},{"damage":3,"enemies":"Hexaghost","floor":16,"turns":10},{"damage":10,"enemies":"3 Byrds","floor":18,"turns":4},{"damage":5,"enemies":"Shell Parasite","floor":19,"turns":5},{"damage":12,"enemies":"Book of Stabbing","floor":23,"turns":5},{"damage":1,"enemies":"Chosen and Byrds","floor":24,"turns":5},{"damage":8,"enemies":"Slavers","floor":27,"turns":4},{"damage":0,"enemies":"Masked Bandits","floor":29,"turns":3},{"damage":0,"enemies":"Book of Stabbing","floor":31,"turns":5},{"damage":0,"enemies":"Automaton","floor":33,"turns":9},{"damage":0,"enemies":"3 Shapes","floor":35,"turns":6},{"damage":2,"enemies":"Orb Walker","floor":37,"turns":4},{"damage":28,"enemies":"2 Orb Walkers","floor":38,"turns":4},{"damage":0,"enemies":"Reptomancer","floor":40,"turns":6},{"damage":0,"enemies":"4 Shapes","floor":42,"turns":4},{"damage":0,"enemies":"Jaw Worm Horde","floor":44,"turns":3},{"damage":0,"enemies":"Sphere and 2 Shapes","floor":45,"turns":2},{"damage":0,"enemies":"Maw","floor":47,"turns":6},{"damage":0,"enemies":"Transient","floor":48,"turns":5},{"damage":7,"enemies":"Time Eater","floor":50,"turns":9}],"seed_played":"-8907922161611415349","potions_obtained":[{"floor":1,"key":"SkillPotion"},{"floor":10,"key":"Explosive Potion"},{"floor":10,"key":"Ancient Potion"},{"floor":14,"key":"PotionOfCapacity"},{"floor":16,"key":"Regen Potion"},{"floor":29,"key":"Regen Potion"},{"floor":31,"key":"ColorlessPotion"},{"floor":33,"key":"DuplicationPotion"},{"floor":38,"key":"SteroidPotion"}],"is_trial":false,"path_per_floor":["M","?","M","?","T","R","M","E","T","?","R","E","M","M","R","B",null,"M","M","$","?","$","E","M","R","T","E","?","?","?","E","R","B",null,"M","?","M","?","$","E","R","M","T","M","M","R","M","M","R","B",null],"character_chosen":"DEFECT","items_purchased":["Calipers","Runic Capacitor","Mummified Hand","Regen Potion"],"campfire_rested":2,"item_purchase_floors":[20,20,39,39],"current_hp_per_floor":[68,61,61,46,46,46,46,3,3,3,25,7,6,6,28,25,63,53,50,50,50,50,38,37,37,37,45,45,47,32,34,34,36,72,74,74,76,52,52,56,56,60,60,64,68,68,72,74,74,69],"gold":174,"neow_bonus":"BOSS_RELIC","is_daily":false,"chose_seed":false,"campfire_upgraded":6,"win_rate":0.0,"timestamp":1611125697,"path_taken":["M","?","M","?","?","R","M","E","T","?","R","E","M","?","R","BOSS","M","M","$","?","?","E","M","R","T","E","?","?","?","E","R","BOSS","M","?","M","?","$","E","R","M","T","M","M","R","M","M","R","BOSS"],"items_purchased_type":["Relic","Relic","Relic","Potion"],"build_version":"2020-12-22","purchased_purges":0,"victory":true,"max_hp_per_floor":[75,75,75,75,75,75,75,75,75,75,75,75,75,75,75,75,75,75,77,77,77,77,77,77,77,77,79,79,79,84,84,84,84,84,84,80,82,84,84,86,86,88,88,90,92,92,94,94,94,94],"relic_stats":{"Singing Bowl":18,"counters":[26,126],"CeramicFish":189,"Bag of Preparation":[48],"Orichalcum":[48],"Blood Vial":28,"Peace Pipe":0,"Busted Crown":18,"Shovel":0,"Mummified Hand":[49],"Bronze Scales":[236],"Pandora\u0027s Box":["Meteor Strike","Chill","Meteor Strike","Ball Lightning","Fission","Sunder","Compile Driver","Static Discharge"],"obtain_stats":[{"Calipers":20,"Singing Bowl":12,"CeramicFish":8,"Velvet Choker":0,"Thread and Needle":2,"Bag of Preparation":5,"Runic Capacitor":20,"Orichalcum":21,"Akabeko":31,"Blood Vial":26,"Peace Pipe":38,"CaptainsWheel":40,"Busted Crown":34,"Shovel":43,"Mummified Hand":39,"Bronze Scales":23,"Pandora\u0027s Box":17,"Red Mask":29,"Cracked Core":0,"FossilizedHelix":27},{"Calipers":10,"Singing Bowl":5,"CeramicFish":4,"Velvet Choker":0,"Thread and Needle":1,"Bag of Preparation":2,"Runic Capacitor":10,"Orichalcum":10,"Akabeko":15,"Blood Vial":12,"Peace Pipe":19,"CaptainsWheel":20,"Busted Crown":16,"Shovel":21,"Mummified Hand":19,"Bronze Scales":11,"Pandora\u0027s Box":8,"Red Mask":14,"Cracked Core":0,"FossilizedHelix":13},{"Calipers":46,"Singing Bowl":20,"CeramicFish":14,"Velvet Choker":0,"Thread and Needle":4,"Bag of Preparation":6,"Runic Capacitor":46,"Orichalcum":46,"Akabeko":68,"Blood Vial":56,"Peace Pipe":91,"CaptainsWheel":97,"Busted Crown":77,"Shovel":101,"Mummified Hand":91,"Bronze Scales":51,"Pandora\u0027s Box":37,"Red Mask":63,"Cracked Core":0,"FossilizedHelix":60}]},"card_choices":[{"not_picked":["Double Energy","Reprogram"],"picked":"Barrage","floor":1},{"not_picked":["Doom and Gloom","Sunder"],"picked":"Skim","floor":3},{"not_picked":["Turbo","Rebound"],"picked":"Redo","floor":7},{"not_picked":["Static Discharge","Turbo"],"picked":"Defragment","floor":8},{"not_picked":["Compile Driver","Gash"],"picked":"Coolheaded","floor":12},{"not_picked":["Redo","All For One"],"picked":"Go for the Eyes","floor":13},{"not_picked":["Auto Shields","Rebound"],"picked":"Conserve Battery","floor":14},{"not_picked":["Thunder Strike","Reboot"],"picked":"Seek","floor":16},{"not_picked":["Auto Shields","Gash"],"picked":"Glacier","floor":18},{"not_picked":["Ball Lightning","Coolheaded+1","BootSequence+1"],"picked":"Singing Bowl","floor":19},{"not_picked":["Rebound","Static Discharge"],"picked":"Loop+1","floor":23},{"not_picked":["Leap+1","Chill"],"picked":"Cold Snap","floor":24},{"not_picked":["Double Energy","Hologram","Steam"],"picked":"Singing Bowl","floor":27},{"not_picked":["Coolheaded","Conserve Battery"],"picked":"Defragment","floor":29},{"not_picked":["Stack","Undo"],"picked":"Reboot","floor":31},{"not_picked":["Reboot","Multi-Cast"],"picked":"Electrodynamics","floor":33},{"not_picked":[],"picked":"Capacitor","floor":35},{"not_picked":["Fusion"],"picked":"Singing Bowl","floor":37},{"not_picked":["Sweeping Beam+1"],"picked":"Singing Bowl","floor":38},{"not_picked":["Streamline"],"picked":"Singing Bowl","floor":40},{"not_picked":["Coolheaded"],"picked":"Singing Bowl","floor":42},{"not_picked":["Stack"],"picked":"Singing Bowl","floor":44},{"not_picked":["Conserve Battery"],"picked":"Singing Bowl","floor":45},{"not_picked":["Leap+1"],"picked":"Singing Bowl","floor":47},{"not_picked":[],"picked":"Echo Form","floor":48}],"player_experience":425302,"relics_obtained":[{"floor":5,"key":"Bag of Preparation"},{"floor":8,"key":"CeramicFish"},{"floor":12,"key":"Singing Bowl"},{"floor":23,"key":"Bronze Scales"},{"floor":26,"key":"Blood Vial"},{"floor":27,"key":"FossilizedHelix"},{"floor":29,"key":"Red Mask"},{"floor":31,"key":"Akabeko"},{"floor":38,"key":"Peace Pipe"},{"floor":40,"key":"CaptainsWheel"},{"floor":43,"key":"Shovel"}],"event_choices":[{"damage_healed":0,"gold_gain":0,"player_choice":"Success","damage_taken":7,"relics_obtained":["Thread and Needle"],"max_hp_gain":0,"max_hp_loss":0,"event_name":"Scrap Ooze","floor":2,"gold_loss":0},{"damage_healed":0,"gold_gain":0,"player_choice":"Entered Light","damage_taken":15,"max_hp_gain":0,"max_hp_loss":0,"event_name":"Shining Light","floor":4,"gold_loss":0,"cards_upgraded":["Zap","Barrage"]},{"damage_healed":0,"gold_gain":0,"player_choice":"Bought 2 Potions","damage_taken":0,"max_hp_gain":0,"max_hp_loss":0,"event_name":"The Woman in Blue","floor":10,"gold_loss":0},{"damage_healed":0,"gold_gain":0,"player_choice":"Gave Potion","damage_taken":0,"relics_obtained":["Orichalcum"],"max_hp_gain":0,"max_hp_loss":0,"event_name":"WeMeetAgain","floor":21,"gold_loss":0},{"cards_removed":["Meteor Strike"],"damage_healed":0,"gold_gain":0,"player_choice":"Gave Gold","damage_taken":0,"max_hp_gain":0,"max_hp_loss":0,"event_name":"Beggar","floor":28,"gold_loss":75},{"damage_healed":0,"gold_gain":0,"player_choice":"Fought Bandits","damage_taken":0,"max_hp_gain":0,"max_hp_loss":0,"event_name":"Masked Bandits","floor":29,"gold_loss":0},{"damage_healed":0,"gold_gain":0,"player_choice":"Shed Blood","damage_taken":20,"max_hp_gain":5,"max_hp_loss":0,"event_name":"Forgotten Altar","floor":30,"gold_loss":0},{"damage_healed":0,"gold_gain":0,"player_choice":"Max HP","damage_taken":0,"max_hp_gain":0,"max_hp_loss":4,"event_name":"Winding Halls","floor":36,"gold_loss":0},{"damage_healed":0,"gold_gain":0,"player_choice":"Fight","damage_taken":0,"max_hp_gain":0,"max_hp_loss":0,"event_name":"Mysterious Sphere","floor":38,"gold_loss":0}],"is_beta":false,"boss_relics":[{"not_picked":["Black Star","Runic Pyramid"],"picked":"Pandora\u0027s Box"},{"not_picked":["Runic Dome","Tiny House"],"picked":"Busted Crown"}],"items_purged_floors":[],"is_endless":false,"potions_floor_spawned":[1,12,13,14,16,19,29,31,33,35,38,40,47],"ascension_level":5}}