{"host":"6jrd8fn9k88n08be","time":1611164151,"event":{"mods":["BaseMod","Minty Spire (QoL Compilation)","StSLib"],"gold_per_floor":[119,119,132,142,142,170,170,187,187,187,197,227,3,3,3,103,103,118,130,141,1,1,29,29,62,62,16,16,16,16],"floor_reached":29,"language":"ENG","playtime":1491,"items_purged":["Strike_P"],"score":394,"play_id":"8e040481-2f61-41d8-bdc2-3e31ca6dd3b1","local_time":"20210120123551","is_ascension_mode":true,"campfire_choices":[{"data":"Eruption","floor":7,"key":"SMITH"},{"data":"MentalFortress","floor":10,"key":"SMITH"},{"data":"CrushJoints","floor":15,"key":"SMITH"},{"floor":24,"key":"REST"}],"circlet_count":0,"master_deck":["Strike_P","Strike_P","Defend_P","Defend_P","Defend_P","Eruption+1","Vigilance","MentalFortress+1","FollowUp","FollowUp","Evaluate","EmptyMind","CrushJoints+1","CrushJoints","Halt","DeusExMachina","CurseOfTheBell","Swivel+1","ClearTheMind","FlurryOfBlows+1","Ragnarok+1","Perseverance","FlurryOfBlows"],"relics":["PureWater","NeowsBlessing","Smiling Mask","White Beast Statue","Singing Bowl","InkBottle","Juzu Bracelet","Calling Bell","Strawberry","Kunai","Torii","Art of War","Pear","Ornamental Fan"],"acts_visited":["Exordium","TheCity"],"potions_floor_usage":[6,12,18,19,19,23,25],"damage_taken":[{"damage":0,"enemies":"2 Louse","floor":1,"turns":1},{"damage":0,"enemies":"Cultist","floor":3,"turns":1},{"damage":0,"enemies":"Jaw Worm","floor":4,"turns":1},{"damage":29,"enemies":"3 Sentries","floor":6,"turns":11},{"damage":4,"enemies":"2 Fungi Beasts","floor":8,"turns":4},{"damage":1,"enemies":"3 Louse","floor":11,"turns":2},{"damage":4,"enemies":"Gremlin Nob","floor":12,"turns":4},{"damage":0,"enemies":"Slime Boss","floor":16,"turns":6},{"damage":27,"enemies":"3 Byrds","floor":18,"turns":6},{"damage":0,"enemies":"2 Thieves","floor":19,"turns":1},{"damage":0,"enemies":"Centurion and Healer","floor":20,"turns":5},{"damage":34,"enemies":"Slavers","floor":23,"turns":6},{"damage":34,"enemies":"Gremlin Leader","floor":25,"turns":5},{"damage":23,"enemies":"Slavers","floor":29,"turns":2}],"seed_played":"-8058495509107021427","potions_obtained":[{"floor":1,"key":"BottledMiracle"},{"floor":3,"key":"Weak Potion"},{"floor":8,"key":"SkillPotion"},{"floor":11,"key":"Ancient Potion"},{"floor":12,"key":"BlessingOfTheForge"},{"floor":16,"key":"FearPotion"},{"floor":18,"key":"ColorlessPotion"},{"floor":19,"key":"Ancient Potion"},{"floor":20,"key":"GamblersBrew"},{"floor":23,"key":"SpeedPotion"},{"floor":25,"key":"BottledMiracle"}],"is_trial":false,"path_per_floor":["M","?","M","M","?","E","R","M","T","R","M","E","$","?","R","B",null,"M","M","M","$","?","E","R","E","T","$","?","E"],"character_chosen":"WATCHER","items_purchased":["Juzu Bracelet","CrushJoints","Ragnarok","FlurryOfBlows"],"campfire_rested":1,"item_purchase_floors":[13,13,21,27],"current_hp_per_floor":[72,72,72,72,69,40,40,36,36,36,35,33,33,33,33,33,81,54,54,54,54,54,20,44,22,22,22,22,0,0],"gold":16,"neow_bonus":"THREE_ENEMY_KILL","is_daily":false,"chose_seed":false,"campfire_upgraded":3,"win_rate":0.0,"timestamp":1611164151,"path_taken":["M","?","?","?","?","E","R","M","T","R","M","E","$","?","R","BOSS","M","M","M","?","?","E","R","E","T","$","?","E"],"items_purchased_type":["Relic","Card","Card","Card"],"build_version":"2020-12-22","purchased_purges":1,"victory":false,"max_hp_per_floor":[72,72,72,72,72,72,72,72,72,72,72,74,74,74,74,74,81,81,81,81,81,81,81,81,93,93,93,93,93,93],"card_choices":[{"not_picked":["EmptyFist","Halt"],"picked":"MentalFortress","floor":1},{"not_picked":["EmptyBody","ThirdEye"],"picked":"FollowUp","floor":3},{"not_picked":["ForeignInfluence","PathToVictory"],"picked":"FollowUp","floor":4},{"not_picked":["Conclude","SashWhip"],"picked":"Evaluate","floor":6},{"not_picked":["EmptyFist","ReachHeaven"],"picked":"EmptyMind","floor":8},{"not_picked":["Brilliance","SandsOfTime"],"picked":"CrushJoints","floor":11},{"not_picked":["Vengeance","Conclude","Evaluate"],"picked":"Singing Bowl","floor":12},{"not_picked":["Devotion","Blasphemy"],"picked":"DeusExMachina","floor":16},{"not_picked":["DeceiveReality","Fasting2"],"picked":"Swivel+1","floor":18},{"not_picked":["EmptyBody","FlyingSleeves"],"picked":"ClearTheMind","floor":19},{"not_picked":["InnerPeace+1","MentalFortress"],"picked":"FlurryOfBlows+1","floor":20},{"not_picked":["EmptyMind","ForeignInfluence"],"picked":"Perseverance","floor":23},{"not_picked":["ForeignInfluence","Fasting2+1","Perseverance+1"],"picked":"Singing Bowl","floor":25}],"player_experience":100075,"relics_obtained":[{"floor":6,"key":"White Beast Statue"},{"floor":9,"key":"Singing Bowl"},{"floor":12,"key":"InkBottle"},{"floor":17,"key":"Strawberry"},{"floor":17,"key":"Kunai"},{"floor":17,"key":"Torii"},{"floor":23,"key":"Art of War"},{"floor":25,"key":"Pear"},{"floor":26,"key":"Ornamental Fan"}],"event_choices":[{"cards_removed":["Strike_P"],"damage_healed":0,"gold_gain":0,"player_choice":"Purged","damage_taken":0,"max_hp_gain":0,"max_hp_loss":0,"event_name":"Purifier","floor":2,"gold_loss":0},{"damage_healed":0,"gold_gain":0,"player_choice":"Success","damage_taken":3,"relics_obtained":["Smiling Mask"],"max_hp_gain":0,"max_hp_loss":0,"event_name":"Scrap Ooze","floor":5,"gold_loss":0},{"damage_healed":0,"gold_gain":0,"cards_transformed":["Defend_P"],"player_choice":"Transformed","damage_taken":0,"max_hp_gain":0,"max_hp_loss":0,"event_name":"Transmorgrifier","floor":14,"gold_loss":0,"cards_obtained":["Halt"]},{"damage_healed":0,"gold_gain":0,"player_choice":"Ignored","damage_taken":0,"max_hp_gain":0,"max_hp_loss":0,"event_name":"Ghosts","floor":22,"gold_loss":0},{"damage_healed":0,"gold_gain":0,"player_choice":"Forge","damage_taken":0,"max_hp_gain":0,"max_hp_loss":0,"event_name":"Accursed Blacksmith","floor":28,"gold_loss":0,"cards_upgraded":["Ragnarok"]}],"is_beta":false,"boss_relics":[{"not_picked":["Snecko Eye","Ectoplasm"],"picked":"Calling Bell"}],"items_purged_floors":[13],"is_endless":false,"potions_floor_spawned":[1,3,8,11,12,16,18,19,20,23,25],"killed_by":"Slavers","ascension_level":3}}