{"host":"Brown Brick","time":1611159430,"event":{"mods":["BaseMod","Melee Mod","Minty Spire (QoL Compilation)","Rare Cards Sparkle","Relic Stats","StSLib","The Bug Knight","The Marked","Unceasing Turn Reminder","everything is the same but u backflip on backflip"],"gold_per_floor":[115,131,131,206,225,256,256,30,55,90,90,90,129,147,147,275,275,293,293,293,293,293],"floor_reached":21,"language":"ENG","playtime":1436,"items_purged":[],"score":220,"play_id":"fd887158-5a54-4f8a-a203-49772a66be43","local_time":"20210120171710","is_ascension_mode":false,"campfire_choices":[{"floor":7,"key":"REST"},{"data":"theMarked:ComboAttacks","floor":11,"key":"SMITH"},{"floor":15,"key":"REST"}],"circlet_count":0,"master_deck":["theMarked:Strike","theMarked:Strike+1","theMarked:Strike","theMarked:Strike","theMarked:Strike","theMarked:Defend","theMarked:Defend","theMarked:Defend","theMarked:Defend","theMarked:SoldierOfQuellstein","theMarked:TwofoldDefense","theMarked:StartUp+1","theMarked:ComboAttacks+1","theMarked:EmpowerWeapon","theMarked:ResourceFulStrike","theMarked:StartUp","theMarked:EternalStudent","CurseOfTheBell","theMarked:ElectricStrings","Purity","Impatience"],"relics":["theMarked:ArtifactOfAir","Golden Idol","Vajra","Juzu Bracelet","Whetstone","Mercury Hourglass","Pear","Smiling Mask","Calling Bell","Blood Vial","theMarked:NailFile","Thread and Needle","HornCleat"],"acts_visited":["Exordium","TheCity"],"potions_floor_usage":[6,14,14],"damage_taken":[{"damage":0,"enemies":"Jaw Worm","floor":1,"turns":5},{"damage":0,"enemies":"2 Louse","floor":2,"turns":3},{"damage":1,"enemies":"Cultist","floor":5,"turns":3},{"damage":27,"enemies":"Gremlin Nob","floor":6,"turns":4},{"damage":16,"enemies":"HollowMod:MossKnight","floor":10,"turns":15},{"damage":22,"enemies":"Lagavulin","floor":13,"turns":5},{"damage":9,"enemies":"2 Fungi Beasts","floor":14,"turns":2},{"damage":10,"enemies":"Slime Boss","floor":16,"turns":8},{"damage":6,"enemies":"Spheric Guardian","floor":18,"turns":4}],"seed_played":"-7520779134339522568","potions_obtained":[{"floor":1,"key":"PowerPotion"},{"floor":5,"key":"SkillPotion"},{"floor":10,"key":"PowerPotion"},{"floor":13,"key":"Regen Potion"}],"is_trial":false,"path_per_floor":["M","M","?","?","M","E","R","$","T","E","R","?","E","M","R","B",null,"M","?","?","?"],"character_chosen":"THE_DEFAULT","items_purchased":["Juzu Bracelet","theMarked:ComboAttacks"],"campfire_rested":2,"item_purchase_floors":[8,8],"current_hp_per_floor":[77,77,58,47,46,19,42,42,42,26,26,29,7,3,29,19,87,81,62,62,46,46],"gold":293,"neow_bonus":"TEN_PERCENT_HP_BONUS","is_daily":false,"chose_seed":false,"campfire_upgraded":1,"win_rate":0.0,"timestamp":1611159430,"path_taken":["M","M","?","?","M","E","R","$","T","E","R","?","E","M","R","BOSS","M","?","?","?"],"items_purchased_type":["Relic","Card"],"build_version":"2020-12-18","purchased_purges":0,"victory":false,"max_hp_per_floor":[77,77,77,77,77,77,77,77,77,77,77,87,87,87,87,87,87,87,87,87,87,87],"relic_stats":{"Blood Vial":0,"counters":[9,48],"Golden Idol":59,"Juzu Bracelet":1,"Whetstone":["theMarked:Strike","theMarked:StartUp"],"Smiling Mask":0,"obtain_stats":[{"theMarked:NailFile":17,"Pear":12,"Golden Idol":3,"Vajra":6,"Thread and Needle":17,"Juzu Bracelet":8,"Whetstone":9,"Smiling Mask":13,"Mercury Hourglass":10,"Calling Bell":17,"Blood Vial":17,"theMarked:ArtifactOfAir":0,"HornCleat":20},{"theMarked:NailFile":8,"Pear":5,"Golden Idol":2,"Vajra":4,"Thread and Needle":8,"Juzu Bracelet":4,"Whetstone":4,"Smiling Mask":6,"Mercury Hourglass":5,"Calling Bell":8,"Blood Vial":8,"theMarked:ArtifactOfAir":0,"HornCleat":9},{"theMarked:NailFile":44,"Pear":30,"Golden Idol":8,"Vajra":15,"Thread and Needle":44,"Juzu Bracelet":15,"Whetstone":15,"Smiling Mask":35,"Mercury Hourglass":30,"Calling Bell":44,"Blood Vial":44,"theMarked:ArtifactOfAir":0,"HornCleat":48}],"Mercury Hourglass":[52]},"card_choices":[{"not_picked":["theMarked:Electrify","theMarked:Overcharge"],"picked":"theMarked:TwofoldDefense","floor":1},{"not_picked":["theMarked:Static","theMarked:WastefulAttack","theMarked:WardOff"],"picked":"SKIP","floor":2},{"not_picked":["theMarked:LightningStrikesTwice","theMarked:Parry","theMarked:ChannelForce"],"picked":"SKIP","floor":5},{"not_picked":["theMarked:SwordAndMagic","theMarked:Static"],"picked":"theMarked:StartUp","floor":6},{"not_picked":["theMarked:Aftermath","theMarked:DeterminationOfTheMarked"],"picked":"theMarked:EmpowerWeapon","floor":10},{"not_picked":["theMarked:Overcharge","theMarked:Improvise"],"picked":"theMarked:ResourceFulStrike","floor":13},{"not_picked":["theMarked:Parkour","theMarked:ElectricStrings"],"picked":"theMarked:StartUp","floor":14},{"not_picked":["theMarked:MuscleMemory","theMarked:Defy"],"picked":"theMarked:EternalStudent","floor":16},{"not_picked":["theMarked:RepellingDischarge","theMarked:Frustration"],"picked":"theMarked:ElectricStrings","floor":18}],"player_experience":685712,"relics_obtained":[{"floor":6,"key":"Vajra"},{"floor":9,"key":"Whetstone"},{"floor":10,"key":"Mercury Hourglass"},{"floor":13,"key":"Smiling Mask"},{"floor":17,"key":"Blood Vial"},{"floor":17,"key":"theMarked:NailFile"},{"floor":17,"key":"Thread and Needle"}],"event_choices":[{"damage_healed":0,"gold_gain":0,"player_choice":"Take Damage","damage_taken":19,"relics_obtained":["Golden Idol"],"max_hp_gain":0,"max_hp_loss":0,"event_name":"Golden Idol","floor":3,"gold_loss":0},{"damage_healed":0,"gold_gain":75,"player_choice":"Gather Gold","damage_taken":11,"max_hp_gain":0,"max_hp_loss":0,"event_name":"World of Goop","floor":4,"gold_loss":0},{"damage_healed":0,"gold_gain":0,"player_choice":"Success","damage_taken":7,"relics_obtained":["Pear"],"max_hp_gain":0,"max_hp_loss":0,"event_name":"Scrap Ooze","floor":12,"gold_loss":0},{"damage_healed":0,"gold_gain":0,"player_choice":"CARD CARD ","damage_taken":19,"max_hp_gain":0,"max_hp_loss":0,"event_name":"Knowing Skull","floor":19,"potions_obtained":[],"gold_loss":0,"cards_obtained":["Purity","Impatience"]},{"damage_healed":0,"gold_gain":0,"player_choice":"Opened","damage_taken":0,"relics_obtained":["HornCleat"],"max_hp_gain":0,"max_hp_loss":0,"event_name":"The Mausoleum","floor":20,"gold_loss":0},{"damage_healed":0,"gold_gain":0,"player_choice":"Obtained Book","damage_taken":16,"max_hp_gain":0,"max_hp_loss":0,"event_name":"Cursed Tome","floor":21,"gold_loss":0}],"is_beta":true,"boss_relics":[{"not_picked":["Tiny House","Busted Crown"],"picked":"Calling Bell"}],"items_purged_floors":[],"is_endless":false,"potions_floor_spawned":[1,5,10,13],"ascension_level":0}}