{"host":"csp9nt53rootlkah","time":1611151799,"event":{"mods":["Act Like it!","BaseMod","Colored Powertips","Friendly Minions","Gensokyo","Highlight Path","Minty Spire (QoL Compilation)","Prisma Mod","Quick Restart","Replay The Spire","StSLib","TestMod","The Factory","The Jungle","¡¾ÒÅÎï¿¨ÅÆ¡¿REMEMod"],"gold_per_floor":[113,188,188,10,74,108,108,176,176,236,305,375,375,388,388,543,543,607,532,351,351,411,411,411],"floor_reached":23,"language":"ZHS","playtime":711,"items_purged":["PrismaMod:MiyuCommonDefend"],"score":218,"play_id":"4232bab7-f6f2-410b-9b5a-59e5a8b8d73b","local_time":"20210120220959","is_ascension_mode":false,"campfire_choices":[{"data":"PrismaMod:MiyuEvokeAllAttack","floor":7.0,"key":"SMITH"},{"data":"PrismaMod:MiyuUncommonDexBuff","floor":13.0,"key":"SMITH"},{"data":"PrismaMod:MiyuCheapChannelDefend","floor":15.0,"key":"SMITH"}],"circlet_count":0,"master_deck":["PrismaMod:MiyuCommonDefend","PrismaMod:MiyuCommonDefend","PrismaMod:MiyuCommonDefend","PrismaMod:MiyuCommonDefend","PrismaMod:MiyuCommonAttack","PrismaMod:MiyuCommonAttack","PrismaMod:MiyuCommonAttack","PrismaMod:MiyuCommonAttack","PrismaMod:MiyuCheapChannelAttack","PrismaMod:MiyuCheapChannelDefend+1","REME_HeartOfCthun","PrismaMod:MiyuEvokeBuffStr+1","PrismaMod:MiyuUncommonDexBuff+1","PrismaMod:MiyuEvokeAllAttack+1","PrismaMod:MiyuUberAttack","PrismaMod:MiyuUberDefend","PrismaMod:MiyuUncommonDefend","PrismaMod:MiyuMaid"],"relics":["PrismaMod:PrismaSapphire","testmod-TestBox","REME_ComplimentaryCards","testmod-BouquetWithThorns","NeowsBlessing","Membership Card","testmod-BalancedPeriapt","Darkstone Periapt","Coffee Dripper","Sundial"],"acts_visited":["Exordium","TheCity"],"potions_floor_usage":[],"damage_taken":[{"damage":0.0,"enemies":"2 Louse","floor":1.0,"turns":1.0},{"damage":0.0,"enemies":"Small Slimes","floor":5.0,"turns":2.0},{"damage":0.0,"enemies":"Gremlin Nob","floor":6.0,"turns":1.0},{"damage":0.0,"enemies":"Cultist","floor":8.0,"turns":2.0},{"damage":7.0,"enemies":"Gremlin Gang","floor":10.0,"turns":3.0},{"damage":4.0,"enemies":"Looter","floor":11.0,"turns":3.0},{"damage":0.0,"enemies":"Exordium Wildlife","floor":12.0,"turns":4.0},{"damage":5.0,"enemies":"3 Louse","floor":14.0,"turns":3.0},{"damage":24.0,"enemies":"Hexaghost","floor":16.0,"turns":6.0},{"damage":0.0,"enemies":"Shell Parasite","floor":18.0,"turns":4.0},{"damage":0.0,"enemies":"Chosen","floor":22.0,"turns":3.0},{"damage":0,"enemies":"Slavers","floor":23,"turns":1}],"seed_played":"-2426967801341450847","potions_obtained":[{"floor":5.0,"key":"Block Potion"},{"floor":8.0,"key":"Fire Potion"},{"floor":11.0,"key":"Cursed Concoction"},{"floor":16.0,"key":"Weak Potion"}],"is_trial":false,"path_per_floor":["M","?","?","$","M","E","R","M","T","M","M","M","R","M","R","B",null,"M","?","$","?","M","E"],"character_chosen":"MIYU","items_purchased":["Membership Card","PrismaMod:MiyuUncommonDexBuff","PrismaMod:MiyuMaid","Sundial"],"campfire_rested":0,"item_purchase_floors":[4,4,20,20],"current_hp_per_floor":[75,64,64,64,64,64,64,64,64,57,53,57,57,52,52,32,75,75,75,75,75,75,75,75],"gold":411,"neow_bonus":"THREE_ENEMY_KILL","is_daily":false,"chose_seed":false,"campfire_upgraded":3,"win_rate":0.0,"timestamp":1611151799,"path_taken":["M","?","?","$","?","E","R","M","T","M","M","?","R","M","R","BOSS","M","?","$","?","M","E"],"items_purchased_type":["Relic","Card","Card","Relic"],"build_version":"2020-12-22","purchased_purges":1,"victory":false,"max_hp_per_floor":[75,75,75,75,75,75,75,75,75,75,75,75,75,75,75,75,75,75,75,75,75,75,75,75],"card_choices":[{"not_picked":["PrismaMod:MiyuEvokeAll","PrismaMod:MiyuAttackChannelAttack"],"picked":"PrismaMod:MiyuEvokeBuffStr","floor":1.0},{"not_picked":["PrismaMod:MiyuEvokeCheapDefend","PrismaMod:MiyuCommonAOEAttack","PrismaMod:MiyuCheapStrBuff"],"picked":"SKIP","floor":5.0},{"not_picked":["PrismaMod:MiyuCheapAttack1","PrismaMod:MiyuCheapAttack2"],"picked":"PrismaMod:MiyuEvokeAllAttack","floor":6.0},{"not_picked":["PrismaMod:MiyuAttackChannelAttack","PrismaMod:MiyuChristmas","PrismaMod:MiyuCheapPlate"],"picked":"SKIP","floor":8.0},{"not_picked":["PrismaMod:MiyuCheapAttack1","PrismaMod:MiyuCheapChannelWeak"],"picked":"PrismaMod:MiyuUberAttack","floor":10.0},{"not_picked":["PrismaMod:MiyuCheapPlate","PrismaMod:MiyuUberAOEAttack","PrismaMod:MiyuUberAttack"],"picked":"SKIP","floor":11.0},{"not_picked":["PrismaMod:MiyuCheapChannelDefend","PrismaMod:MiyuCheapPlate","PrismaMod:MiyuCheapAttack1"],"picked":"SKIP","floor":12.0},{"not_picked":["PrismaMod:MiyuEvokeCheapDefend","PrismaMod:MiyuDefenseExplosion","PrismaMod:MiyuCheapChannelWeak"],"picked":"SKIP","floor":14.0},{"not_picked":["PrismaMod:MiyuEvokeAllAttack","PrismaMod:MiyuChannelDefendEvoke"],"picked":"PrismaMod:MiyuUberDefend","floor":16.0},{"not_picked":["PrismaMod:MiyuUncommonDexBuff","PrismaMod:MiyuCheapChannelWeak"],"picked":"PrismaMod:MiyuUncommonDefend","floor":18.0},{"not_picked":["PrismaMod:MiyuEvokeBuffDex","PrismaMod:MiyuAttackChannelAttack","PrismaMod:MiyuCheapChannelRandom"],"picked":"SKIP","floor":22.0}],"player_experience":136636,"relics_obtained":[{"floor":6.0,"key":"testmod-BalancedPeriapt"},{"floor":9.0,"key":"Darkstone Periapt"}],"event_choices":[{"damage_healed":0.0,"max_hp_gain":0.0,"max_hp_loss":0.0,"gold_gain":75.0,"event_name":"World of Goop","player_choice":"Gather Gold","floor":2.0,"gold_loss":0.0,"damage_taken":11.0},{"damage_healed":0.0,"max_hp_gain":0.0,"max_hp_loss":0.0,"gold_gain":0.0,"event_name":"Accursed Blacksmith","player_choice":"Forge","floor":3.0,"gold_loss":0.0,"damage_taken":0.0,"cards_upgraded":["PrismaMod:MiyuEvokeBuffStr"]},{"cards_removed":["PrismaMod:MiyuCommonAttack"],"damage_healed":0.0,"max_hp_gain":0.0,"max_hp_loss":0.0,"gold_gain":0.0,"event_name":"Beggar","player_choice":"Gave Gold","floor":19.0,"gold_loss":75.0,"damage_taken":0.0},{"damage_healed":0.0,"max_hp_gain":0.0,"max_hp_loss":0.0,"gold_gain":0.0,"event_name":"The Mausoleum","player_choice":"Ignored","floor":21.0,"gold_loss":0.0,"damage_taken":0.0}],"is_beta":false,"boss_relics":[{"not_picked":["Replay:Fungal Core","Replay:Drink Me"],"picked":"Coffee Dripper"}],"items_purged_floors":[20],"is_endless":false,"potions_floor_spawned":[5,8,11,16],"killed_by":"Slavers","ascension_level":0}}