{"host":"wha9hktbkslqvblg","time":1611148232,"event":{"mods":["BaseMod","Colored Map","Minty Spire (QoL Compilation)","Relic Stats","SuperFastMode","everything is the same but u backflip on backflip"],"gold_per_floor":[116,116,130,55,55,55,16,49,73,101,113,148,160,172,184,289,301,326,362,374,374],"floor_reached":20,"language":"KOR","playtime":325,"items_purged":["Strike_R"],"score":394,"play_id":"f385aa78-105b-483d-9841-b43167adeefd","local_time":"20210120221032","is_ascension_mode":true,"campfire_choices":[{"data":"Body Slam","floor":11,"key":"SMITH"},{"data":"Entrench","floor":13,"key":"SMITH"},{"data":"Second Wind","floor":15,"key":"SMITH"}],"circlet_count":0,"master_deck":["AscendersBane","Strike_R","Strike_R","Strike_R","Strike_R","Defend_R","Defend_R","Defend_R","Defend_R","Bash","Shrug It Off","Entrench+1","Reckless Charge","Second Wind+1","Body Slam+1","Impervious"],"relics":["Burning Blood","NeowsBlessing","Golden Idol","FossilizedHelix","MawBank","Sozu"],"acts_visited":["Exordium","TheCity"],"potions_floor_usage":[10,16,18],"damage_taken":[{"damage":0,"enemies":"Small Slimes","floor":1,"turns":1},{"damage":0,"enemies":"Cultist","floor":3,"turns":1},{"damage":0,"enemies":"Lagavulin","floor":8,"turns":1},{"damage":0,"enemies":"Jaw Worm","floor":10,"turns":2},{"damage":17,"enemies":"Large Slime","floor":12,"turns":9},{"damage":47,"enemies":"Slime Boss","floor":16,"turns":9},{"damage":11,"enemies":"Spheric Guardian","floor":18,"turns":6},{"damage":53,"enemies":"Chosen","floor":19,"turns":9},{"damage":0,"enemies":"Snecko","floor":20,"turns":1}],"seed_played":"5161533254953888285","potions_obtained":[{"floor":2,"key":"ColorlessPotion"},{"floor":2,"key":"AttackPotion"},{"floor":3,"key":"PowerPotion"},{"floor":12,"key":"Fire Potion"}],"is_trial":false,"path_per_floor":["M","?","M","$","?","?","$","E","T","M","R","M","R","$","R","B",null,"M","M","M"],"character_chosen":"IRONCLAD","items_purchased":["Reckless Charge"],"campfire_rested":0,"item_purchase_floors":[7],"current_hp_per_floor":[74,74,75,75,75,49,49,55,55,61,61,50,50,50,50,9,59,54,7,7,7],"gold":374,"neow_bonus":"THREE_ENEMY_KILL","is_daily":false,"chose_seed":false,"campfire_upgraded":3,"win_rate":0.0,"timestamp":1611148232,"path_taken":["M","?","?","$","?","?","$","E","T","M","R","M","R","?","R","BOSS","M","M","M"],"items_purchased_type":["Card"],"build_version":"2020-12-22","purchased_purges":1,"victory":false,"max_hp_per_floor":[75,75,75,75,75,75,75,75,75,75,75,75,75,75,75,75,75,75,75,75,75],"relic_stats":{"Sozu":0,"counters":[9,39],"Golden Idol":42,"MawBank":132,"obtain_stats":[{"Sozu":17,"NeowsBlessing":0,"Golden Idol":6,"MawBank":9,"Burning Blood":0,"FossilizedHelix":8},{"Sozu":6,"NeowsBlessing":0,"Golden Idol":2,"MawBank":3,"Burning Blood":0,"FossilizedHelix":3},{"Sozu":23,"NeowsBlessing":0,"Golden Idol":2,"MawBank":3,"Burning Blood":0,"FossilizedHelix":3}],"Burning Blood":43},"card_choices":[{"not_picked":["Warcry","Searing Blow"],"picked":"Shrug It Off","floor":1},{"not_picked":["Heavy Blade","Thunderclap"],"picked":"Entrench","floor":3},{"not_picked":["Twin Strike","Clothesline"],"picked":"Second Wind","floor":8},{"not_picked":["Perfected Strike","Headbutt"],"picked":"Body Slam","floor":10},{"not_picked":["Searing Blow","Inflame","Warcry"],"picked":"SKIP","floor":12},{"not_picked":["Corruption","Fiend Fire"],"picked":"Impervious","floor":16},{"not_picked":["Iron Wave","Body Slam","Shrug It Off"],"picked":"SKIP","floor":18},{"not_picked":["Armaments","Reckless Charge","Warcry"],"picked":"SKIP","floor":19}],"player_experience":985924,"relics_obtained":[{"floor":8,"key":"FossilizedHelix"},{"floor":9,"key":"MawBank"}],"event_choices":[{"damage_healed":0,"gold_gain":0,"player_choice":"Got Potions","damage_taken":0,"max_hp_gain":0,"max_hp_loss":0,"event_name":"Lab","floor":2,"gold_loss":0},{"damage_healed":0,"gold_gain":0,"player_choice":"Ignored","damage_taken":0,"max_hp_gain":0,"max_hp_loss":0,"event_name":"Liars Game","floor":5,"gold_loss":0},{"damage_healed":0,"gold_gain":0,"player_choice":"Take Damage","damage_taken":26,"relics_obtained":["Golden Idol"],"max_hp_gain":0,"max_hp_loss":0,"event_name":"Golden Idol","floor":6,"gold_loss":0}],"is_beta":false,"boss_relics":[{"not_picked":["Black Blood","Velvet Choker"],"picked":"Sozu"}],"items_purged_floors":[4],"is_endless":false,"potions_floor_spawned":[3,12],"killed_by":"Snecko","ascension_level":20}}