{"host":"ewfe3cr33ktd9xzj","time":1611119232,"event":{"mods":["AchievementEnabler","Arknights The Spire","BaseMod","Colored Map","Custom Start","DeckTracker","Minty Spire (QoL Compilation)","Permanent Neow","Quick Restart","Rare Cards Sparkle","StSLib","everything is the same but u backflip on backflip"],"gold_per_floor":[115,128,144,162,180,180,198,230,253,265,277,297,297,319,319,319,319],"floor_reached":16,"language":"KOR","playtime":419,"items_purged":[],"score":108,"play_id":"55601c85-bbd7-4bfb-9196-d2a2bb723957","local_time":"20210120140712","is_ascension_mode":false,"campfire_choices":[{"data":"ats:Closed Bolt Burst Fire","floor":6.0,"key":"SMITH"},{"data":"ats:Emotion Absorption","floor":13,"key":"SMITH"},{"data":"ats:Encircling Forest","floor":15,"key":"SMITH"}],"circlet_count":0,"master_deck":["ats:Strike C","ats:Strike G","ats:Strike S","ats:Strike V","ats:Armor Crushing Shot","ats:Defend","ats:Defend","ats:Defend","ats:Defend","ats:Emotion Absorption+1","ats:Cat Scratch","ats:Collapsing Strike","ats:Closed Bolt Burst Fire+1","ats:Durian","ats:Encircling Forest+1"],"relics":["Sozu","ats:Originium","Happy Flower","Oddly Smooth Stone","Odd Mushroom"],"acts_visited":["Exordium"],"potions_floor_usage":[],"damage_taken":[{"damage":0.0,"enemies":"Cultist","floor":1.0,"turns":4.0},{"damage":0.0,"enemies":"2 Louse","floor":2.0,"turns":3.0},{"damage":1.0,"enemies":"Jaw Worm","floor":3.0,"turns":3.0},{"damage":3.0,"enemies":"Exordium Wildlife","floor":4.0,"turns":2.0},{"damage":12.0,"enemies":"Blue Slaver","floor":5.0,"turns":3.0},{"damage":0.0,"enemies":"Large Slime","floor":7.0,"turns":3.0},{"damage":17.0,"enemies":"3 Sentries","floor":8.0,"turns":7.0},{"damage":0.0,"enemies":"Gremlin Gang","floor":10.0,"turns":4.0},{"damage":0.0,"enemies":"Looter","floor":11.0,"turns":3.0},{"damage":10,"enemies":"Blue Slaver","floor":12,"turns":1},{"damage":0,"enemies":"The Mushroom Lair","floor":14,"turns":2},{"damage":25,"enemies":"The Guardian","floor":16,"turns":5}],"seed_played":"2154422730861608059","potions_obtained":[],"is_trial":false,"path_per_floor":["M","M","M","M","M","R","M","E","T","M","M","M","R","?","R","B"],"character_chosen":"DOCTOR_CLASS","items_purchased":[],"campfire_rested":0,"item_purchase_floors":[],"current_hp_per_floor":[72,72,71,68,56,56,56,39,39,39,39,29,29,29,29,4,4],"gold":319,"neow_bonus":"BOSS_RELIC","is_daily":false,"chose_seed":false,"campfire_upgraded":3,"win_rate":0.0,"timestamp":1611119232,"path_taken":["M","M","M","M","M","R","M","E","T","M","M","?","R","?","R","BOSS"],"items_purchased_type":[],"build_version":"2020-12-22","purchased_purges":0,"victory":false,"max_hp_per_floor":[72,72,72,72,72,72,72,72,72,72,72,72,72,72,72,72,72],"card_choices":[{"not_picked":["ats:Revitalization","ats:Shell Defense"],"picked":"ats:Cat Scratch","floor":1.0},{"not_picked":["ats:Cat Scratch","ats:Explosion Area Strengthen"],"picked":"ats:Collapsing Strike","floor":2.0},{"not_picked":["ats:Thermite Blade","ats:Flexible Camouflage"],"picked":"ats:Closed Bolt Burst Fire","floor":3.0},{"not_picked":["ats:Assault Order","ats:Ignite","ats:Rapid Magazine"],"picked":"SKIP","floor":4.0},{"not_picked":["ats:Childhood Dance","ats:Cat Scratch","ats:Leaping Hammer"],"picked":"SKIP","floor":5.0},{"not_picked":["ats:Beaten Up","ats:Flexible Camouflage","ats:Ignite"],"picked":"SKIP","floor":7.0},{"not_picked":["ats:Counter Healing Mode","ats:Spore Proliferation","ats:Leaping Hammer"],"picked":"SKIP","floor":8.0},{"not_picked":["ats:Healing Drone","ats:Neurotoxin","ats:Leaping Hammer"],"picked":"SKIP","floor":10.0},{"not_picked":["ats:Charging Defense","ats:Apocalypse"],"picked":"ats:Durian","floor":11.0},{"not_picked":["ats:Cat Scratch","ats:Powerful Strike","ats:Song Of Battle"],"picked":"SKIP","floor":12},{"not_picked":["ats:Curse Doll","ats:Mental Burst"],"picked":"ats:Encircling Forest","floor":14}],"player_experience":52001,"relics_obtained":[{"floor":8.0,"key":"ats:Originium"},{"floor":8.0,"key":"Happy Flower"},{"floor":9.0,"key":"Oddly Smooth Stone"},{"floor":14,"key":"Odd Mushroom"}],"event_choices":[{"damage_healed":0,"gold_gain":0,"player_choice":"Fought Mushrooms","damage_taken":0,"max_hp_gain":0,"max_hp_loss":0,"event_name":"Mushrooms","floor":14,"gold_loss":0}],"is_beta":false,"boss_relics":[],"items_purged_floors":[],"is_endless":false,"potions_floor_spawned":[2,4,5,11,12,14],"killed_by":"The Guardian","ascension_level":0}}