{"host":"1q02rw1wpi0nrsss","time":1611183124,"event":{"mods":["AchievementEnabler","BaseMod","Better Note","Custom Start","Dark Map","DeckTracker","Disable Question Mark Monsters","Minty Spire (QoL Compilation)","Permanent Neow","Quick Restart","Rare Cards Sparkle","Relic Stats","StSLib"],"gold_per_floor":[111,111,127,152,227,227,227,227],"floor_reached":7,"language":"ENG","playtime":201,"items_purged":[],"score":66,"play_id":"9b8824a4-a656-44ee-9a86-a871c27ee2d0","local_time":"20210120145204","is_ascension_mode":true,"campfire_choices":[{"floor":6,"key":"REST"}],"circlet_count":0,"master_deck":["AscendersBane","Strike_R","Strike_R","Strike_R","Strike_R","Strike_R","Defend_R","Defend_R","Defend_R","Defend_R","Bash","Cleave","Sword Boomerang"],"relics":["Burning Blood","Smiling Mask","Golden Idol"],"acts_visited":["Exordium"],"potions_floor_usage":[7],"damage_taken":[{"damage":1,"enemies":"Cultist","floor":1,"turns":3},{"damage":13,"enemies":"Small Slimes","floor":3,"turns":5},{"damage":2,"enemies":"2 Louse","floor":4,"turns":3},{"damage":58,"enemies":"Lagavulin","floor":7,"turns":8}],"seed_played":"1120952536551971501","potions_obtained":[{"floor":4,"key":"Swift Potion"}],"is_trial":false,"path_per_floor":["M","?","M","M","?","R","E"],"character_chosen":"IRONCLAD","items_purchased":[],"campfire_rested":1,"item_purchase_floors":[],"current_hp_per_floor":[77,57,50,54,43,67,9,9],"gold":227,"neow_bonus":"RANDOM_COMMON_RELIC","is_daily":false,"chose_seed":false,"campfire_upgraded":0,"win_rate":0.0,"timestamp":1611183124,"path_taken":["M","?","M","M","?","R","E"],"items_purchased_type":[],"build_version":"2020-12-22","purchased_purges":0,"victory":false,"max_hp_per_floor":[80,80,80,80,80,80,80,80],"relic_stats":{"counters":[4,18],"Golden Idol":8,"Smiling Mask":0,"obtain_stats":[{"Golden Idol":2,"Smiling Mask":0,"Burning Blood":0},{"Golden Idol":1,"Smiling Mask":0,"Burning Blood":0},{"Golden Idol":3,"Smiling Mask":0,"Burning Blood":0}],"Burning Blood":18},"card_choices":[{"not_picked":["Wild Strike","Sever Soul","Feel No Pain"],"picked":"SKIP","floor":1},{"not_picked":["Bloodletting","Havoc"],"picked":"Cleave","floor":3},{"not_picked":["Pommel Strike","Ghostly Armor"],"picked":"Sword Boomerang","floor":4}],"player_experience":422394,"relics_obtained":[],"event_choices":[{"damage_healed":0,"gold_gain":0,"player_choice":"Take Damage","damage_taken":20,"relics_obtained":["Golden Idol"],"max_hp_gain":0,"max_hp_loss":0,"event_name":"Golden Idol","floor":2,"gold_loss":0},{"damage_healed":0,"gold_gain":75,"player_choice":"Gather Gold","damage_taken":11,"max_hp_gain":0,"max_hp_loss":0,"event_name":"World of Goop","floor":5,"gold_loss":0}],"is_beta":false,"boss_relics":[],"items_purged_floors":[],"is_endless":false,"potions_floor_spawned":[4],"killed_by":"Lagavulin","ascension_level":12}}