{"host":"z42sc0n2dozsmk72","time":1611132986,"event":{"mods":["AchievementEnabler","BaseMod","Better Third Choice","Colored Map","Curses Come First","Highlight Path","Minty Spire (QoL Compilation)","Permanent Neow","Quick Restart","Relic Stats","Shop Mod","StSLib","egg","slay the spire mod where everything is the same but ironclad has a cowboy hat"],"gold_per_floor":[116,116,127,145,160,160,187,187,187,212,212,24,56,6,6,6,6],"floor_reached":16,"language":"ENG","playtime":876,"items_purged":[],"score":130,"play_id":"650f05fd-8a5d-49c9-ba55-42bb2ae1885a","local_time":"20210120215626","is_ascension_mode":true,"campfire_choices":[{"data":"Chaos","floor":6,"key":"SMITH"},{"data":"Coolheaded","floor":8,"key":"SMITH"},{"floor":11,"key":"REST"},{"data":"Compile Driver","floor":15,"key":"SMITH"}],"circlet_count":0,"master_deck":["Strike_B","Strike_B","Defend_B","Defend_B","Defend_B","Defend_B","Zap","Dualcast","Coolheaded+1","Chaos+1","Fusion+1","Glacier+1","Compile Driver+1"],"relics":["Nuclear Battery","Question Card","Toxic Egg 2","StrikeDummy","Oddly Smooth Stone","Pantograph"],"acts_visited":["Exordium"],"potions_floor_usage":[],"damage_taken":[{"damage":2.0,"enemies":"2 Louse","floor":1.0,"turns":3.0},{"damage":7.0,"enemies":"Jaw Worm","floor":3.0,"turns":4.0},{"damage":4,"enemies":"Small Slimes","floor":4,"turns":5},{"damage":4,"enemies":"Looter","floor":5,"turns":4},{"damage":6,"enemies":"Lagavulin","floor":7,"turns":7},{"damage":26,"enemies":"3 Sentries","floor":10,"turns":9},{"damage":21,"enemies":"Gremlin Nob","floor":13,"turns":4},{"damage":51,"enemies":"Slime Boss","floor":16,"turns":11}],"seed_played":"8091503425898670785","potions_obtained":[{"floor":3.0,"key":"SteroidPotion"},{"floor":13,"key":"Dexterity Potion"}],"is_trial":false,"path_per_floor":["M","?","M","M","M","R","E","R","T","E","R","$","E","?","R","B"],"character_chosen":"DEFECT","items_purchased":["Oddly Smooth Stone","Glacier+1"],"campfire_rested":1,"item_purchase_floors":[12,12],"current_hp_per_floor":[73,66,59,55,51,51,45,45,45,19,41,41,20,20,20,0,0],"gold":6,"neow_bonus":"BOSS_RELIC","is_daily":false,"chose_seed":false,"campfire_upgraded":3,"win_rate":0.0,"timestamp":1611132986,"path_taken":["M","?","M","M","M","R","E","R","T","E","R","$","E","?","R","BOSS"],"items_purchased_type":["Relic","Card"],"build_version":"2020-12-22","purchased_purges":0,"victory":false,"max_hp_per_floor":[75,75,75,75,75,75,75,75,75,75,75,75,75,75,75,75,75],"relic_stats":{"counters":[8,47],"Pantograph":25,"Question Card":2,"obtain_stats":[{"Pantograph":13,"Oddly Smooth Stone":12,"Toxic Egg 2":9,"Cracked Core":0,"Question Card":7,"StrikeDummy":10,"Nuclear Battery":0},{"Pantograph":7,"Oddly Smooth Stone":6,"Toxic Egg 2":5,"Cracked Core":0,"Question Card":5,"StrikeDummy":6,"Nuclear Battery":0},{"Pantograph":36,"Oddly Smooth Stone":32,"Toxic Egg 2":23,"Cracked Core":0,"Question Card":23,"StrikeDummy":32,"Nuclear Battery":0}]},"card_choices":[{"not_picked":["Redo","Rebound"],"picked":"Coolheaded","floor":1.0},{"not_picked":["Steam Power","FTL"],"picked":"Chaos","floor":3.0},{"not_picked":["Rip and Tear","Rebound","Darkness"],"picked":"SKIP","floor":4},{"not_picked":["Rebound","Sweeping Beam","Coolheaded"],"picked":"SKIP","floor":5},{"not_picked":["Stack","Blizzard","Streamline"],"picked":"SKIP","floor":7},{"not_picked":["Cold Snap","Barrage","Stack+1"],"picked":"Fusion+1","floor":10},{"not_picked":["Gash","Reprogram+1","Beam Cell"],"picked":"Compile Driver","floor":13}],"player_experience":859295,"relics_obtained":[{"floor":7,"key":"Question Card"},{"floor":9,"key":"Toxic Egg 2"},{"floor":10,"key":"StrikeDummy"},{"floor":13,"key":"Pantograph"}],"event_choices":[{"cards_removed":["Strike_B"],"damage_healed":0.0,"max_hp_gain":0.0,"max_hp_loss":0.0,"gold_gain":0.0,"event_name":"Golden Wing","player_choice":"Card Removal","floor":2.0,"gold_loss":0.0,"damage_taken":7.0},{"cards_removed":["Strike_B"],"damage_healed":0,"gold_gain":0,"player_choice":"Card Removal","damage_taken":0,"max_hp_gain":0,"max_hp_loss":0,"event_name":"The Cleric","floor":14,"gold_loss":50}],"is_beta":false,"boss_relics":[],"items_purged_floors":[],"is_endless":false,"potions_floor_spawned":[3,13],"killed_by":"Slime Boss","ascension_level":2}}