{"host":"rzpi613efy9j52u4","time":1611111904,"event":{"mods":["Aspiration","BaseMod","BetterRewards","Colored Powertips","Downfall","Googly Eyes","Hubris","Minty Spire (QoL Compilation)","Rare Cards Sparkle","Shop Mod","StSLib","The Disciple","The Hierophant","The Poker Player","The Runesmith"],"gold_per_floor":[117,117,131,131,56,56,56,56,136,166,184,200,200,200,200,299,299,319,319,401,401,8,35,55,55,55,55,155,166,192,204,204,307,307,323,66,85,85,85,85,85],"floor_reached":39,"language":"ENG","playtime":2432,"items_purged":["Regret","hubris:Gluttony"],"score":470,"play_id":"905a392f-3b71-4b0c-bbc5-e9c76e049304","local_time":"20210119220504","is_ascension_mode":false,"metric_token":978,"campfire_choices":[{"data":"PokerPlayerMod:TrumpStrike","floor":6,"key":"SMITH"},{"data":"PokerPlayerMod:BadJoker","floor":8,"key":"SMITH"},{"floor":13,"key":"REST"},{"data":"PokerPlayerMod:CardPrinter","floor":15,"key":"SMITH"},{"data":"PokerPlayerMod:CardPrinter+1","floor":27,"key":"SMITH"},{"data":"PokerPlayerMod:GamblerForm","floor":32,"key":"SMITH"}],"circlet_count":0,"master_deck":["PokerPlayerMod:Diamond1","PokerPlayerMod:Diamond2","PokerPlayerMod:Diamond3","PokerPlayerMod:Diamond4","PokerPlayerMod:Diamond8","PokerPlayerMod:Spade1","PokerPlayerMod:Spade2","PokerPlayerMod:Spade3","PokerPlayerMod:Spade4","PokerPlayerMod:Club1","PokerPlayerMod:Club2","PokerPlayerMod:TrumpStrike+1","PokerPlayerMod:BadJoker+1","PokerPlayerMod:Mulligan+1","PokerPlayerMod:CardPrinter+2","PokerPlayerMod:Diamond10+","PokerPlayerMod:Heart10+","PokerPlayerMod:SpadeStrike","PokerPlayerMod:Club8","PokerPlayerMod:Raise+1","PokerPlayerMod:Heart7","PokerPlayerMod:Raise+1","PokerPlayerMod:Club10+","PokerPlayerMod:SpadeStrike","Shame","downfall:Icky","downfall:Malfunctioning","PokerPlayerMod:GamblerForm+1","Decay","PokerPlayerMod:ClubsClub+1","PokerPlayerMod:Spade3","PokerPlayerMod:Diamond8","PokerPlayerMod:DartThrow+1","PokerPlayerMod:ClubsClub","Madness","Madness"],"relics":["PokerPlayerMod:DeckCase","Potion Belt","Cauldron","Strawberry","Oddly Smooth Stone","Sundial","Tiny Chest","Velvet Choker","WarpedTongs","Mercury Hourglass","aspiration:Nostalgia","PureWater","Question Card","Runesmith:Locket","HornCleat","Darkstone Periapt","hubris:ToyBattleship","Coffee Dripper","PokerPlayerMod:PenAndEraser"],"acts_visited":["Exordium","TheCity","TheBeyond"],"potions_floor_usage":[16,16,16,16,16,33],"damage_taken":[{"damage":0,"enemies":"Small Slimes","floor":1,"turns":2},{"damage":6,"enemies":"2 Louse","floor":3,"turns":2},{"damage":47,"enemies":"Gremlin Nob","floor":10,"turns":5},{"damage":11,"enemies":"Jaw Worm","floor":11,"turns":3},{"damage":0,"enemies":"Gremlin Gang","floor":12,"turns":3},{"damage":23,"enemies":"Hexaghost","floor":16,"turns":9},{"damage":18,"enemies":"2 Thieves","floor":18,"turns":4},{"damage":27,"enemies":"Gremlin Leader","floor":23,"turns":5},{"damage":0,"enemies":"Spheric Guardian","floor":24,"turns":1},{"damage":13,"enemies":"Shelled Parasite and Fungi","floor":29,"turns":5},{"damage":14,"enemies":"Snake Plant","floor":31,"turns":2},{"damage":13,"enemies":"Automaton","floor":33,"turns":6},{"damage":9,"enemies":"3 Shapes","floor":35,"turns":3},{"damage":11,"enemies":"3 Darklings","floor":37,"turns":3},{"damage":90,"enemies":"2 Orb Walkers","floor":39,"turns":5}],"seed_played":"8175076171372663630","potions_obtained":[{"floor":0,"key":"EssenceOfSteel"},{"floor":0,"key":"Guardian:BlockOnCardUsePotion"},{"floor":0,"key":"Dexterity Potion"},{"floor":0,"key":"FearPotion"},{"floor":0,"key":"CultistPotion"},{"floor":12,"key":"Fire Potion"},{"floor":16,"key":"sneckomod:MuddlingPotion"},{"floor":18,"key":"LiquidMemories"},{"floor":31,"key":"Explosive Potion"},{"floor":37,"key":"AttackPotion"}],"is_trial":false,"path_per_floor":["M","?","M","?","$","R","?","R","T","E","M","M","R","?","R","B",null,"M","?","T","?","$","E","M","$","T","R","?","M","T","M","R","B",null,"M","$","M","?","?"],"character_chosen":"THE_POKER_PLAYER","items_purchased":["Potion Belt","Cauldron","Strawberry","aspiration:Nostalgia","Question Card","PokerPlayerMod:PenAndEraser"],"campfire_rested":1,"item_purchase_floors":[0,0,0,22,22,36],"current_hp_per_floor":[59,59,53,53,53,53,53,53,53,12,16,28,45,45,45,36,59,49,49,49,49,49,44,44,44,44,44,74,77,77,73,73,76,89,88,88,78,67,0,0,0],"gold":85,"neow_bonus":"","is_daily":false,"chose_seed":false,"campfire_upgraded":5,"win_rate":0.0,"timestamp":1611111904,"path_taken":["M","?","M","?","$","R","?","R","T","E","?","M","R","?","R","BOSS","M","?","?","?","?","E","M","$","T","R","?","M","?","?","R","BOSS","M","$","M","?","?"],"items_purchased_type":["Relic","Relic","Relic","Relic","Relic","Relic"],"build_version":"2020-12-13","purchased_purges":2,"victory":false,"max_hp_per_floor":[59,59,59,59,59,59,59,59,59,59,59,59,59,59,59,59,59,59,59,59,59,59,59,59,59,59,59,89,89,89,89,89,89,89,89,89,89,89,89,89,89],"card_choices":[{"not_picked":["PokerPlayerMod:Heart1","PokerPlayerMod:SpadeStrike"],"picked":"PokerPlayerMod:CardPrinter","floor":1},{"not_picked":["PokerPlayerMod:Diamond4","PokerPlayerMod:Diamond3"],"picked":"PokerPlayerMod:Diamond10+","floor":3},{"not_picked":["PokerPlayerMod:Diamond3","PokerPlayerMod:Diamond1"],"picked":"PokerPlayerMod:SpadeStrike","floor":10},{"not_picked":["PokerPlayerMod:Configure","PokerPlayerMod:Trickery"],"picked":"PokerPlayerMod:Club5","floor":11},{"not_picked":["PokerPlayerMod:Diamond2","PokerPlayerMod:Heart1"],"picked":"PokerPlayerMod:Raise","floor":12},{"not_picked":["PokerPlayerMod:Spade9","PokerPlayerMod:Duplicate"],"picked":"PokerPlayerMod:Heart7","floor":16},{"not_picked":["PokerPlayerMod:DiamondStrike+1","PokerPlayerMod:RiskyBet"],"picked":"PokerPlayerMod:Raise+1","floor":18},{"not_picked":["PokerPlayerMod:Diamond2","PokerPlayerMod:Trickery","PokerPlayerMod:Configure"],"picked":"PokerPlayerMod:Club10+","floor":23},{"not_picked":["PokerPlayerMod:Diamond3","PokerPlayerMod:Spade2","PokerPlayerMod:Club4"],"picked":"PokerPlayerMod:SpadeStrike","floor":24},{"not_picked":["PokerPlayerMod:Sharpen+1","PokerPlayerMod:MagicTrick","PokerPlayerMod:Configure+1"],"picked":"PokerPlayerMod:ClubsClub+1","floor":29},{"not_picked":["PokerPlayerMod:Spade2","PokerPlayerMod:Manipulation","PokerPlayerMod:Heart5"],"picked":"PokerPlayerMod:Spade3","floor":31},{"not_picked":["PokerPlayerMod:FakeSymbols","PokerPlayerMod:Diamond7","PokerPlayerMod:GamblerForm"],"picked":"PokerPlayerMod:Diamond8","floor":33},{"not_picked":["PokerPlayerMod:Trickery+1","PokerPlayerMod:Club1","PokerPlayerMod:Diamond2"],"picked":"PokerPlayerMod:DartThrow+1","floor":35},{"not_picked":["PokerPlayerMod:Raise","PokerPlayerMod:DiamondStrike+1","PokerPlayerMod:Spade1"],"picked":"PokerPlayerMod:ClubsClub","floor":37}],"player_experience":34377,"relics_obtained":[{"floor":9,"key":"Sundial"},{"floor":10,"key":"Tiny Chest"},{"floor":20,"key":"Mercury Hourglass"},{"floor":23,"key":"Runesmith:Locket"},{"floor":26,"key":"HornCleat"},{"floor":30,"key":"hubris:ToyBattleship"}],"event_choices":[{"damage_healed":0,"gold_gain":0,"player_choice":"Box","damage_taken":0,"relics_obtained":["Oddly Smooth Stone"],"max_hp_gain":0,"max_hp_loss":0,"event_name":"Big Fish","floor":4,"gold_loss":0,"cards_obtained":["Regret"]},{"damage_healed":0,"gold_gain":0,"cards_transformed":["PokerPlayerMod:Heart2"],"player_choice":"Transformed","damage_taken":0,"max_hp_gain":0,"max_hp_loss":0,"event_name":"Transmorgrifier","floor":7,"gold_loss":0,"cards_obtained":["PokerPlayerMod:Heart10"]},{"damage_healed":0,"gold_gain":0,"player_choice":"Grow","damage_taken":0,"max_hp_gain":0,"max_hp_loss":0,"event_name":"Living Wall","floor":14,"gold_loss":0,"cards_upgraded":["PokerPlayerMod:Raise"]},{"damage_healed":0,"gold_gain":0,"player_choice":"Rummage","damage_taken":0,"relics_obtained":["WarpedTongs"],"max_hp_gain":0,"max_hp_loss":0,"event_name":"Accursed Blacksmith","floor":19,"gold_loss":0,"cards_obtained":["Pain"]},{"cards_removed":["Pain"],"damage_healed":0,"gold_gain":0,"player_choice":"Elegance","damage_taken":0,"max_hp_gain":0,"max_hp_loss":0,"event_name":"PokerPlayerMod:BackToBasicsPoker","floor":21,"gold_loss":0},{"damage_healed":0,"gold_gain":0,"player_choice":"Embrace Madness","damage_taken":11,"max_hp_gain":0,"max_hp_loss":0,"event_name":"Winding Halls","floor":38,"gold_loss":0,"cards_obtained":["Madness","Madness"]},{"damage_healed":0,"gold_gain":0,"player_choice":"Fight","damage_taken":0,"max_hp_gain":0,"max_hp_loss":0,"event_name":"Mysterious Sphere","floor":39,"gold_loss":0}],"is_beta":false,"boss_relics":[{"not_picked":["Runic Dome","aspiration:RitualDagger"],"picked":"Velvet Choker"},{"not_picked":["aspiration:FutureDiary","Busted Crown"],"picked":"Coffee Dripper"}],"items_purged_floors":[5,36],"is_endless":false,"potions_floor_spawned":[10,12,16,18,31,37],"killed_by":"2 Orb Walkers","ascension_level":0}}