{"host":"j7au2ovow4c9pz79","time":1611181443,"event":{"mods":["AchievementEnabler","BaseMod","Better Third Choice","BetterRewards","Colored Powertips","Defuse TimeMaze Blight","Energized Spire","Googly Eyes","Hubris","Infinite Spire","Minty Spire (QoL Compilation)","Quick Restart","Replay The Spire","Spicy Shops","StSLib","SuperFastMode","Transform Curses"],"gold_per_floor":[112,112,112,112,112,137,137,137,137,166,166,166,191,191,191,293,393,405,405,405,405,425,425,425,425,425,452,452,452,452,485,485,587,587,587],"floor_reached":34,"language":"ENG","playtime":592,"items_purged":[],"score":571,"play_id":"6e57c4ae-a6ee-48f1-a9b3-83d231da388a","local_time":"20210120232403","daily_mods":["Specialized","Vintage","Allstar","Diverse","Colorless Cards","Heirloom","Time Dilation","Flight","Elite Swarm","Lethality"],"is_ascension_mode":false,"campfire_choices":[{"data":"Wraith Form v2","floor":8,"key":"SMITH"},{"data":"Carnage","floor":11,"key":"SMITH"},{"data":"Carnage","floor":15,"key":"SMITH"},{"data":"DevaForm","floor":23,"key":"SMITH"},{"data":"Echo Form","floor":24,"key":"SMITH"},{"data":"Bullet Time","floor":25,"key":"SMITH"},{"data":"The Bomb","floor":28,"key":"SMITH"},{"data":"Carnage","floor":30,"key":"SMITH"},{"data":"Adrenaline","floor":32,"key":"SMITH"}],"circlet_count":0,"master_deck":["Demon Form+1","Wraith Form v2+1","Echo Form+1","DevaForm+1","Strike_R","Strike_R","Strike_R","Strike_R","Strike_R","Defend_R","Defend_R","Defend_R","Defend_R","Bash","Carnage+1","Carnage+1","Carnage","Carnage","Carnage+1","Crow Ritual","Poisoned Strike","Replay:Dark Deal","hubris:EnhanceAbility","Secret Weapon","Adrenaline+1","Bullet Time+1","The Bomb+1","Double Tap","Sadistic Nature","Hyperbeam+1","Alpha"],"relics":["Unceasing Top","hubris:GlazedTorus","Vajra","NeowsBlessing","NeowsBlessing","PreservedInsect","Pondfish Scales","Ice Cream","TungstenRod","Replay:Wanted Poster","Centennial Puzzle","NeowsBlessing","hubris:CrystalStatue","Dream Catcher","Molten Egg 2","NeowsBlessing","infinitespire:Golems Mask","infinitespire:Cupcake"],"acts_visited":["Exordium","TheCity","TheBeyond"],"potions_floor_usage":[],"damage_taken":[{"damage":8,"enemies":"Small Slimes","floor":1,"turns":3},{"damage":0,"enemies":"3 Sentries","floor":6,"turns":2},{"damage":0,"enemies":"Gremlin Nob","floor":10,"turns":1},{"damage":0,"enemies":"3 Sentries","floor":13,"turns":2},{"damage":0,"enemies":"The Guardian","floor":16,"turns":1},{"damage":0,"enemies":"Shell Parasite","floor":18,"turns":1},{"damage":9,"enemies":"3 Byrds","floor":22,"turns":2},{"damage":0,"enemies":"Slavers","floor":27,"turns":1},{"damage":4,"enemies":"Gremlin Leader","floor":31,"turns":2},{"damage":0,"enemies":"Champ","floor":33,"turns":1}],"seed_played":"1300910831600562291","potions_obtained":[{"floor":6,"key":"Death Potion"},{"floor":13,"key":"BlessingOfTheForge"},{"floor":16,"key":"Milkshake"}],"is_trial":true,"path_per_floor":["M","WH","?","WH","?","E","WH","R","T","E","R","WH","E","WH","R","B",null,"M","WH","WH","WH","M","R","R","R","T","E","R","WH","R","E","R","B",null],"character_chosen":"IRONCLAD","items_purchased":[],"campfire_rested":0,"item_purchase_floors":[],"current_hp_per_floor":[72,72,77,77,77,77,85,85,85,85,85,94,94,104,104,104,112,112,123,135,135,126,126,126,126,126,126,126,126,126,122,122,122,135,135],"gold":587,"neow_bonus":"THREE_ENEMY_KILL","is_daily":false,"chose_seed":false,"campfire_upgraded":9,"win_rate":0.0,"timestamp":1611181443,"path_taken":["M","WH","?","WH","?","E","WH","R","T","E","R","WH","E","WH","R","BOSS","M","WH","WH","WH","M","R","R","R","T","E","R","WH","R","E","R","BOSS"],"items_purchased_type":[],"build_version":"2020-12-22","purchased_purges":0,"victory":false,"max_hp_per_floor":[80,80,85,85,85,85,93,93,93,93,93,102,102,112,112,112,112,112,123,135,135,135,135,135,135,135,135,135,135,135,135,135,135,135,135],"card_choices":[{"not_picked":["Fiend Fire","Wish"],"picked":"Adrenaline","floor":6},{"not_picked":["ReplayRNGCard","Crow Ritual"],"picked":"Bullet Time","floor":10},{"not_picked":["Corruption","Machine Learning"],"picked":"The Bomb","floor":13},{"not_picked":["ReplayTheSpireMod:Necrosis","Brutality"],"picked":"Double Tap","floor":16},{"not_picked":["Blasphemy","Machine Learning"],"picked":"Sadistic Nature","floor":27},{"not_picked":["Transmutation","MasterReality"],"picked":"Hyperbeam+1","floor":31},{"not_picked":["Machine Learning","Poisoned Strike+1"],"picked":"Alpha","floor":33}],"player_experience":1900832,"relics_obtained":[{"floor":1,"key":"Vajra"},{"floor":6,"key":"PreservedInsect"},{"floor":9,"key":"Pondfish Scales"},{"floor":10,"key":"Ice Cream"},{"floor":13,"key":"TungstenRod"},{"floor":18,"key":"Centennial Puzzle"},{"floor":22,"key":"hubris:CrystalStatue"},{"floor":26,"key":"Dream Catcher"},{"floor":27,"key":"Molten Egg 2"},{"floor":31,"key":"infinitespire:Golems Mask"}],"event_choices":[{"damage_healed":0,"gold_gain":0,"player_choice":"Donut","damage_taken":0,"max_hp_gain":5,"max_hp_loss":0,"event_name":"Big Fish","floor":3,"gold_loss":0}],"is_beta":false,"boss_relics":[{"not_picked":["Fusion Hammer","Ectoplasm"],"picked":"Replay:Wanted Poster"},{"not_picked":["energizedSpire:OgreHead","hubris:Stopwatch"],"picked":"infinitespire:Cupcake"}],"items_purged_floors":[],"is_endless":false,"potions_floor_spawned":[6,13,16,22,31],"ascension_level":0}}