{"host":"j7au2ovow4c9pz79","time":1611183569,"event":{"mods":["AchievementEnabler","BaseMod","Better Third Choice","BetterRewards","Colored Powertips","Defuse TimeMaze Blight","Energized Spire","Googly Eyes","Hubris","Infinite Spire","Minty Spire (QoL Compilation)","Quick Restart","Replay The Spire","Spicy Shops","StSLib","SuperFastMode","Transform Curses"],"gold_per_floor":[116,116,23,46,46,46,75,75,102,134,152,164,198,218,218,316,316,333,248,173,173,173,201,229,229,229,229,229,53,53,63,63,63,63],"floor_reached":33,"language":"ENG","playtime":634,"items_purged":["hubris:Despair"],"score":372,"play_id":"494b0002-0def-45f7-bc55-29ce9a16cb62","local_time":"20210120235929","daily_mods":["Specialized","Vintage","Allstar","Diverse","Colorless Cards","Heirloom","Time Dilation","Flight","Elite Swarm","Lethality"],"is_ascension_mode":false,"campfire_choices":[{"data":"1","floor":6,"key":"LIFT"},{"data":"2","floor":8,"key":"LIFT"},{"data":"3","floor":15,"key":"LIFT"},{"data":"Storm of Steel","floor":27,"key":"SMITH"},{"data":"Storm of Steel","floor":28,"key":"SMITH"},{"data":"infinitespire:DeathsTouch","floor":30,"key":"SMITH"},{"data":"Demon Form","floor":32,"key":"SMITH"}],"circlet_count":0,"master_deck":["Demon Form+1","Wraith Form v2","Echo Form","DevaForm","Strike_R+1","Strike_R+1","Strike_R+1","Strike_R+2","Defend_R+1","Defend_R+1","Defend_R+2","Defend_R+2","Bash","Storm of Steel+1","Storm of Steel+1","Storm of Steel","Storm of Steel","Storm of Steel","Specialist","ReplayTheSpireMod:Uncanny Aura","Deep Breath","Thinking Ahead","Berserk","Secret Technique","ReplayRNGCard","Bludgeon","infinitespire:DeathsTouch+1","Reboot","Pot Of Greed","Pot Of Greed","Pot Of Greed","Reaper"],"relics":["Burning Blood","Prayer Wheel","Simple Rune","Girya","Oddly Smooth Stone","Magic Flower","ReplayTheSpireMod:Lightbulb","Shuriken","Quantum Egg","Eternal Feather","Replay:Bottled Flurry","Paper Frog","Replay:Baseball","Pear","ReplayFunnel","MealTicket","Grinning Jar","hubris:Teleporter","ReplayTheSpireMod:CursedCoin","Iron Hammer","hubris:ChampionShield"],"acts_visited":["Exordium","TheCity"],"potions_floor_usage":[],"damage_taken":[{"damage":0,"enemies":"Cultist","floor":1,"turns":2},{"damage":42,"enemies":"Lagavulin","floor":7,"turns":4},{"damage":21,"enemies":"Gremlin Nob","floor":10,"turns":3},{"damage":0,"enemies":"Jaw Worm","floor":11,"turns":2},{"damage":0,"enemies":"Small Slimes","floor":12,"turns":1},{"damage":12,"enemies":"3 Sentries","floor":13,"turns":3},{"damage":0,"enemies":"Looter","floor":14,"turns":1},{"damage":0,"enemies":"Fading Forest","floor":16,"turns":9},{"damage":16,"enemies":"Chosen","floor":18,"turns":3},{"damage":20,"enemies":"Slavers","floor":23,"turns":3},{"damage":36,"enemies":"Gremlin Leader","floor":24,"turns":5},{"damage":0,"enemies":"Shell Parasite","floor":31,"turns":1},{"damage":91,"enemies":"Pondfish","floor":33,"turns":5}],"seed_played":"-2578503301582893130","potions_obtained":[{"floor":7,"key":"LiquidBronze"},{"floor":12,"key":"SteroidPotion"}],"is_trial":true,"path_per_floor":["M","?","$","T","?","R","E","R","T","E","M","M","E","M","R","B",null,"M","?","?","?","AVR","E","E","?","T","R","R","$","R","M","R","B"],"character_chosen":"IRONCLAD","items_purchased":["Girya","ReplayTheSpireMod:CursedCoin","Iron Hammer"],"campfire_rested":0,"item_purchase_floors":[3,29,29],"current_hp_per_floor":[80,80,80,80,80,80,44,44,44,32,41,50,47,56,71,80,80,73,83,83,90,90,79,52,52,52,70,88,90,90,90,90,0,0],"gold":63,"neow_bonus":"","is_daily":false,"chose_seed":false,"campfire_upgraded":4,"win_rate":0.0,"timestamp":1611183569,"path_taken":["M","?","$","?","?","R","E","R","T","E","M","?","E","M","R","BOSS","M","?","?","?","AVR","E","E","?","T","R","R","$","R","M","R","BOSS"],"items_purchased_type":["Relic","Relic","Relic"],"build_version":"2020-12-22","purchased_purges":1,"victory":false,"max_hp_per_floor":[80,80,80,80,80,80,80,80,80,80,80,80,80,80,80,80,80,80,90,90,90,90,90,90,90,90,90,90,90,90,90,90,90,90],"card_choices":[{"not_picked":["All For One","Secret Technique"],"picked":"Berserk","floor":7},{"not_picked":["Eclipse","ReplayTheSpireMod:Necrosis"],"picked":"Secret Technique","floor":10},{"not_picked":["Machine Learning","ReplayTheSpireMod:Necrosis"],"picked":"ReplayRNGCard","floor":13},{"not_picked":["hubris:DoWhile","Unload"],"picked":"Bludgeon","floor":16},{"not_picked":["Die Die Die","Secret Technique"],"picked":"Reboot","floor":23},{"not_picked":["ReplayTheSpireMod:Omega Cannon","Bludgeon"],"picked":"Reaper","floor":24}],"player_experience":1901738,"relics_obtained":[{"floor":1,"key":"Simple Rune"},{"floor":4,"key":"Oddly Smooth Stone"},{"floor":7,"key":"Magic Flower"},{"floor":9,"key":"ReplayTheSpireMod:Lightbulb"},{"floor":10,"key":"Shuriken"},{"floor":11,"key":"Quantum Egg"},{"floor":12,"key":"Eternal Feather"},{"floor":13,"key":"Replay:Bottled Flurry"},{"floor":14,"key":"Paper Frog"},{"floor":18,"key":"Replay:Baseball"},{"floor":23,"key":"MealTicket"},{"floor":24,"key":"Grinning Jar"},{"floor":26,"key":"hubris:Teleporter"},{"floor":31,"key":"hubris:ChampionShield"}],"event_choices":[{"cards_removed":["Strike_R"],"damage_healed":0,"gold_gain":0,"player_choice":"Offered Basic","damage_taken":0,"max_hp_gain":0,"max_hp_loss":0,"event_name":"Bonfire Elementals","floor":2,"gold_loss":0},{"damage_healed":0,"gold_gain":0,"player_choice":"Upgraded","damage_taken":0,"max_hp_gain":0,"max_hp_loss":0,"event_name":"Upgrade Shrine","floor":5,"gold_loss":0,"cards_upgraded":["Strike_R"]},{"damage_healed":0,"gold_gain":0,"player_choice":"Obtained Relic","damage_taken":0,"relics_obtained":["Pear"],"max_hp_gain":0,"max_hp_loss":0,"event_name":"Addict","floor":19,"gold_loss":85},{"cards_removed":["Crow Ritual"],"damage_healed":0,"gold_gain":0,"player_choice":"Gave Gold","damage_taken":0,"max_hp_gain":0,"max_hp_loss":0,"event_name":"Beggar","floor":20,"gold_loss":75},{"damage_healed":30,"gold_gain":0,"player_choice":"Heal","damage_taken":0,"max_hp_gain":0,"max_hp_loss":0,"event_name":"The Library","floor":21,"gold_loss":0},{"damage_healed":0,"gold_gain":0,"player_choice":"Simplicity","damage_taken":0,"max_hp_gain":0,"max_hp_loss":8,"event_name":"betterThird:BetterWriting","floor":25,"gold_loss":0}],"is_beta":false,"boss_relics":[{"not_picked":[]}],"items_purged_floors":[29],"is_endless":false,"potions_floor_spawned":[7,12,14,23],"killed_by":"Pondfish","ascension_level":0}}