{"host":"6r3ioyv75hs1gp74","time":1611142820,"event":{"mods":["AchievementEnabler","Act Like it!","BaseMod","Better Sensory Stone","Better Third Choice","Block Reminder","Colored Map","Colored Powertips","Curses Come First","Minty Spire (QoL Compilation)","StSLib"],"gold_per_floor":[367,21,38,38,58,58,0,0,0,27,27,27,27,40,40,161,161,180,196,210,210,210],"floor_reached":21,"language":"ENG","playtime":1574,"items_purged":["Pain"],"score":169,"play_id":"a4c6df48-cb67-40b6-b50c-adc0d851e211","local_time":"20210120114020","is_ascension_mode":false,"campfire_choices":[{"data":"Eruption","floor":6,"key":"SMITH"},{"data":"Scrawl","floor":8,"key":"SMITH"},{"data":"Crescendo","floor":13,"key":"SMITH"},{"data":"BattleHymn","floor":15,"key":"SMITH"}],"circlet_count":0,"master_deck":["Strike_P","Strike_P","Strike_P","Defend_P","Defend_P","Defend_P","Defend_P","Eruption+1","Vigilance","Crescendo+1","Scrawl+1","JustLucky","Evaluate","Vengeance","Enlightenment","BattleHymn+1","Judgement","CurseOfTheBell","CutThroughFate","ThirdEye","Halt+1"],"relics":["PureWater","Tiny Chest","Kunai","Regal Pillow","Golden Idol","Mummified Hand","Calling Bell","Damaru","Eternal Feather","Torii"],"acts_visited":["Exordium","TheCity"],"potions_floor_usage":[16,20,21],"damage_taken":[{"damage":5,"enemies":"Cultist","floor":1,"turns":4},{"damage":10,"enemies":"Small Slimes","floor":3,"turns":3},{"damage":1,"enemies":"2 Louse","floor":5,"turns":4},{"damage":0,"enemies":"Exordium Wildlife","floor":14,"turns":3},{"damage":12,"enemies":"The Guardian","floor":16,"turns":9},{"damage":14,"enemies":"3 Byrds","floor":18,"turns":4},{"damage":0,"enemies":"Chosen","floor":19,"turns":3},{"damage":15,"enemies":"Snake Plant","floor":20,"turns":4},{"damage":52,"enemies":"Snecko","floor":21,"turns":6}],"seed_played":"5595889949713732263","potions_obtained":[{"floor":3,"key":"Block Potion"},{"floor":5,"key":"BottledMiracle"},{"floor":19,"key":"PowerPotion"},{"floor":20,"key":"Strength Potion"}],"is_trial":false,"path_per_floor":["M","$","M","?","M","R","?","R","T","T","?","T","R","M","R","B",null,"M","M","M","M"],"character_chosen":"WATCHER","items_purchased":["Scrawl","Tiny Chest","JustLucky"],"campfire_rested":0,"item_purchase_floors":[2,2,2],"current_hp_per_floor":[67,67,57,50,49,49,55,55,55,55,55,55,55,55,55,43,72,58,58,43,0,0],"gold":210,"neow_bonus":"TWO_FIFTY_GOLD","is_daily":false,"chose_seed":false,"campfire_upgraded":4,"win_rate":0.0,"timestamp":1611142820,"path_taken":["M","?","?","?","M","R","?","R","T","?","?","?","R","M","R","BOSS","M","M","M","M"],"items_purchased_type":["Card","Relic","Card"],"build_version":"2020-12-22","purchased_purges":1,"victory":false,"max_hp_per_floor":[72,72,72,72,72,72,78,78,78,78,72,72,72,72,72,72,72,72,72,72,72,72],"card_choices":[{"not_picked":["Evaluate","Consecrate"],"picked":"Crescendo","floor":1},{"not_picked":["EmptyBody","Consecrate"],"picked":"Evaluate","floor":3},{"not_picked":["Crescendo","FlurryOfBlows"],"picked":"Vengeance","floor":5},{"not_picked":["Sanctity","Evaluate"],"picked":"BattleHymn","floor":14},{"not_picked":["Scrawl","DeusExMachina"],"picked":"Judgement","floor":16},{"not_picked":["FollowUp","WreathOfFlame"],"picked":"CutThroughFate","floor":18},{"not_picked":["CutThroughFate","Crescendo"],"picked":"ThirdEye","floor":19},{"not_picked":["Fasting2","WheelKick"],"picked":"Halt+1","floor":20}],"player_experience":101311,"relics_obtained":[{"floor":9,"key":"Kunai"},{"floor":10,"key":"Regal Pillow"},{"floor":12,"key":"Mummified Hand"},{"floor":17,"key":"Damaru"},{"floor":17,"key":"Eternal Feather"},{"floor":17,"key":"Torii"}],"event_choices":[{"cards_removed":["Strike_P"],"damage_healed":0,"gold_gain":0,"player_choice":"Card Removal","damage_taken":7,"max_hp_gain":0,"max_hp_loss":0,"event_name":"Golden Wing","floor":4,"gold_loss":0},{"damage_healed":0,"gold_gain":0,"player_choice":"RENOUNCE","damage_taken":58,"max_hp_gain":0,"max_hp_loss":0,"event_name":"betterThird:BetterSerpent","floor":7,"gold_loss":58,"cards_obtained":["Enlightenment"]},{"damage_healed":0,"gold_gain":0,"player_choice":"Lose Max HP","damage_taken":0,"relics_obtained":["Golden Idol"],"max_hp_gain":0,"max_hp_loss":6,"event_name":"Golden Idol","floor":11,"gold_loss":0}],"is_beta":false,"boss_relics":[{"not_picked":["Tiny House","SacredBark"],"picked":"Calling Bell"}],"items_purged_floors":[2],"is_endless":false,"potions_floor_spawned":[3,5,19,20],"killed_by":"Snecko","ascension_level":0}}