{"host":"flnqt0m1a2s83kg7","time":1611115031,"event":{"mods":["AchievementEnabler","Act Like it!","BaseMod","Better Third Choice","Downfall","Hermit","Minty Spire (QoL Compilation)","Rare Cards Sparkle","StSLib","Td1madao Mod","The Alterego","The Hierophant","The Runesmith","The Servant 0.9.4","WarShipGirlsR/????R mod"],"gold_per_floor":[361,311,329,83,103,103,120,132,206,219,248,248,281,293,293,391,391,406,169,188,204,215,215,215,247,247,278,278,278,298,398,398,499,499,515,532,532,551,569,598,615,103,103,103,113,146,158,86,86,86,86,86,18,49,49,49],"floor_reached":55,"language":"ENG","playtime":5497,"items_purged":["Defend_R","Strike_R","Defend_R"],"score":833,"play_id":"54a7d791-ca5d-4e32-81cd-609a5a8ab31d","local_time":"20210119205711","is_ascension_mode":false,"campfire_choices":[{"data":"Apotheosis","floor":6,"key":"SMITH"},{"floor":15,"key":"RECALL"},{"floor":24,"key":"REST"},{"floor":29,"key":"REST"},{"data":"Berserk","floor":32,"key":"SMITH"},{"floor":44,"key":"REST"},{"floor":49,"key":"REST"},{"data":"Evolve","floor":52,"key":"SMITH"}],"circlet_count":0,"master_deck":["Strike_R","Strike_R","Strike_R","Strike_R","Defend_R","Defend_R","Bash","Metallicize","Metallicize","Clothesline","Berserk+1","Shrug It Off","Apotheosis+1","Shockwave","Ghostly Armor","Battle Trance","Heavy Blade","Offering","Inflame","Uppercut","Feed","Feed","Pommel Strike","Writhe","Immolate","Headbutt+1","Shrug It Off","Pain","downfall:Aged","Reaper","Regret","Fiend Fire","Battle Trance+1","Shrug It Off+1","Madness","Madness","Dark Embrace+1","Inflame+1","Flex+1","Inflame","Reaper","Clothesline+1","Evolve+1","Battle Trance+1","Corruption"],"relics":["Burning Blood","CaptainsWheel","Vajra","Mark of Pain","Ornamental Fan","Pocketwatch","Self Forming Clay","Omamori","Calling Bell","Nunchaku","Question Card","Charon\u0027s Ashes","Philosopher\u0027s Stone","Toy Ornithopter","Du-Vu Doll","Toxic Egg 2","Strawberry","Bag of Marbles"],"acts_visited":["Exordium","TheCity","TheBeyond","TheEnding"],"potions_floor_usage":[10,11,11,16,18,27,33,33,40,40,50,55],"damage_taken":[{"damage":6,"enemies":"Jaw Worm","floor":1,"turns":4},{"damage":0,"enemies":"Small Slimes","floor":3,"turns":3},{"damage":0,"enemies":"Cultist","floor":5,"turns":4},{"damage":12,"enemies":"Looter","floor":7,"turns":5},{"damage":0,"enemies":"Exordium Wildlife","floor":8,"turns":3},{"damage":3,"enemies":"Exordium Thugs","floor":10,"turns":5},{"damage":12,"enemies":"3 Sentries","floor":11,"turns":7},{"damage":16,"enemies":"Gremlin Nob","floor":13,"turns":4},{"damage":0,"enemies":"Blue Slaver","floor":14,"turns":4},{"damage":44,"enemies":"The Guardian","floor":16,"turns":8},{"damage":25,"enemies":"3 Byrds","floor":18,"turns":7},{"damage":19,"enemies":"2 Thieves","floor":20,"turns":5},{"damage":7,"enemies":"Snake Plant","floor":21,"turns":4},{"damage":5,"enemies":"Cultist and Chosen","floor":22,"turns":8},{"damage":17,"enemies":"Gremlin Leader","floor":25,"turns":6},{"damage":39,"enemies":"Slavers","floor":27,"turns":5},{"damage":21,"enemies":"Shelled Parasite and Fungi","floor":30,"turns":5},{"damage":70,"enemies":"Collector","floor":33,"turns":6},{"damage":11,"enemies":"3 Darklings","floor":35,"turns":3},{"damage":11,"enemies":"3 Shapes","floor":36,"turns":4},{"damage":31,"enemies":"3 Darklings","floor":38,"turns":4},{"damage":25,"enemies":"Spire Growth","floor":39,"turns":3},{"damage":48,"enemies":"Nemesis","floor":40,"turns":9},{"damage":33,"enemies":"4 Shapes","floor":41,"turns":4},{"damage":19,"enemies":"Maw","floor":45,"turns":5},{"damage":46,"enemies":"Reptomancer","floor":46,"turns":8},{"damage":60,"enemies":"Writhing Mass","floor":47,"turns":7},{"damage":94,"enemies":"Donu and Deca","floor":50,"turns":9},{"damage":126,"enemies":"Shield and Spear","floor":54,"turns":6},{"damage":126,"enemies":"The Heart","floor":55,"turns":8}],"seed_played":"-6267295151144737486","potions_obtained":[{"floor":3,"key":"Dexterity Potion"},{"floor":5,"key":"AttackPotion"},{"floor":8,"key":"Guardian:BlockOnCardUsePotion"},{"floor":10,"key":"PowerPotion"},{"floor":14,"key":"Energy Potion"},{"floor":16,"key":"champ:CounterPotion"},{"floor":18,"key":"FearPotion"},{"floor":20,"key":"hexamod:SoulburnPotion"},{"floor":21,"key":"Block Potion"},{"floor":30,"key":"Strength Potion"},{"floor":36,"key":"Block Potion"},{"floor":38,"key":"BloodPotion"},{"floor":41,"key":"SteroidPotion"},{"floor":54,"key":"LiquidMemories"}],"is_trial":false,"path_per_floor":["M","?","M","$","M","R","M","M","T","M","E","?","E","M","R","B",null,"M","$","M","M","M","?","R","E","T","E","?","R","M","?","R","B",null,"M","M","?","M","M","E","M","$","T","R","M","E","M","$","R","B",null,"R","$","E","B"],"character_chosen":"IRONCLAD","items_purchased":["Apotheosis","Feed","Du-Vu Doll","Inflame","Evolve","Battle Trance+1"],"campfire_rested":4,"item_purchase_floors":[4,19,42,42,48,53],"current_hp_per_floor":[56,56,62,62,68,68,62,68,68,71,65,80,70,76,76,38,80,65,65,55,58,67,67,96,89,89,64,64,97,90,95,95,83,128,123,128,112,102,92,96,82,82,82,123,123,148,113,113,153,97,157,157,157,66,0,0],"gold":49,"neow_bonus":"TWO_FIFTY_GOLD","is_daily":false,"chose_seed":false,"campfire_upgraded":3,"win_rate":0.0,"timestamp":1611115031,"path_taken":["M","?","M","$","M","R","M","M","T","M","E","?","E","?","R","BOSS","M","$","M","M","M","?","R","E","T","E","?","R","M","?","R","BOSS","M","M","?","M","M","E","M","$","T","R","M","E","M","$","R","BOSS","R","$","E","BOSS"],"items_purchased_type":["Card","Card","Relic","Card","Card","Card"],"build_version":"2020-12-22","purchased_purges":3,"victory":false,"max_hp_per_floor":[80,80,80,80,80,80,80,80,80,80,80,80,80,80,80,80,80,84,84,87,91,99,99,99,103,103,111,111,111,119,124,124,128,128,128,131,131,131,131,135,138,138,138,138,138,149,153,153,153,157,157,157,157,161,161,161],"card_choices":[{"not_picked":["Wild Strike","Headbutt","True Grit"],"picked":"SKIP","floor":1},{"not_picked":[],"picked":"Combust","floor":2},{"not_picked":[],"picked":"Metallicize","floor":2},{"not_picked":[],"picked":"Metallicize","floor":2},{"not_picked":[],"picked":"Clothesline","floor":2},{"not_picked":[],"picked":"Berserk","floor":2},{"not_picked":["Fire Breathing","Sword Boomerang"],"picked":"Shrug It Off","floor":3},{"not_picked":["Sword Boomerang","Thunderclap"],"picked":"Shockwave","floor":5},{"not_picked":["Havoc","Clothesline"],"picked":"Ghostly Armor","floor":7},{"not_picked":["Spot Weakness","Wild Strike"],"picked":"Battle Trance","floor":8},{"not_picked":["Burning Pact","Feel No Pain"],"picked":"Heavy Blade","floor":10},{"not_picked":["Pummel","Wild Strike"],"picked":"Offering","floor":11},{"not_picked":["Iron Wave","Entrench"],"picked":"Inflame","floor":13},{"not_picked":["Wild Strike","Heavy Blade"],"picked":"Uppercut","floor":14},{"not_picked":["Brutality","Offering"],"picked":"Feed","floor":16},{"not_picked":["Anger+1","Body Slam+1","Iron Wave"],"picked":"SKIP","floor":18},{"not_picked":["Warcry","Wild Strike"],"picked":"Pommel Strike","floor":20},{"not_picked":["Sever Soul+1","Clothesline","True Grit"],"picked":"SKIP","floor":21},{"not_picked":["Clash+1","Anger","Cleave"],"picked":"SKIP","floor":22},{"not_picked":["Uppercut","Armaments+1"],"picked":"Immolate","floor":25},{"not_picked":["Warcry+1","Clash"],"picked":"Headbutt+1","floor":27},{"not_picked":["Clash","Pommel Strike"],"picked":"Shrug It Off","floor":30},{"not_picked":["Bludgeon","Juggernaut","Exhume"],"picked":"Fiend Fire","floor":33},{"not_picked":["Clash+1","Reckless Charge+1","Havoc"],"picked":"Battle Trance+1","floor":35},{"not_picked":["Body Slam+1","Burning Pact+1","Second Wind+1"],"picked":"Shrug It Off+1","floor":36},{"not_picked":["Clothesline","Cleave","Havoc"],"picked":"Dark Embrace+1","floor":38},{"not_picked":["Sword Boomerang+1","True Grit","Heavy Blade+1"],"picked":"Inflame+1","floor":39},{"not_picked":["Thunderclap","Juggernaut","Combust","Havoc"],"picked":"SKIP","floor":40},{"not_picked":["Combust","Perfected Strike","Sword Boomerang+1"],"picked":"Flex+1","floor":41},{"not_picked":["Anger","Cleave","Shrug It Off+1"],"picked":"Reaper","floor":45},{"not_picked":["Cleave+1","Thunderclap+1","Reckless Charge","Power Through+1"],"picked":"SKIP","floor":46},{"not_picked":["Body Slam+1","Anger+1","True Grit+1"],"picked":"Clothesline+1","floor":47},{"not_picked":["Body Slam+1","Bloodletting+1","Sword Boomerang"],"picked":"Corruption","floor":54}],"player_experience":44316,"relics_obtained":[{"floor":11,"key":"CaptainsWheel"},{"floor":13,"key":"Vajra"},{"floor":25,"key":"Pocketwatch"},{"floor":26,"key":"Self Forming Clay"},{"floor":27,"key":"Omamori"},{"floor":31,"key":"Nunchaku"},{"floor":31,"key":"Question Card"},{"floor":31,"key":"Charon\u0027s Ashes"},{"floor":40,"key":"Toy Ornithopter"},{"floor":43,"key":"Toxic Egg 2"},{"floor":46,"key":"Strawberry"},{"floor":54,"key":"Bag of Marbles"}],"event_choices":[{"cards_removed":["Combust"],"damage_healed":15,"gold_gain":0,"player_choice":"Offered Uncommon","damage_taken":0,"max_hp_gain":0,"max_hp_loss":0,"event_name":"Bonfire Elementals","floor":12,"gold_loss":0},{"damage_healed":0,"gold_gain":0,"player_choice":"Opened","damage_taken":0,"relics_obtained":["Ornamental Fan"],"max_hp_gain":0,"max_hp_loss":0,"event_name":"The Mausoleum","floor":23,"gold_loss":0,"cards_obtained":["Writhe"]},{"damage_healed":0,"gold_gain":0,"player_choice":"Ignored","damage_taken":0,"max_hp_gain":0,"max_hp_loss":0,"event_name":"Vampires","floor":28,"gold_loss":0},{"damage_healed":0,"gold_gain":0,"player_choice":"Embrace Madness","damage_taken":16,"max_hp_gain":0,"max_hp_loss":0,"event_name":"Winding Halls","floor":37,"gold_loss":0,"cards_obtained":["Madness","Madness"]}],"is_beta":false,"boss_relics":[{"not_picked":["Sozu","Empty Cage"],"picked":"Mark of Pain"},{"not_picked":["bronze:MakeshiftBattery","Black Star"],"picked":"Philosopher\u0027s Stone"}],"items_purged_floors":[4,19,42],"is_endless":false,"potions_floor_spawned":[3,5,8,10,14,16,18,20,21,30,36,38,41,54],"killed_by":"The Heart","ascension_level":0}}