{"host":"usrgk25etjl0nf5i","time":1611118958,"event":{"mods":["2.2 Compatiblity","BaseMod","Downfall","Hubris","Minty Spire (QoL Compilation)","StSLib","SuperFastMode"],"gold_per_floor":[119,69,79,79,179,179,197,230,254,254,254],"floor_reached":10,"language":"ENG","playtime":229,"items_purged":[],"score":202,"play_id":"fe7a3dbe-43a2-4648-a269-88f6a85c193f","local_time":"20210119210238","is_ascension_mode":true,"campfire_choices":[{"data":"Loop","floor":6,"key":"SMITH"}],"circlet_count":0,"master_deck":["AscendersBane","Strike_B","Strike_B","Strike_B","Defend_B","Defend_B","Defend_B","Defend_B","Zap","Dualcast","Loop+1","Leap","Decay","hubris:Disease","Reboot","hubris:Compulsion","Parasite","Leap","Electrodynamics"],"relics":["Cracked Core","Golden Idol","Blue Candle","Juzu Bracelet","Vajra"],"acts_visited":["Exordium"],"potions_floor_usage":[10],"damage_taken":[{"damage":12,"enemies":"Jaw Worm","floor":1,"turns":3},{"damage":17,"enemies":"Small Slimes","floor":3,"turns":3},{"damage":2,"enemies":"2 Louse","floor":7,"turns":3},{"damage":34,"enemies":"Lagavulin","floor":8,"turns":9},{"damage":17,"enemies":"3 Sentries","floor":10,"turns":2}],"seed_played":"6544460959862631016","potions_obtained":[{"floor":3,"key":"Swift Potion"},{"floor":7,"key":"FearPotion"}],"is_trial":false,"path_per_floor":["M","?","M","?","?","R","M","E","T","E"],"character_chosen":"DEFECT","items_purchased":[],"campfire_rested":0,"item_purchase_floors":[],"current_hp_per_floor":[63,63,46,46,51,51,49,15,15,0,0],"gold":254,"neow_bonus":"TEN_PERCENT_HP_BONUS","is_daily":false,"chose_seed":false,"campfire_upgraded":1,"win_rate":0.0,"timestamp":1611118958,"path_taken":["M","?","M","?","?","R","M","E","T","E"],"items_purchased_type":[],"build_version":"2020-12-22","purchased_purges":0,"victory":false,"max_hp_per_floor":[82,82,82,76,81,81,81,81,81,81,81],"card_choices":[{"not_picked":["Barrage","Skim"],"picked":"Loop","floor":1},{"not_picked":["Cold Snap","Coolheaded"],"picked":"Leap","floor":3},{"not_picked":["Darkness","Coolheaded"],"picked":"Leap","floor":7},{"not_picked":["Conserve Battery","hubris:SpecializedCircuitry"],"picked":"Electrodynamics","floor":8}],"player_experience":650478,"relics_obtained":[{"floor":8,"key":"Juzu Bracelet"},{"floor":9,"key":"Vajra"}],"event_choices":[{"cards_removed":["Strike_B"],"damage_healed":0,"gold_gain":0,"player_choice":"Card Removal","damage_taken":0,"max_hp_gain":0,"max_hp_loss":0,"event_name":"The Cleric","floor":2,"gold_loss":50},{"damage_healed":0,"gold_gain":0,"player_choice":"Lose Max HP","damage_taken":0,"relics_obtained":["Golden Idol"],"max_hp_gain":0,"max_hp_loss":6,"event_name":"Golden Idol","floor":4,"gold_loss":0}],"is_beta":false,"boss_relics":[],"items_purged_floors":[],"is_endless":false,"potions_floor_spawned":[3,7],"killed_by":"3 Sentries","ascension_level":11}}