{"host":"whozxugkqnh4mr74","time":1611131441,"event":{"mods":["Act Like it!","BaseMod","Hallownest","Minty Spire (QoL Compilation)","Permanent Neow","Quick Restart","Relic Stats","StSLib","The Bug Knight","everything is the same but u backflip on backflip"],"gold_per_floor":[112,128,53,228,247,272,298,315,315,315,390,340,340,357,357,457,457,468,468,487,1,1,27,27,42,95,130,130,204,229,241,241,337,337,357,372,96,36,397,426,440,440,440,468,478,496,509,78,78,78,78,78,29,64,64],"floor_reached":56,"language":"ENG","playtime":11525,"items_purged":["HollowMod:NailStrikeStart","HollowMod:QuickDashStart","HollowMod:QuickDashStart"],"score":1322,"play_id":"1bc8f986-5c4c-42e6-bb1a-6c9cc82f3d75","local_time":"20210120003041","is_ascension_mode":false,"campfire_choices":[{"data":"HollowMod:FocusHealStart","floor":10.0,"key":"SMITH"},{"data":"HollowMod:VengefulSpirit","floor":15.0,"key":"SMITH"},{"data":"HollowMod:DesolateDive","floor":32,"key":"SMITH"},{"data":"Hallownest:pwrSporeShroom","floor":42,"key":"SMITH"},{"floor":49,"key":"RECALL"},{"data":"HollowMod:QuirrelsAssistance","floor":52,"key":"SMITH"}],"circlet_count":0,"master_deck":["HollowMod:NailStrikeStart","HollowMod:NailStrikeStart","HollowMod:NailStrikeStart","HollowMod:QuickDashStart","HollowMod:QuickDashStart","HollowMod:FocusHealStart+1","HollowMod:PogoStrike","HollowMod:GoodIntentions","HollowMod:DungDefenderAura","HollowMod:MantisMark","HollowMod:CrystalDash","HollowMod:HeavyBlow","HollowMod:VengefulSpirit+1","HollowMod:HowlingWraiths","HollowMod:AwokenDreamNail","CurseOfTheBell","HollowMod:MothsMistake+1","Hallownest:pwrSporeShroom+1","HollowMod:HuntersJournal","HollowMod:SoulSplash+1","HollowMod:CloakDash+1","HollowMod:DashSlash","HollowMod:CrystalDash+1","HollowMod:DesolateDive+1","HollowMod:MantisMark+1","HollowMod:CycloneSlash","HollowMod:NewInfectedGuardian","HollowMod:ChannelNail","HollowMod:DoubleDash+1","HollowMod:HornetsHelp+1","HollowMod:NewLittleFool+1","HollowMod:ChannelNail+1","HollowMod:SlysStrikes+1","HollowMod:InfectedAttack","HollowMod:QuirrelsAssistance+1","HollowMod:MantisMark","HollowMod:ElderbugsWisdom+1","HollowMod:AwokenDreamNail+1","Enlightenment+1","HollowMod:MothsMistake+1","HollowMod:SoulEater+1"],"relics":["Runic Pyramid","CaptainsWheel","Odd Mushroom","Mercury Hourglass","Calling Bell","Lantern","HollowMod:StagPassRelic","Ice Cream","Bag of Preparation","Vajra","Frozen Egg 2","Red Mask","Pantograph","Anchor","Coffee Dripper","Old Coin","Ancient Tea Set","HornCleat","Oddly Smooth Stone","Pen Nib"],"acts_visited":["Exordium","Hallownest:CityofTears","Hallownest:KingdomsEdge","TheEnding"],"potions_floor_usage":[18,39,50,55,55,55],"damage_taken":[{"damage":0.0,"enemies":"Jaw Worm","floor":1.0,"turns":4.0},{"damage":2.0,"enemies":"2 Louse","floor":2.0,"turns":4.0},{"damage":0.0,"enemies":"Small Slimes","floor":5.0,"turns":5.0},{"damage":25.0,"enemies":"HollowMod:MossKnight","floor":6.0,"turns":12.0},{"damage":5.0,"enemies":"The Mushroom Lair","floor":7.0,"turns":6.0},{"damage":1.0,"enemies":"2 Fungi Beasts","floor":8.0,"turns":6.0},{"damage":0.0,"enemies":"Exordium Wildlife","floor":14.0,"turns":5.0},{"damage":41.0,"enemies":"Slime Boss","floor":16.0,"turns":18.0},{"damage":2,"enemies":"Hallownest:2_Mistakes","floor":18,"turns":6},{"damage":8,"enemies":"Hallownest:Flukemon_and_Top","floor":20,"turns":7},{"damage":15,"enemies":"Hallownest:Nosk","floor":23,"turns":10},{"damage":5,"enemies":"Hallownest:2_Flukemon","floor":25,"turns":5},{"damage":9,"enemies":"Hallownest:Glutton_and_Coward","floor":27,"turns":5},{"damage":22,"enemies":"Hallownest:eliteSoulWarrior","floor":30,"turns":8},{"damage":4,"enemies":"Hallownest:2_Husk_Sentries","floor":31,"turns":4},{"damage":26,"enemies":"Hallownest:BossSoulMaster","floor":33,"turns":10},{"damage":0,"enemies":"Hallownest:Shield_Heavy","floor":35,"turns":5},{"damage":0,"enemies":"Hallownest:3_Siblings","floor":36,"turns":4},{"damage":87,"enemies":"Hallownest:2_Primals","floor":39,"turns":5},{"damage":0,"enemies":"Hallownest:eliteCollector","floor":40,"turns":13},{"damage":5,"enemies":"Hallownest:Shield_Sturdy","floor":41,"turns":6},{"damage":8,"enemies":"Hallownest:eliteHiveKnight","floor":44,"turns":9},{"damage":0,"enemies":"Hallownest:Xero_Hu_Marmu","floor":45,"turns":5},{"damage":1,"enemies":"Hallownest:2_Wing_and_1_Kings","floor":46,"turns":8},{"damage":3,"enemies":"Hallownest:2_Soldiers_and_1_Guardian","floor":47,"turns":5},{"damage":32,"enemies":"Hallownest:BossGreyPrinceZote","floor":50,"turns":7},{"damage":8,"enemies":"Shield and Spear","floor":54,"turns":6},{"damage":97,"enemies":"The Heart","floor":55,"turns":9}],"seed_played":"1366174024042274033","potions_obtained":[{"floor":2.0,"key":"Fruit Juice"},{"floor":5.0,"key":"SkillPotion"},{"floor":6.0,"key":"DistilledChaos"},{"floor":14.0,"key":"ColorlessPotion"},{"floor":18,"key":"DistilledChaos"},{"floor":30,"key":"DuplicationPotion"},{"floor":36,"key":"Energy Potion"},{"floor":41,"key":"FearPotion"},{"floor":54,"key":"DuplicationPotion"}],"is_trial":false,"path_per_floor":["M","M","?","?","M","E","?","M","T","R","?","?","?","M","R","B",null,"M","?","M","$","?","E","?","M","T","M","?","T","E","M","R","B",null,"M","M","$","?","?","E","M","R","T","E","M","M","M","$","R","B",null,"R","$","E","B",null],"character_chosen":"THE_BUGKNIGHT","items_purchased":["HollowMod:SoulSplash","HollowMod:CloakDash","Bag of Preparation","Vajra","HollowMod:HornetsHelp","HollowMod:NewLittleFool","HollowMod:AwokenDreamNail","Enlightenment","HollowMod:MothsMistake+1","Weak Potion"],"campfire_rested":0,"item_purchase_floors":[21,21,21,21,37,37,48,48,48,53],"current_hp_per_floor":[75,73,78,78,78,59,60,65,65,65,54,54,59,69,69,38,85,90,86,89,89,89,83,83,86,86,87,87,87,73,75,75,78,90,90,90,90,97,12,26,29,29,29,29,35,42,41,41,41,44,97,97,97,89,8],"gold":64,"neow_bonus":"BOSS_RELIC","is_daily":false,"chose_seed":false,"campfire_upgraded":5,"win_rate":0.0,"timestamp":1611131441,"path_taken":["M","M","?","?","M","E","?","?","T","R","?","?","?","M","R","BOSS","M","?","M","$","?","E","?","M","T","?","?","?","E","M","R","BOSS","M","M","$","?","?","E","M","R","T","E","M","?","M","$","R","BOSS","R","$","E","BOSS"],"items_purchased_type":["Card","Card","Relic","Relic","Card","Card","Card","Card","Card","Potion"],"build_version":"2020-12-22","purchased_purges":3,"victory":true,"max_hp_per_floor":[75,75,80,80,80,80,80,80,80,80,80,80,85,85,85,85,85,90,90,90,90,90,90,90,90,90,90,90,90,90,90,90,90,90,90,90,90,97,97,97,97,97,97,97,97,97,97,97,97,97,97,97,97,97,97],"relic_stats":{"counters":[28,194],"Pantograph":48,"Pen Nib":[1],"Bag of Preparation":[36],"obtain_stats":[{"Ice Cream":17,"Lantern":17,"Vajra":21,"Oddly Smooth Stone":44,"HollowMod:VesselMask":0,"Pen Nib":54,"Bag of Preparation":21,"Odd Mushroom":7,"Frozen Egg 2":23,"HollowMod:StagPassRelic":17,"Ancient Tea Set":40,"Mercury Hourglass":9,"Old Coin":39,"Calling Bell":17,"CaptainsWheel":6,"Anchor":30,"HornCleat":43,"Pantograph":29,"Red Mask":28,"Coffee Dripper":34,"Runic Pyramid":0},{"Ice Cream":8,"Lantern":8,"Vajra":10,"Oddly Smooth Stone":22,"HollowMod:VesselMask":0,"Pen Nib":27,"Bag of Preparation":10,"Odd Mushroom":5,"Frozen Egg 2":11,"HollowMod:StagPassRelic":8,"Ancient Tea Set":20,"Mercury Hourglass":6,"Old Coin":19,"Calling Bell":8,"CaptainsWheel":4,"Anchor":14,"HornCleat":21,"Pantograph":13,"Red Mask":13,"Coffee Dripper":16,"Runic Pyramid":0},{"Ice Cream":60,"Lantern":60,"Vajra":73,"Oddly Smooth Stone":155,"HollowMod:VesselMask":0,"Pen Nib":185,"Bag of Preparation":73,"Odd Mushroom":31,"Frozen Egg 2":82,"HollowMod:StagPassRelic":60,"Ancient Tea Set":141,"Mercury Hourglass":37,"Old Coin":128,"Calling Bell":60,"CaptainsWheel":25,"Anchor":100,"HornCleat":146,"Pantograph":92,"Red Mask":92,"Coffee Dripper":114,"Runic Pyramid":0}],"Mercury Hourglass":[569]},"card_choices":[{"not_picked":["HollowMod:DescendingDark","HollowMod:HeavyBlow"],"picked":"HollowMod:GoodIntentions","floor":1.0},{"not_picked":["HollowMod:InfectedAttack","HollowMod:SoulShaman"],"picked":"HollowMod:DungDefenderAura","floor":2.0},{"not_picked":["HollowMod:MonarchWings","HollowMod:SharpenedNail"],"picked":"HollowMod:MantisMark","floor":5.0},{"not_picked":["HollowMod:HowlingWraiths","HollowMod:PerfectDash"],"picked":"HollowMod:CrystalDash","floor":6.0},{"not_picked":["HollowMod:GoodIntentions","HollowMod:ShadowDash"],"picked":"HollowMod:HeavyBlow","floor":7.0},{"not_picked":["HollowMod:DoubleDash","HollowMod:HowlingWraiths"],"picked":"HollowMod:VengefulSpirit","floor":8.0},{"not_picked":["HollowMod:HeavyBlow","HollowMod:RecoilStrike"],"picked":"HollowMod:HowlingWraiths","floor":14.0},{"not_picked":["HollowMod:theNailsmith","HollowMod:ElderbugsWisdom"],"picked":"HollowMod:AwokenDreamNail","floor":16.0},{"not_picked":["HollowMod:TaintedHusks","HollowMod:HeavyBlow+1"],"picked":"HollowMod:MothsMistake+1","floor":18},{"not_picked":["HollowMod:HowlingWraiths","HollowMod:HeavyBlow"],"picked":"HollowMod:HuntersJournal","floor":20},{"not_picked":["HollowMod:PureNailStrike","HollowMod:SiblingsShadow+1"],"picked":"HollowMod:DashSlash","floor":23},{"not_picked":["HollowMod:WraithStrike","HollowMod:HuntersJournal"],"picked":"HollowMod:CrystalDash+1","floor":25},{"not_picked":["HollowMod:TaintedHusks","HollowMod:CycloneSlash"],"picked":"HollowMod:DesolateDive","floor":27},{"not_picked":["HollowMod:BrokenVessel+1","HollowMod:TaintedHusks"],"picked":"HollowMod:MantisMark+1","floor":30},{"not_picked":["HollowMod:CornifersMapStart","HollowMod:InfectedCysts"],"picked":"HollowMod:CycloneSlash","floor":31},{"not_picked":["HollowMod:Weaversong+1","HollowMod:VoidDash"],"picked":"HollowMod:NewInfectedGuardian","floor":33},{"not_picked":["HollowMod:NewJinnsSoul+1","HollowMod:InfectedCysts"],"picked":"HollowMod:ChannelNail","floor":35},{"not_picked":["HollowMod:SharpenedShadows+1","HollowMod:CloakDash"],"picked":"HollowMod:DoubleDash+1","floor":36},{"not_picked":["HollowMod:BaldurShell+1","HollowMod:VengefulSpirit+1"],"picked":"HollowMod:ChannelNail+1","floor":39},{"not_picked":["HollowMod:VengefulSpirit","HollowMod:MothsMistake+1"],"picked":"HollowMod:SlysStrikes+1","floor":40},{"not_picked":["HollowMod:NewLittleFool+1","HollowMod:BlackTendrils+1"],"picked":"HollowMod:InfectedAttack","floor":41},{"not_picked":["HollowMod:CrystalDash","HollowMod:NewInfectedGuardian"],"picked":"HollowMod:QuirrelsAssistance","floor":44},{"not_picked":["HollowMod:DashSlash","HollowMod:ShapeofUnn+1"],"picked":"HollowMod:MantisMark","floor":45},{"not_picked":["HollowMod:CoiledNail","HollowMod:DoubleDash+1","HollowMod:ShadowDash+1"],"picked":"SKIP","floor":46},{"not_picked":["HollowMod:ShadowDash","HollowMod:ChannelNail+1"],"picked":"HollowMod:ElderbugsWisdom+1","floor":47},{"not_picked":["HollowMod:MonarchWings","HollowMod:SharpenedNail"],"picked":"HollowMod:SoulEater+1","floor":54}],"player_experience":1168081,"relics_obtained":[{"floor":6.0,"key":"CaptainsWheel"},{"floor":7.0,"key":"Odd Mushroom"},{"floor":9.0,"key":"Mercury Hourglass"},{"floor":17.0,"key":"Lantern"},{"floor":17.0,"key":"HollowMod:StagPassRelic"},{"floor":17.0,"key":"Ice Cream"},{"floor":23,"key":"Frozen Egg 2"},{"floor":29,"key":"Pantograph"},{"floor":30,"key":"Anchor"},{"floor":39,"key":"Old Coin"},{"floor":40,"key":"Ancient Tea Set"},{"floor":43,"key":"HornCleat"},{"floor":44,"key":"Oddly Smooth Stone"},{"floor":54,"key":"Pen Nib"}],"event_choices":[{"damage_healed":0.0,"max_hp_gain":0.0,"max_hp_loss":0.0,"gold_gain":175.0,"event_name":"Liars Game","player_choice":"AGREE","floor":4.0,"gold_loss":0.0,"damage_taken":0.0,"cards_obtained":["Doubt"]},{"damage_healed":0.0,"max_hp_gain":0.0,"max_hp_loss":0.0,"gold_gain":0.0,"event_name":"Mushrooms","player_choice":"Fought Mushrooms","floor":7.0,"gold_loss":0.0,"damage_taken":0.0},{"damage_healed":0.0,"max_hp_gain":0.0,"max_hp_loss":0.0,"gold_gain":75.0,"event_name":"World of Goop","player_choice":"Gather Gold","floor":11.0,"gold_loss":0.0,"damage_taken":11.0},{"cards_removed":["Doubt"],"damage_healed":0.0,"max_hp_gain":0.0,"max_hp_loss":0.0,"gold_gain":0.0,"event_name":"The Cleric","player_choice":"Card Removal","floor":12.0,"gold_loss":50.0,"damage_taken":0.0},{"damage_healed":0.0,"max_hp_gain":5.0,"max_hp_loss":0.0,"gold_gain":0.0,"event_name":"Big Fish","player_choice":"Donut","floor":13.0,"gold_loss":0.0,"damage_taken":0.0}],"is_beta":false,"boss_relics":[{"not_picked":["Pandora\u0027s Box","Busted Crown"],"picked":"Calling Bell"},{"not_picked":["Philosopher\u0027s Stone","Empty Cage"],"picked":"Coffee Dripper"}],"items_purged_floors":[21,37,48],"is_endless":false,"potions_floor_spawned":[2,5,6,14,18,30,31,33,36,41,44,45,54],"ascension_level":0}}