{"host":"uxx7prhn9zlu6i2v","time":1611110050,"event":{"mods":["100% Spire Juice","2.2 Compatiblity","AchievementEnabler","Act Like it!","BaseMod","CapriCore","Colored Powertips","Dio Mod","Gensokyo","GifTheSpireLib","HololiveMod","KomeijiMod","Lobotomy","LobotomyExtend","Marisa????????","Minty Spire (QoL Compilation)","Permanent Neow","Quick Restart","RNG Fix","Rare Cards Sparkle","Reimu??????","Relic Filter","Relic Sorter","Relic Stats","Spicy Shops","StSLib","Strawberry Spire","The Administrix","The Bug Knight","The Immortal","The Mystic","Wandering Minibosses","Yakumo Yukari mod","??????REMEMod"],"gold_per_floor":[80,91,6,4,4,4,4,4,4,16,42,42,356,356,356,652,652,664,664,0,818,830,830,527,527,527,718,783,206,248,248,248,351,351,563,563,456,476,17,17,109,109,109,486,161,161,220,257,257,315,338],"floor_reached":52,"language":"ENG","playtime":5335,"items_purged":["Hololive_Strike","Hololive_CallRoboco+1","SpiderBud","Hololive_CallHoushouMarine+1","Hololive_CallAkaiHaato+1"],"score":1213,"play_id":"8796ddf9-1d70-4d97-91b4-06720ad397b7","local_time":"20210119203410","is_ascension_mode":true,"campfire_choices":[{"data":"Hololive_CallYozoraMel","floor":6.0,"key":"SMITH"},{"data":"Hololive_CallAkaiHaato","floor":8.0,"key":"SMITH"},{"data":"Hololive_CallCivia","floor":12.0,"key":"SMITH"},{"data":"Hololive_CallRoboco","floor":15.0,"key":"SMITH"},{"data":"Hololive_Defend","floor":23.0,"key":"SMITH"},{"data":"Gensokyo:MenInBlack","floor":32.0,"key":"SMITH"},{"data":"Hololive_CallOkamiMio","floor":40.0,"key":"SMITH"},{"data":"Hololive_MaximGun","floor":42.0,"key":"SMITH"},{"data":"Hololive_DurableLive","floor":46.0,"key":"SMITH"},{"data":"Hololive_StrengthChampion+1","floor":49.0,"key":"SMITH"}],"circlet_count":0,"master_deck":["QueenOfHatred","HereticApostle","Hololive_CallKiryuuCoco+1","Hololive_Rebound+1","Hololive_MaximGun+1","Hololive_CallYozoraMel+1","Hololive_CallDoris+1","Hololive_CallSakuraMiko+1","Hololive_MaximGun+1","Hololive_CallOkamiMio+1","Hololive_CallKiryuuCoco+1","Hololive_CallKiryuuCoco+1","Hololive_CallKiryuuCoco+1","Hololive_CallKiryuuCoco+1","Hololive_CallKiryuuCoco+1","Hololive_DurableLive+1","Hololive_StrengthChampion+2","Hololive_Psychosis+1","Hololive_CallAmaneKanata+1","WhiteNight"],"relics":["Hololive_TheStar","BackwardClock","REME_ComplimentaryCards","CogitoBucket","RabbitCall","LetterFromLob","Toy Ornithopter","Gensokyo:OccultBall","Bag of Preparation","Hololive_Finger","SkinProphecy","Gensokyo:ChorusOfJoy","wanderingMiniBosses:MasterThiefsPresence","HoshigumaDish","strawberrySpire:CharschorBlot","WantedRequest","CrazyTorch:ReiMu","REME_CardOfGreed","strawberrySpire:BrokenPrinter","ResearcherNote","Busted Crown","Lizard Tail","InkBottle","Juzu Bracelet","Art of War","strawberrySpire:ElefentMask","Bird Faced Urn","Nunchaku","Ice Cream","Ancient Tea Set","InTheNameOfLoveAndHate_r","AtMidnight"],"acts_visited":["Gensokyo:Gensokyo","Gensokyo:Gensokyoer","Gensokyo:Gensokyoest"],"potions_floor_usage":[],"damage_taken":[{"damage":0.0,"enemies":"Gensokyo:Gryphon","floor":1.0,"turns":3.0},{"damage":1.0,"enemies":"Gensokyo:3_Fairies","floor":2.0,"turns":6.0},{"damage":0.0,"enemies":"Gensokyo:Python","floor":10.0,"turns":6.0},{"damage":0.0,"enemies":"Gensokyo:5_Fairies","floor":13.0,"turns":5.0},{"damage":0.0,"enemies":"Gensokyo:Yukari","floor":16.0,"turns":7.0},{"damage":0.0,"enemies":"Gensokyo:CosmicMonolith","floor":18.0,"turns":3.0},{"damage":0.0,"enemies":"Gensokyo:Chomper","floor":21.0,"turns":4.0},{"damage":0.0,"enemies":"Gensokyo:Slime_Group","floor":22.0,"turns":3.0},{"damage":17.0,"enemies":"Gensokyo:Mirror_and_Dog","floor":27.0,"turns":2.0},{"damage":0.0,"enemies":"Gensokyo:Tenshi","floor":28.0,"turns":4.0},{"damage":0.0,"enemies":"Gensokyo:Swordslinger","floor":30.0,"turns":4.0},{"damage":0.0,"enemies":"Gensokyo:Kaguya","floor":33.0,"turns":5.0},{"damage":0.0,"enemies":"Gensokyo:AncientGuardian","floor":35.0,"turns":4.0},{"damage":0.0,"enemies":"Gensokyo:3_Boulders","floor":38.0,"turns":2.0},{"damage":0.0,"enemies":"Gensokyo:Kasen","floor":41.0,"turns":6.0},{"damage":0.0,"enemies":"Gensokyo:Doremy","floor":44.0,"turns":5.0},{"damage":0.0,"enemies":"Gensokyo:Marisa","floor":47.0,"turns":5.0},{"damage":0.0,"enemies":"Gensokyo:Sharpion","floor":48.0,"turns":3.0},{"damage":0.0,"enemies":"Gensokyo:Scarlet_Devils","floor":50.0,"turns":5.0},{"damage":0.0,"enemies":"Malkuth","floor":51.0,"turns":5.0},{"damage":0.0,"enemies":"Hod","floor":51.0,"turns":12.0}],"seed_played":"-6243541301887419140","potions_obtained":[{"floor":2.0,"key":"SneckoOil"},{"floor":10.0,"key":"Fire Potion"},{"floor":13.0,"key":"BlessingOfTheForge"},{"floor":16.0,"key":"GrandPatriotsElixir:ReiMu"},{"floor":27.0,"key":"Strength Potion"},{"floor":30.0,"key":"EssenceOfSteel"},{"floor":38.0,"key":"CalmPotion"},{"floor":44.0,"key":"EssenceOfSteel"}],"is_trial":false,"path_per_floor":["M","M","COS","?","$","R","?","R","T","M","T","R","M","?","R","B",null,"M","?","?","M","M","R","$","E","T","M","E","COS","M","?","R","B",null,"M","T","COS","M","$","R","E","R","T","E","$","R","E","M","R","B",null,null,null],"character_chosen":"Hololive_HololiveCharacter","items_purchased":["HoshigumaDish","DistilledChaos","Juzu Bracelet","Art of War"],"campfire_rested":0,"item_purchase_floors":[24,24,39,39],"current_hp_per_floor":[35,34,34,35,35,35,28,28,28,34,34,34,35,35,35,35,35,35,35,35,33,35,35,35,39,39,20,32,32,24,24,24,34,49,51,51,51,53,53,53,55,55,55,57,57,57,59,62,62,65,69],"gold":348,"neow_bonus":"","is_daily":false,"chose_seed":false,"campfire_upgraded":10,"win_rate":0.0,"timestamp":1611110050,"path_taken":["M","M","COS","?","?","R","?","R","T","?","?","R","M","?","R","BOSS","M","?","?","?","M","R","$","E","T","M","E","COS","M","?","R","BOSS","M","?","COS","?","$","R","E","R","T","E","$","R","E","M","R","BOSS"],"items_purchased_type":["Relic","Potion","Relic","Relic"],"build_version":"2020-12-22","purchased_purges":5,"victory":true,"max_hp_per_floor":[35,35,35,35,35,35,35,35,35,35,35,35,35,35,35,35,35,35,35,35,37,39,39,39,39,39,41,43,43,47,47,47,49,49,51,51,51,53,53,53,55,55,55,57,57,57,59,63,63,65,69],"relic_stats":{"Lizard Tail":0,"Nunchaku":[9],"Busted Crown":42,"counters":[25,111],"Bird Faced Urn":[12],"Bag of Preparation":[34],"Juzu Bracelet":0,"Art of War":[7],"obtain_stats":[{"Ice Cream":47,"RabbitCall":0,"Gensokyo:ChorusOfJoy":19,"InTheNameOfLoveAndHate_r":48,"ResearcherNote":30,"Bag of Preparation":16,"Juzu Bracelet":39,"SkinProphecy":18,"Ancient Tea Set":47,"CogitoBucket":0,"Lizard Tail":35,"Nunchaku":44,"Gensokyo:OccultBall":14,"Hololive_Finger":17,"InkBottle":36,"strawberrySpire:ElefentMask":41,"WantedRequest":28,"BackwardClock":48,"Oddly Smooth Stone":9,"HoshigumaDish":24,"wanderingMiniBosses:MasterThiefsPresence":21,"Busted Crown":34,"Bird Faced Urn":43,"Hololive_TheStar":0,"CrazyTorch:ReiMu":28,"strawberrySpire:BrokenPrinter":29,"AtMidnight":48,"strawberrySpire:CharschorBlot":26,"LetterFromLob":1,"Art of War":39,"REME_CardOfGreed":29,"Toy Ornithopter":11,"REME_ComplimentaryCards":0},{"Ice Cream":19,"RabbitCall":0,"Gensokyo:ChorusOfJoy":7,"InTheNameOfLoveAndHate_r":21,"ResearcherNote":13,"Bag of Preparation":5,"Juzu Bracelet":16,"SkinProphecy":7,"Ancient Tea Set":19,"CogitoBucket":0,"Lizard Tail":15,"Nunchaku":18,"Gensokyo:OccultBall":4,"Hololive_Finger":5,"InkBottle":15,"strawberrySpire:ElefentMask":17,"WantedRequest":11,"BackwardClock":21,"Oddly Smooth Stone":2,"HoshigumaDish":9,"wanderingMiniBosses:MasterThiefsPresence":8,"Busted Crown":14,"Bird Faced Urn":17,"Hololive_TheStar":0,"CrazyTorch:ReiMu":11,"strawberrySpire:BrokenPrinter":11,"AtMidnight":21,"strawberrySpire:CharschorBlot":9,"LetterFromLob":1,"Art of War":16,"REME_CardOfGreed":11,"Toy Ornithopter":3,"REME_ComplimentaryCards":0},{"Ice Cream":72,"RabbitCall":0,"Gensokyo:ChorusOfJoy":31,"InTheNameOfLoveAndHate_r":80,"ResearcherNote":49,"Bag of Preparation":22,"Juzu Bracelet":60,"SkinProphecy":31,"Ancient Tea Set":76,"CogitoBucket":0,"Lizard Tail":56,"Nunchaku":71,"Gensokyo:OccultBall":20,"Hololive_Finger":27,"InkBottle":58,"strawberrySpire:ElefentMask":66,"WantedRequest":44,"BackwardClock":80,"Oddly Smooth Stone":9,"HoshigumaDish":38,"wanderingMiniBosses:MasterThiefsPresence":35,"Busted Crown":54,"Bird Faced Urn":66,"Hololive_TheStar":0,"CrazyTorch:ReiMu":44,"strawberrySpire:BrokenPrinter":44,"AtMidnight":80,"strawberrySpire:CharschorBlot":38,"LetterFromLob":3,"Art of War":60,"REME_CardOfGreed":44,"Toy Ornithopter":15,"REME_ComplimentaryCards":0}],"Toy Ornithopter":11,"InkBottle":[31]},"card_choices":[{"not_picked":["CherryBlossoms","OSAHOGD","Scorched"],"picked":"Singing Bowl","floor":1.0},{"not_picked":["Hololive_CocoNews","Hololive_Trident","Hololive_OvertimeWork"],"picked":"Hololive_CallYozoraMel","floor":1.0},{"not_picked":["Scorched","MeatLantern","Porccubus"],"picked":"Singing Bowl","floor":2.0},{"not_picked":["Murderer","UniverseFragment"],"picked":"SpiderBud","floor":2.0},{"not_picked":["Hololive_HuntDinosaur","Hololive_Psychosis","Hololive_Drill"],"picked":"Hololive_Rebound","floor":2.0},{"not_picked":["ShyLook","GalaxyChild","VoidDream"],"picked":"Singing Bowl","floor":10.0},{"not_picked":["Hololive_CallAiraniIofifteen","Hololive_Teleport","Hololive_HuntDinosaur","Hololive_CallFriendA"],"picked":"SKIP","floor":10.0},{"not_picked":["CrumblingArmor","WhitesApple","SilentOrchestra"],"picked":"Singing Bowl","floor":13.0},{"not_picked":["Hololive_CallYozoraMel","Hololive_FlyingPonyTail","Hololive_CocoNews"],"picked":"Hololive_CallRoboco","floor":13.0},{"not_picked":["CrumblingArmor","OldLady","BeautyBeast"],"picked":"Singing Bowl","floor":16.0},{"not_picked":["Hololive_ASMR","Hololive_FlareMind","Hololive_AWSL"],"picked":"Hololive_MaximGun","floor":16.0},{"not_picked":["DreamingCurrent","LaLuna"],"picked":"Mercenary","floor":18.0},{"not_picked":["Hololive_CallHoushouMarine","Hololive_Yoholoon","Hololive_RevenueBasedLive"],"picked":"Hololive_CallYozoraMel","floor":18.0},{"not_picked":["OldLady","Funeral","VoidDream"],"picked":"Singing Bowl","floor":21.0},{"not_picked":["Hololive_CallTsunomakiWatame","Hololive_CallYozoraMel","Hololive_BeCareful","Hololive_CallAiraniIofifteen"],"picked":"SKIP","floor":21.0},{"not_picked":["Porccubus","Yin","PunishingBird"],"picked":"Singing Bowl","floor":22.0},{"not_picked":["Hololive_StrengthChampion","Hololive_CallTokinoSora+1","Hololive_CallHimemoriLuna+1"],"picked":"Hololive_CallDoris+1","floor":22.0},{"not_picked":["Scarecrow","Bloodbath","SilentOrchestra"],"picked":"Singing Bowl","floor":27.0},{"not_picked":["Hololive_LuckPotion","Hololive_CallInugamiKorone","Hololive_Psychosis"],"picked":"Hololive_MaximGun","floor":27.0},{"not_picked":["GalaxyChild","FieryBird","MHz"],"picked":"Singing Bowl","floor":28.0},{"not_picked":["Hololive_OvertimeWork","Hololive_Teleport","Hololive_CallTokoyamiTowa+1"],"picked":"Hololive_CallOkamiMio","floor":28.0},{"not_picked":["Bloodbath","Freischutz","ShyLook"],"picked":"Singing Bowl","floor":30.0},{"not_picked":["Hololive_CallHimemoriLuna","Hololive_RevenueBasedLive","Hololive_OvertimeWork","Hololive_Sequa"],"picked":"SKIP","floor":30.0},{"not_picked":["Hololive_CallHimemoriLuna","Hololive_RevenueBasedLive","Hololive_OvertimeWork","Hololive_Sequa"],"picked":"SKIP","floor":30.0},{"not_picked":["Murderer","FairyFestival","FieryBird"],"picked":"Singing Bowl","floor":33.0},{"not_picked":["OldLady","BigBadWolf"],"picked":"Funeral","floor":33.0},{"not_picked":["Hololive_ASMR","Hololive_OpenUp","Hololive_MaximGun"],"picked":"Hololive_DurableLive","floor":33.0},{"not_picked":["MeatLantern","WhiteNight","DespairKnight"],"picked":"Singing Bowl","floor":35.0},{"not_picked":["Hololive_CocoNews+1"],"picked":"Hololive_StrengthChampion+1","floor":35.0},{"not_picked":["CENSORED","OSAHOGD","Bloodbath"],"picked":"Singing Bowl","floor":38.0},{"not_picked":["Mercenary","DreamingCurrent"],"picked":"QueenOfHatred","floor":38.0},{"not_picked":["Hololive_Trident"],"picked":"Hololive_Psychosis+1","floor":38.0},{"not_picked":["HappyTeddy","NakedNest","MeltingLove"],"picked":"Singing Bowl","floor":41.0},{"not_picked":["Hololive_CallShirakamiFubuki+1"],"picked":"Hololive_CallAmaneKanata+1","floor":41.0},{"not_picked":["Murderer","RedShoes","NakedNest"],"picked":"Singing Bowl","floor":44.0},{"not_picked":["Hololive_Rebound","Hololive_CallOkamiMio+1"],"picked":"SKIP","floor":44.0},{"not_picked":["Freischutz","FieryBird"],"picked":"WhiteNight","floor":47.0},{"not_picked":["Hololive_CallHoushouMarine+1","Hololive_Drill"],"picked":"SKIP","floor":47.0},{"not_picked":["NothingThere","SnowQueen","Porccubus"],"picked":"Singing Bowl","floor":48.0},{"not_picked":["Hololive_Drill","Hololive_CallDoris+1"],"picked":"SKIP","floor":48.0}],"player_experience":1854387,"relics_obtained":[{"floor":1.0,"key":"LetterFromLob"},{"floor":9.0,"key":"Oddly Smooth Stone"},{"floor":11.0,"key":"Toy Ornithopter"},{"floor":16.0,"key":"Gensokyo:OccultBall"},{"floor":21.0,"key":"wanderingMiniBosses:MasterThiefsPresence"},{"floor":26.0,"key":"strawberrySpire:CharschorBlot"},{"floor":28.0,"key":"CrazyTorch:ReiMu"},{"floor":30.0,"key":"Gensokyo:OccultBall"},{"floor":33.0,"key":"Gensokyo:OccultBall"},{"floor":36.0,"key":"InkBottle"},{"floor":41.0,"key":"Gensokyo:OccultBall"},{"floor":41.0,"key":"strawberrySpire:ElefentMask"},{"floor":43.0,"key":"Bird Faced Urn"},{"floor":44.0,"key":"Nunchaku"},{"floor":47.0,"key":"Ancient Tea Set"},{"floor":48.0,"key":"AtMidnight"}],"event_choices":[],"is_beta":false,"boss_relics":[{"not_picked":["SlaversCollar","strawberrySpire:Dictionifier"],"picked":"Hololive_Finger"},{"not_picked":["strawberrySpire:RottenAvocado","Runic Pyramid"],"picked":"Busted Crown"}],"items_purged_floors":[24,39,39,45,45],"is_endless":false,"potions_floor_spawned":[2,10,13,16,27,30,38,44,47],"ascension_level":1}}