{"host":"nbmmy2ys5j9alw05","time":1611145128,"event":{"mods":["AchievementEnabler","BaseMod","Bestiary","Better Vampires","Colored Map","Colored Powertips","Googly Eyes","Minty Spire (QoL Compilation)","Quick Restart","StSLib","The Hierophant","The IronCluck","everything is the same but u backflip on backflip"],"gold_per_floor":[113,113,188,188,207,242,242,278,329,106,106,106],"floor_reached":11,"language":"ENG","playtime":358,"items_purged":["hierophant:Strike_Hierophant"],"score":114,"play_id":"6116a79d-78de-42dc-bb0b-e350bfcded9c","local_time":"20210120041848","is_ascension_mode":true,"campfire_choices":[{"data":"hierophant:Glossolalia","floor":7,"key":"SMITH"}],"circlet_count":0,"master_deck":["hierophant:Strike_Hierophant","hierophant:Strike_Hierophant","hierophant:Strike_Hierophant","hierophant:Punish","hierophant:Defend_Hierophant","hierophant:Defend_Hierophant","hierophant:Defend_Hierophant","hierophant:Defend_Hierophant","hierophant:ChurchCoffers","hierophant:PassingBell","hierophant:Glossolalia+1","hierophant:ArchangelShield","hierophant:DisplayOfPower","hierophant:Invocation"],"relics":["hierophant:PropheticMaskRelic","NeowsBlessing","Golden Idol","Pen Nib","Girya","Strawberry"],"acts_visited":["Exordium"],"potions_floor_usage":[8,8,11],"damage_taken":[{"damage":0,"enemies":"2 Louse","floor":1,"turns":1},{"damage":0,"enemies":"Jaw Worm","floor":5,"turns":1},{"damage":0,"enemies":"Lagavulin","floor":6,"turns":1},{"damage":11,"enemies":"Gremlin Nob","floor":8,"turns":5},{"damage":21,"enemies":"3 Sentries","floor":11,"turns":6}],"seed_played":"-7183450526564208588","potions_obtained":[{"floor":1,"key":"EntropicBrew"}],"is_trial":false,"path_per_floor":["M","?","?","?","M","E","R","E","T","$","E"],"character_chosen":"HIEROPHANT","items_purchased":["hierophant:Invocation"],"campfire_rested":0,"item_purchase_floors":[10],"current_hp_per_floor":[75,57,46,51,51,51,51,40,47,47,26,26],"gold":106,"neow_bonus":"THREE_ENEMY_KILL","is_daily":false,"chose_seed":false,"campfire_upgraded":1,"win_rate":0.0,"timestamp":1611145128,"path_taken":["M","?","?","?","M","E","R","E","T","?","E"],"items_purchased_type":["Card"],"build_version":"2020-12-22","purchased_purges":1,"victory":false,"max_hp_per_floor":[75,75,75,80,80,80,80,80,87,87,87,87],"card_choices":[{"not_picked":["hierophant:ArchangelShield","hierophant:RustyCrate"],"picked":"hierophant:PassingBell","floor":1},{"not_picked":["hierophant:AuricBeam","hierophant:Shelter"],"picked":"hierophant:Glossolalia","floor":5},{"not_picked":["hierophant:Encroach","hierophant:DeathKnell"],"picked":"hierophant:ArchangelShield","floor":6},{"not_picked":["hierophant:MirrorShield","hierophant:Empathy"],"picked":"hierophant:DisplayOfPower","floor":8}],"player_experience":507013,"relics_obtained":[{"floor":6,"key":"Pen Nib"},{"floor":8,"key":"Girya"},{"floor":9,"key":"Strawberry"}],"event_choices":[{"damage_healed":0,"gold_gain":0,"player_choice":"Take Damage","damage_taken":18,"relics_obtained":["Golden Idol"],"max_hp_gain":0,"max_hp_loss":0,"event_name":"Golden Idol","floor":2,"gold_loss":0},{"damage_healed":0,"gold_gain":75,"player_choice":"Gather Gold","damage_taken":11,"max_hp_gain":0,"max_hp_loss":0,"event_name":"World of Goop","floor":3,"gold_loss":0},{"damage_healed":0,"gold_gain":0,"player_choice":"Donut","damage_taken":0,"max_hp_gain":5,"max_hp_loss":0,"event_name":"Big Fish","floor":4,"gold_loss":0}],"is_beta":false,"boss_relics":[],"items_purged_floors":[10],"is_endless":false,"potions_floor_spawned":[1],"killed_by":"3 Sentries","ascension_level":2}}