{"host":"i0avyit1s6jb1siw","time":1611146051,"event":{"mods":["BaseMod","DeckTracker","Dota2Spire","Highlight Path","Minty Spire (QoL Compilation)","Quick Restart","StSLib","SuperFastMode"],"gold_per_floor":[19,19,19,34,109,34,34,48,82,134,185,211,246,258,283,295,401,413,450,462,492,523,535,547,92,92,139,139,51,89,107,157,157,157,157],"floor_reached":34,"language":"ENG","playtime":572,"items_purged":["Strike_R","Perfected Strike"],"score":610,"play_id":"db311961-04ce-4db7-bb1f-d7c9a3131133","local_time":"20210120133411","is_ascension_mode":true,"campfire_choices":[{"data":"Bash","floor":7.0,"key":"SMITH"},{"data":"Pummel","floor":16.0,"key":"SMITH"},{"floor":24,"key":"REST"},{"data":"Apotheosis","floor":26,"key":"SMITH"},{"data":"Offering","floor":28,"key":"SMITH"},{"data":"Whirlwind","floor":33,"key":"SMITH"}],"circlet_count":0,"master_deck":["AscendersBane","Bash+1","Double Tap","Wild Strike","Headbutt","Demon Form+1","Twin Strike","Pummel+1","Exhume","Intimidate","Sword Boomerang","Offering+1","Whirlwind+1","Fiend Fire","Armaments","Flame Barrier","Apotheosis+1","Ghostly Armor","Evolve","Sentinel"],"relics":["Burning Blood","Dota2Spire:Mjollnir","Golden Idol","Bronze Scales","MawBank","MealTicket","Pandora\u0027s Box","Medical Kit","Pen Nib","StrikeDummy"],"acts_visited":["Exordium","TheCity"],"potions_floor_usage":[34,34],"damage_taken":[{"damage":3.0,"enemies":"Small Slimes","floor":1.0,"turns":3.0},{"damage":0.0,"enemies":"2 Louse","floor":4.0,"turns":2.0},{"damage":1.0,"enemies":"Cultist","floor":8.0,"turns":3.0},{"damage":36.0,"enemies":"Gremlin Nob","floor":9.0,"turns":4.0},{"damage":25.0,"enemies":"3 Sentries","floor":11.0,"turns":6.0},{"damage":0.0,"enemies":"Large Slime","floor":12.0,"turns":3.0},{"damage":6.0,"enemies":"Looter","floor":13.0,"turns":2.0},{"damage":11.0,"enemies":"3 Louse","floor":15.0,"turns":2.0},{"damage":26.0,"enemies":"Hexaghost","floor":17.0,"turns":7.0},{"damage":33.0,"enemies":"2 Thieves","floor":19.0,"turns":3.0},{"damage":6.0,"enemies":"Chosen","floor":21.0,"turns":3.0},{"damage":29.0,"enemies":"Centurion and Healer","floor":22.0,"turns":5.0},{"damage":12,"enemies":"Gremlin Leader","floor":30,"turns":3},{"damage":24,"enemies":"Snecko","floor":31,"turns":4},{"damage":46,"enemies":"Collector","floor":34,"turns":4}],"seed_played":"2558846908093903358","potions_obtained":[{"floor":8.0,"key":"Regen Potion"},{"floor":9.0,"key":"PowerPotion"},{"floor":13.0,"key":"BloodPotion"},{"floor":17.0,"key":"BlessingOfTheForge"},{"floor":19.0,"key":"AttackPotion"},{"floor":21.0,"key":"Block Potion"},{"floor":30,"key":"BloodPotion"}],"is_trial":false,"path_per_floor":["M","?","?","M","?","$","R","M","E","T","E","M","M","?","M","R","B",null,"M","?","M","M","?","R","$","R","T","R","$","E","M","?","R","B"],"character_chosen":"IRONCLAD","items_purchased":["Apotheosis","Medical Kit","Ghostly Armor"],"campfire_rested":1,"item_purchase_floors":[25,25,29],"current_hp_per_floor":[71,68,68,68,57,57,57,62,32,32,28,34,34,34,29,29,22,57,30,30,30,7,7,27,42,42,42,42,57,51,33,33,33,0,0],"gold":157,"neow_bonus":"ONE_RARE_RELIC","is_daily":false,"chose_seed":false,"campfire_upgraded":5,"win_rate":0.0,"timestamp":1611146051,"path_taken":["M","?","?","?","?","$","R","M","E","T","E","M","M","?","M","R","BOSS","M","?","M","M","?","R","$","R","T","R","$","E","M","?","R","BOSS"],"items_purchased_type":["Card","Relic","Card"],"build_version":"2020-12-22","purchased_purges":2,"victory":false,"max_hp_per_floor":[75,68,68,68,68,68,68,68,68,68,68,68,68,68,68,68,68,68,68,68,68,68,68,68,68,68,68,68,68,68,68,68,68,68,68],"card_choices":[{"not_picked":["Clothesline","Havoc","True Grit"],"picked":"SKIP","floor":1.0},{"not_picked":["Cleave","Iron Wave"],"picked":"Wild Strike","floor":4.0},{"not_picked":["Sentinel","Combust","Heavy Blade"],"picked":"SKIP","floor":8.0},{"not_picked":["True Grit","Sentinel"],"picked":"Headbutt","floor":9.0},{"not_picked":["Sword Boomerang","Juggernaut"],"picked":"Demon Form","floor":11.0},{"not_picked":["Perfected Strike","True Grit"],"picked":"Twin Strike","floor":12.0},{"not_picked":["Wild Strike","Clothesline"],"picked":"Pummel","floor":13.0},{"not_picked":["Cleave","Thunderclap","Iron Wave"],"picked":"SKIP","floor":15.0},{"not_picked":["Fiend Fire","Berserk"],"picked":"Exhume","floor":17.0},{"not_picked":["Body Slam","Dark Embrace"],"picked":"Armaments","floor":19.0},{"not_picked":["Whirlwind","Flex","Inflame"],"picked":"SKIP","floor":21.0},{"not_picked":["Berserk","Heavy Blade","Wild Strike"],"picked":"SKIP","floor":22.0},{"not_picked":["Berserk","Sword Boomerang"],"picked":"Evolve","floor":30},{"not_picked":["Clash","Wild Strike"],"picked":"Sentinel","floor":31}],"player_experience":2304187,"relics_obtained":[{"floor":9.0,"key":"Bronze Scales"},{"floor":10.0,"key":"MawBank"},{"floor":11.0,"key":"MealTicket"},{"floor":27,"key":"Pen Nib"},{"floor":30,"key":"StrikeDummy"}],"event_choices":[{"damage_healed":0.0,"max_hp_gain":0.0,"max_hp_loss":7.0,"gold_gain":0.0,"event_name":"Golden Idol","player_choice":"Lose Max HP","floor":2.0,"gold_loss":0.0,"damage_taken":0.0,"relics_obtained":["Golden Idol"]},{"damage_healed":0.0,"max_hp_gain":0.0,"max_hp_loss":0.0,"gold_gain":0.0,"cards_transformed":["Strike_R"],"event_name":"Transmorgrifier","player_choice":"Transformed","floor":3.0,"gold_loss":0.0,"damage_taken":0.0,"cards_obtained":["Double Tap"]},{"damage_healed":0.0,"max_hp_gain":0.0,"max_hp_loss":0.0,"gold_gain":75.0,"event_name":"World of Goop","player_choice":"Gather Gold","floor":5.0,"gold_loss":0.0,"damage_taken":11.0},{"damage_healed":0.0,"max_hp_gain":0.0,"max_hp_loss":0.0,"gold_gain":0.0,"event_name":"Living Wall","player_choice":"Grow","floor":14.0,"gold_loss":0.0,"damage_taken":0.0,"cards_upgraded":["Demon Form"]},{"damage_healed":0.0,"max_hp_gain":0.0,"max_hp_loss":0.0,"gold_gain":0.0,"event_name":"The Library","player_choice":"Read","floor":20.0,"gold_loss":0.0,"damage_taken":0.0,"cards_obtained":["Flame Barrier"]},{"cards_removed":["Demon Form"],"damage_healed":0,"gold_gain":0,"player_choice":"Elegance","damage_taken":0,"max_hp_gain":0,"max_hp_loss":0,"event_name":"Back to Basics","floor":23,"gold_loss":0},{"damage_healed":0,"gold_gain":100,"player_choice":"Bet on Murderer","damage_taken":0,"max_hp_gain":0,"max_hp_loss":0,"event_name":"The Joust","floor":32,"gold_loss":50}],"is_beta":false,"boss_relics":[{"not_picked":["Busted Crown","Black Star"],"picked":"Pandora\u0027s Box"}],"items_purged_floors":[6,25],"is_endless":false,"potions_floor_spawned":[8,9,13,17,19,21,30],"killed_by":"Collector","ascension_level":20}}