{"host":"5s7sm4h73jkd9266","time":1611137420,"event":{"mods":["AchievementEnabler","Bartender","BaseMod","BetterRewards","Colored Map","Colored Powertips","Conspire","Downfall","Energized Spire","Hubris","Minty Spire (QoL Compilation)","Potion Indicator Mod","Rare Cards Sparkle","Shop Mod","StSLib","The Blue Laboratory","Virulent Crown","everything is the same but u backflip on backflip","slay the spire mod where everything is the same but ironclad has a cowboy hat","vexMod"],"gold_per_floor":[117,80,80,94,94,94,4,34,34,34,34,34,48,59,59,164,214,227,240,0,12,12,12,30,30,30,30,30,43,43,56,56,155,155,171,51,69,79,79,79,90,16,42,59,59,74,85,85,85],"floor_reached":48,"language":"ENG","playtime":2561,"items_purged":[],"score":509,"play_id":"a9cb984f-11cf-410b-bbb0-4dcf08fcd544","local_time":"20210120051020","is_ascension_mode":false,"campfire_choices":[{"floor":6.0,"key":"REST"},{"floor":10.0,"key":"RECALL"},{"floor":12.0,"key":"REST"},{"floor":15.0,"key":"REST"},{"floor":23.0,"key":"REST"},{"floor":28,"key":"REST"},{"floor":32,"key":"REST"},{"data":"Echo Form","floor":40,"key":"SMITH"},{"floor":45,"key":"REST"}],"circlet_count":0,"master_deck":["Static Discharge+1","Strike_B","Strike_B","Strike_B","Strike_B","Defend_B","Defend_B","Defend_B","Defend_B","Zap","Dualcast","Gash","hubris:Ukulele","White Noise","Panacea","Glacier","Gash","Capacitor+1","Echo Form","Ball Lightning","Leap","Gash+1","Defragment","Coolheaded","Trip","Core Surge","Zap","Leap","White Noise","Self Repair+1","Echo Form+1","Gash+1","Defragment","Go for the Eyes+1","Glacier","Parasite","Loop","Sweeping Beam","Melter+1","Chaos+1","Hologram+1"],"relics":["Cracked Core","Turnip","hubris:Icosahedron","Singing Bowl","HornCleat","hubris:FruitBowl","Tiny House","Mummified Hand","MealTicket","conspire:RoyalGoblet","hubris:Towel","Art of War"],"acts_visited":["TheCity","TheBeyond"],"potions_floor_usage":[31,37,37,38,41,44,46,48],"damage_taken":[{"damage":2.0,"enemies":"2 Louse","floor":1.0,"turns":2.0},{"damage":6.0,"enemies":"Jaw Worm","floor":4.0,"turns":3.0},{"damage":16.0,"enemies":"Lagavulin","floor":8.0,"turns":5.0},{"damage":0.0,"enemies":"Cultist","floor":13.0,"turns":4.0},{"damage":10.0,"enemies":"Exordium Thugs","floor":14.0,"turns":2.0},{"damage":7.0,"enemies":"Slime Boss","floor":16.0,"turns":10.0},{"damage":7.0,"enemies":"3 Byrds","floor":18.0,"turns":4.0},{"damage":20.0,"enemies":"Spheric Guardian","floor":19.0,"turns":4.0},{"damage":19.0,"enemies":"Cultist and Chosen","floor":21.0,"turns":5.0},{"damage":43.0,"enemies":"3 Cultists","floor":24.0,"turns":6.0},{"damage":9,"enemies":"Sentry and Sphere","floor":29,"turns":6},{"damage":15,"enemies":"conspire:HollyBat","floor":31,"turns":6},{"damage":20,"enemies":"Collector","floor":33,"turns":8},{"damage":32,"enemies":"3 Darklings","floor":35,"turns":6},{"damage":5,"enemies":"Orb Walker","floor":37,"turns":4},{"damage":17,"enemies":"Maw","floor":38,"turns":7},{"damage":34,"enemies":"Writhing Mass","floor":41,"turns":7},{"damage":46,"enemies":"Spire Growth","floor":44,"turns":6},{"damage":27,"enemies":"4 Shapes","floor":46,"turns":5},{"damage":41,"enemies":"Jaw Worm Horde","floor":47,"turns":4},{"damage":34,"enemies":"Reptomancer","floor":48,"turns":2}],"seed_played":"-5284667706526671626","potions_obtained":[{"floor":1.0,"key":"blueLaboratory:BiasPotion"},{"floor":16.0,"key":"EntropicBrew"},{"floor":17.0,"key":"Ancient Potion"},{"floor":18.0,"key":"blueLaboratory:PyrophylliteBrew"},{"floor":29,"key":"champ:CounterPotion"},{"floor":33,"key":"SkillPotion"},{"floor":35,"key":"AttackPotion"},{"floor":38,"key":"blueLaboratory:FruitPunch"},{"floor":41,"key":"blueLaboratory:StoneskinPotion"},{"floor":46,"key":"blueLaboratory:CorrosionFlask"},{"floor":47,"key":"blueLaboratory:HorrorPotion"}],"is_trial":false,"path_per_floor":["M","$","?","M","?","R","$","E","T","R","$","R","M","M","R","B",null,"M","M","$","M","$","R","M","?","T","$","R","M","?","M","R","B",null,"M","$","M","M","?","R","M","$","T","M","R","M","M","E"],"character_chosen":"DEFECT","items_purchased":["hubris:Ukulele","Panacea","hubris:FruitBowl","Mummified Hand","blueLaboratory:FruitPunch","Defragment","blueLaboratory:FruitPunch","Sweeping Beam"],"campfire_rested":7,"item_purchase_floors":[2,7,11,20,36,36,42,42],"current_hp_per_floor":[52,52,52,46,46,68,68,52,52,52,33,55,55,45,67,60,82,75,55,55,36,36,60,20,20,20,20,45,36,36,21,46,36,85,73,85,83,76,76,76,65,80,80,57,85,58,27,0,0],"gold":85,"neow_bonus":"ONE_RARE_RELIC","is_daily":false,"chose_seed":false,"campfire_upgraded":1,"win_rate":0.0,"timestamp":1611137420,"path_taken":["M","$","?","M","?","R","$","E","T","R","?","R","?","M","R","BOSS","M","M","$","M","$","R","M","?","T","?","R","M","?","M","R","BOSS","M","$","M","?","?","R","M","$","T","M","R","M","M","E"],"items_purchased_type":["Card","Card","Relic","Relic","Potion","Card","Potion","Card"],"build_version":"2020-12-22","purchased_purges":0,"victory":false,"max_hp_per_floor":[75,75,75,75,75,75,75,75,75,75,75,75,75,75,75,75,82,82,82,82,82,82,82,85,85,85,85,85,85,85,85,85,85,85,85,85,88,88,88,88,91,91,91,94,94,94,94,94,94],"card_choices":[{"not_picked":["Consume","Reprogram"],"picked":"Gash","floor":1.0},{"not_picked":["Redo","Leap"],"picked":"White Noise","floor":4.0},{"not_picked":["Go for the Eyes","Reinforced Body"],"picked":"Glacier","floor":8.0},{"not_picked":["Go for the Eyes","Redo"],"picked":"Gash","floor":13.0},{"not_picked":["Compile Driver","Rebound"],"picked":"Capacitor","floor":14.0},{"not_picked":["Creative AI","Hyperbeam"],"picked":"Echo Form","floor":16.0},{"not_picked":["Hologram","Rip and Tear"],"picked":"Ball Lightning","floor":17.0},{"not_picked":["Coolheaded","Heatsinks"],"picked":"Leap","floor":18.0},{"not_picked":["Beam Cell","Storm+1"],"picked":"Gash+1","floor":19.0},{"not_picked":["Blizzard+1","Coolheaded"],"picked":"Defragment","floor":21.0},{"not_picked":["Reinforced Body","Cold Snap"],"picked":"Coolheaded","floor":24.0},{"not_picked":["Redo","Go for the Eyes"],"picked":"White Noise","floor":29},{"not_picked":["Compile Driver","Multi-Cast"],"picked":"Self Repair+1","floor":31},{"not_picked":["Creative AI","hubris:DoWhile"],"picked":"Echo Form","floor":33},{"not_picked":["Sweeping Beam","BootSequence+1"],"picked":"Gash+1","floor":35},{"not_picked":["Coolheaded+1","Sweeping Beam"],"picked":"Go for the Eyes+1","floor":37},{"not_picked":["Leap","Rebound"],"picked":"Glacier","floor":38},{"not_picked":["Recycle+1","conspire:SharedLibrary"],"picked":"Loop","floor":41},{"not_picked":["Sunder","Rainbow"],"picked":"Melter+1","floor":44},{"not_picked":["Chill","Beam Cell"],"picked":"Chaos+1","floor":46},{"not_picked":["Turbo","Barrage+1"],"picked":"Hologram+1","floor":47}],"player_experience":5424950,"relics_obtained":[{"floor":8.0,"key":"Singing Bowl"},{"floor":9.0,"key":"HornCleat"},{"floor":43,"key":"Art of War"}],"event_choices":[{"damage_healed":0.0,"max_hp_gain":0.0,"max_hp_loss":0.0,"gold_gain":0.0,"event_name":"conspire:LoneGhost","player_choice":"Disagree","floor":3.0,"gold_loss":0.0,"damage_taken":0.0},{"damage_healed":0.0,"max_hp_gain":0.0,"max_hp_loss":0.0,"gold_gain":0.0,"event_name":"Match and Keep!","player_choice":"4 cards matched","floor":25.0,"gold_loss":0.0,"damage_taken":0.0,"cards_obtained":["Trip","Core Surge","Zap","Leap"]},{"damage_healed":0,"gold_gain":0,"player_choice":"Gave Potion","damage_taken":0,"relics_obtained":["MealTicket"],"max_hp_gain":0,"max_hp_loss":0,"event_name":"WeMeetAgain","floor":30,"gold_loss":0}],"is_beta":false,"boss_relics":[{"not_picked":["Inserter","Sozu"],"picked":"Tiny House"},{"not_picked":["hubris:VirtuousBlindfold","FrozenCore"],"picked":"conspire:RoyalGoblet"}],"items_purged_floors":[],"is_endless":false,"potions_floor_spawned":[1,16,18,29,33,35,38,41,46,47],"killed_by":"Reptomancer","ascension_level":0}}