{"host":"skr63qsdfgeey3it","time":1611130527,"event":{"mods":["BaseMod","Colored Map","Hubris","Minty Spire (QoL Compilation)","Replay The Spire","Spicy Shops","StSLib"],"gold_per_floor":[115,115,133,308,66,92,92,117,117,136,168,179,209,221,221,221,221],"floor_reached":16,"language":"ENG","playtime":477,"items_purged":["Doubt"],"score":248,"play_id":"f445529f-074d-4aff-82f6-e9d78e10fc47","local_time":"20210120021527","is_ascension_mode":true,"campfire_choices":[{"data":"Metamorphosis","floor":7,"key":"SMITH"},{"floor":15,"key":"REST"}],"circlet_count":0,"master_deck":["AscendersBane","Strike_G","Strike_G","Strike_G","Strike_G+1","Defend_G","Defend_G","Defend_G","Defend_G","Defend_G+1","Survivor","Neutralize","Hidden Blade","Dodge and Roll","Flying Knee","Metamorphosis+1","Hidden Blade","Replay:Bag of Tricks","Infinite Blades","Adrenaline"],"relics":["Ring of the Snake","NeowsBlessing","Simple Rune","Replay:Bottled Snecko","Letter Opener","Lizard Tail","CeramicFish"],"acts_visited":["Exordium"],"potions_floor_usage":[8,11,13],"damage_taken":[{"damage":0,"enemies":"Jaw Worm","floor":1,"turns":1},{"damage":0,"enemies":"2 Louse","floor":3,"turns":1},{"damage":0,"enemies":"Lagavulin","floor":6,"turns":1},{"damage":16,"enemies":"Gremlin Nob","floor":8,"turns":3},{"damage":2,"enemies":"Cultist","floor":10,"turns":3},{"damage":20,"enemies":"3 Sentries","floor":11,"turns":5},{"damage":3,"enemies":"Gremlin Gang","floor":12,"turns":4},{"damage":8,"enemies":"Lagavulin","floor":13,"turns":3},{"damage":9,"enemies":"Red Slaver","floor":14,"turns":3},{"damage":0,"enemies":"Fading Forest","floor":16,"turns":1}],"seed_played":"-4574714034226443161","potions_obtained":[{"floor":6,"key":"Swift Potion"},{"floor":8,"key":"Dexterity Potion"},{"floor":12,"key":"SneckoOil"},{"floor":13,"key":"FearPotion"},{"floor":14,"key":"SneckoOil"}],"is_trial":false,"path_per_floor":["M","?","M","?","$","E","R","E","T","M","E","M","E","M","R","B"],"character_chosen":"THE_SILENT","items_purchased":["Metamorphosis"],"campfire_rested":1,"item_purchase_floors":[5],"current_hp_per_floor":[63,63,63,63,63,63,63,47,47,45,25,22,14,5,26,26,26],"gold":221,"neow_bonus":"THREE_ENEMY_KILL","is_daily":false,"chose_seed":false,"campfire_upgraded":1,"win_rate":0.0,"timestamp":1611130527,"path_taken":["M","?","M","?","?","E","R","E","T","M","E","?","E","M","R","BOSS"],"items_purchased_type":["Card"],"build_version":"2020-12-22","purchased_purges":1,"victory":false,"max_hp_per_floor":[70,70,70,70,70,70,70,70,70,70,70,70,70,70,70,70,70],"card_choices":[{"not_picked":["Underhanded Strike","Backflip"],"picked":"Hidden Blade","floor":1},{"not_picked":["Dagger Spray","Poisoned Stab"],"picked":"Flying Knee","floor":3},{"not_picked":["Replay:Poison Smokescreen","Dodge and Roll"],"picked":"Hidden Blade","floor":6},{"not_picked":["Sucker Punch","ReplayTheSpireMod:The Works"],"picked":"Replay:Bag of Tricks","floor":8},{"not_picked":["Deflect","Calculated Gamble"],"picked":"Infinite Blades","floor":10},{"not_picked":["Noxious Fumes","Sneak Up"],"picked":"Adrenaline","floor":11},{"not_picked":["Dagger Spray","Backflip","Quick Slash"],"picked":"SKIP","floor":12},{"not_picked":["Draining Mist","Backflip","Dodge and Roll"],"picked":"SKIP","floor":13},{"not_picked":["Endless Agony","Prepared","ReplayTheSpireMod:The Works"],"picked":"SKIP","floor":14}],"player_experience":772988,"relics_obtained":[{"floor":6,"key":"Simple Rune"},{"floor":8,"key":"Replay:Bottled Snecko"},{"floor":9,"key":"Letter Opener"},{"floor":11,"key":"Lizard Tail"},{"floor":13,"key":"CeramicFish"}],"event_choices":[{"damage_healed":0,"gold_gain":0,"cards_transformed":["Strike_G"],"player_choice":"Change","damage_taken":0,"max_hp_gain":0,"max_hp_loss":0,"event_name":"Living Wall","floor":2,"gold_loss":0,"cards_obtained":["Dodge and Roll"]},{"damage_healed":0,"gold_gain":175,"player_choice":"AGREE","damage_taken":0,"max_hp_gain":0,"max_hp_loss":0,"event_name":"Liars Game","floor":4,"gold_loss":0,"cards_obtained":["Doubt"]}],"is_beta":false,"boss_relics":[],"items_purged_floors":[5],"is_endless":false,"potions_floor_spawned":[6,8,12,13,14],"killed_by":"Fading Forest","ascension_level":12}}