{"host":"iphsb0ccnjx0pfn6","time":1611122295,"event":{"mods":["2.2 Compatiblity","AchievementEnabler","BaseMod","Colored Map","DeckTracker","Keyboard Shortcuts","Minty Spire (QoL Compilation)","Permanent Neow","Quick Restart","Relic Stats","StSLib","SuperFastMode","Uncapped","everything is the same but u backflip on backflip"],"gold_per_floor":[366,366,376,150,150,150,166,166,166,185,85,113,113,113,113,113,113],"floor_reached":16,"language":"KOR","playtime":342,"items_purged":["Injury","Strike_B"],"score":196,"play_id":"e6289a84-b13f-4386-8fb3-ef9372bab80c","local_time":"20210120145815","is_ascension_mode":true,"campfire_choices":[{"data":"Dualcast","floor":6.0,"key":"SMITH"},{"data":"Zap","floor":8.0,"key":"SMITH"},{"data":"Redo","floor":15.0,"key":"SMITH"}],"circlet_count":0,"master_deck":["AscendersBane","Strike_B","Strike_B","Strike_B","Defend_B","Defend_B","Defend_B","Defend_B","Zap+1","Dualcast+1","Darkness+1","Genetic Algorithm","Impatience","Coolheaded+1","Redo+1"],"relics":["Cracked Core","Cables","Juzu Bracelet","StoneCalendar"],"acts_visited":["Exordium"],"potions_floor_usage":[16,16],"damage_taken":[{"damage":4.0,"enemies":"Small Slimes","floor":1.0,"turns":3.0},{"damage":1.0,"enemies":"Cultist","floor":3.0,"turns":4.0},{"damage":7.0,"enemies":"Jaw Worm","floor":7.0,"turns":3.0},{"damage":4.0,"enemies":"Looter","floor":10.0,"turns":3.0},{"damage":15.0,"enemies":"Lagavulin","floor":12.0,"turns":7.0},{"damage":19,"enemies":"Slime Boss","floor":16,"turns":6}],"seed_played":"-2343377911546894561","potions_obtained":[{"floor":1.0,"key":"Explosive Potion"},{"floor":10.0,"key":"Ancient Potion"}],"is_trial":false,"path_per_floor":["M","?","M","$","?","R","M","R","T","M","$","E","?","?","R","B"],"character_chosen":"DEFECT","items_purchased":["Impatience","Coolheaded"],"campfire_rested":0,"item_purchase_floors":[4,4],"current_hp_per_floor":[60,60,59,59,59,59,52,52,52,48,48,33,22,22,22,3,3],"gold":113,"neow_bonus":"TWO_FIFTY_GOLD","is_daily":false,"chose_seed":false,"campfire_upgraded":3,"win_rate":0.0,"timestamp":1611122295,"path_taken":["M","?","?","$","?","R","M","R","T","M","$","E","?","?","R","BOSS"],"items_purchased_type":["Card","Card"],"build_version":"2020-12-22","purchased_purges":2,"victory":false,"max_hp_per_floor":[71,71,71,71,71,71,71,71,71,71,71,71,71,71,71,71,71],"relic_stats":{"counters":[6,26],"StoneCalendar":[0],"Juzu Bracelet":1,"obtain_stats":[{"StoneCalendar":13,"Juzu Bracelet":12,"Cracked Core":0,"Cables":9},{"StoneCalendar":5,"Juzu Bracelet":5,"Cracked Core":0,"Cables":3},{"StoneCalendar":20,"Juzu Bracelet":20,"Cracked Core":0,"Cables":10}],"Cables":[13,7,1,5,0]},"card_choices":[{"not_picked":["Go for the Eyes","Gash"],"picked":"Darkness","floor":1.0},{"not_picked":["Reprogram","Stack"],"picked":"Genetic Algorithm","floor":3.0},{"not_picked":["Conserve Battery","Gash","Steam"],"picked":"SKIP","floor":7.0},{"not_picked":["Rebound","Coolheaded"],"picked":"Redo","floor":10.0},{"not_picked":["Aggregate","Redo","Chaos"],"picked":"SKIP","floor":12.0}],"player_experience":1269740,"relics_obtained":[{"floor":9.0,"key":"Cables"},{"floor":12.0,"key":"Juzu Bracelet"}],"event_choices":[{"damage_healed":0.0,"max_hp_gain":0.0,"max_hp_loss":0.0,"gold_gain":0.0,"event_name":"Upgrade Shrine","player_choice":"Upgraded","floor":2.0,"gold_loss":0.0,"damage_taken":0.0,"cards_upgraded":["Darkness"]},{"damage_healed":0.0,"max_hp_gain":0.0,"max_hp_loss":0.0,"gold_gain":0.0,"event_name":"Accursed Blacksmith","player_choice":"Forge","floor":5.0,"gold_loss":0.0,"damage_taken":0.0,"cards_upgraded":["Coolheaded"]},{"damage_healed":0.0,"max_hp_gain":0.0,"max_hp_loss":0.0,"gold_gain":0.0,"event_name":"Scrap Ooze","player_choice":"Success","floor":13.0,"gold_loss":0.0,"damage_taken":11.0,"relics_obtained":["StoneCalendar"]},{"damage_healed":0.0,"max_hp_gain":0.0,"max_hp_loss":0.0,"gold_gain":0.0,"event_name":"Shining Light","player_choice":"Ignored","floor":14.0,"gold_loss":0.0,"damage_taken":0.0}],"is_beta":false,"boss_relics":[],"items_purged_floors":[4,11],"is_endless":false,"potions_floor_spawned":[1,10],"killed_by":"Slime Boss","ascension_level":20}}