{"host":"l8n56n8abrvcftzc","time":1611138233,"event":{"mods":["Aspiration","BaseMod","Better Note","Better Third Choice","Colored Map","DeckTracker","Googly Eyes","Highlight Path","Hubris","Minty Spire (QoL Compilation)","Permanent Neow","Relic Stats","Replay The Spire","StSLib","SuperFastMode","Uncapped"],"gold_per_floor":[112,37,54,67,67,67,93,109,132,143,143,209,240,254,254,254,254,354,354,365,69,87,87,101,127,147,147,173,173,202,202,234,252,252,353,353,364,379,393,393,412,442,442,460,460,460,163,178,178,193,193,193,193,193,43,68,68],"floor_reached":58,"language":"ENG","playtime":3712,"items_purged":["Strike_G","Defend_G","Strike_G","Defend_G"],"score":1361,"play_id":"fb7c3739-fcfd-4351-a3e3-7098c126d74a","local_time":"20210120022353","is_ascension_mode":false,"campfire_choices":[{"data":"Skewer","floor":6.0,"key":"SMITH"},{"floor":11.0,"key":"REST"},{"floor":17.0,"key":"REST"},{"floor":34.0,"key":"RECALL"},{"data":"hubris:TrickCloak","floor":43,"key":"SMITH"},{"data":"Prepared","floor":54,"key":"SMITH"}],"circlet_count":0,"master_deck":["Strike_G+1","Strike_G+1","Defend_G","Survivor","Neutralize+1","Skewer+1","After Image","Hidden Blade","Hidden Blade","Backflip","hubris:TrickCloak+1","PiercingWail","Prepared+1","Accuracy","Prepared","Adrenaline","Blur","Escape Plan","Cloak And Dagger+1","Cloak And Dagger","After Image","Parasite","Concentrate+1","Prepared","Cloak And Dagger","Blade Dance","hubris:Envy","Mayhem+1","Adrenaline","Sucker Punch"],"relics":["Ring of the Snake","Basket Of Snakes","ReplayTheSpireMod:Lightbulb","aspiration:ChemicalBlood","Pen Nib","Cursed Key","aspiration:Lifesprig","aspiration:Stabinomicon","hubris:Zylophone","Replay:Mystery Machine","Dream Catcher","hubris:Stopwatch","Ring of Hypnosis","Whetstone","Frozen Egg 2","hubris:Towel","Centennial Puzzle"],"acts_visited":["Exordium","TheCity","TheBeyond","TheEnding"],"potions_floor_usage":[42,56,57,57,57,57],"damage_taken":[{"damage":0.0,"enemies":"2 Louse","floor":1.0,"turns":3.0},{"damage":1.0,"enemies":"Cultist","floor":3.0,"turns":3.0},{"damage":0.0,"enemies":"Small Slimes","floor":4.0,"turns":4.0},{"damage":17.0,"enemies":"3 Sentries","floor":7.0,"turns":10.0},{"damage":3.0,"enemies":"Looter","floor":8.0,"turns":3.0},{"damage":0.0,"enemies":"2 Fungi Beasts","floor":10.0,"turns":3.0},{"damage":12.0,"enemies":"Gremlin Nob","floor":13.0,"turns":4.0},{"damage":11.0,"enemies":"3 Louse","floor":14.0,"turns":4.0},{"damage":26.0,"enemies":"The Guardian","floor":18.0,"turns":13.0},{"damage":0.0,"enemies":"3 Byrds","floor":20.0,"turns":6.0},{"damage":0.0,"enemies":"Chosen","floor":22.0,"turns":4.0},{"damage":0.0,"enemies":"Centurion and Healer","floor":24.0,"turns":4.0},{"damage":0.0,"enemies":"Book of Stabbing","floor":25.0,"turns":5.0},{"damage":0.0,"enemies":"3 Cultists","floor":26.0,"turns":4.0},{"damage":6.0,"enemies":"Slavers","floor":30.0,"turns":5.0},{"damage":0.0,"enemies":"Book of Stabbing","floor":32.0,"turns":3.0},{"damage":0.0,"enemies":"Snake Plant","floor":33.0,"turns":3.0},{"damage":0.0,"enemies":"Collector","floor":35.0,"turns":4.0},{"damage":0.0,"enemies":"3 Darklings","floor":37.0,"turns":4.0},{"damage":0.0,"enemies":"Orb Walker","floor":38.0,"turns":3.0},{"damage":3.0,"enemies":"3 Darklings","floor":39.0,"turns":4.0},{"damage":0,"enemies":"Maw","floor":41,"turns":3},{"damage":12,"enemies":"Reptomancer","floor":42,"turns":6},{"damage":9,"enemies":"4 Shapes","floor":44,"turns":5},{"damage":3,"enemies":"3 Darklings","floor":48,"turns":3},{"damage":0,"enemies":"Maw","floor":50,"turns":4},{"damage":0,"enemies":"Donu and Deca","floor":52,"turns":5},{"damage":12,"enemies":"Shield and Spear","floor":56,"turns":6},{"damage":38,"enemies":"The Heart","floor":57,"turns":5}],"seed_played":"-8222481495699202773","potions_obtained":[{"floor":7.0,"key":"SpeedPotion"},{"floor":8.0,"key":"Swift Potion"},{"floor":12.0,"key":"AttackPotion"},{"floor":13.0,"key":"Poison Potion"},{"floor":18.0,"key":"Elixir"},{"floor":18.0,"key":"BlessingOfTheForge"},{"floor":22.0,"key":"Energy Potion"},{"floor":39.0,"key":"Adrenaline Potion"},{"floor":42,"key":"Strength Potion"},{"floor":56,"key":"PowerPotion"},{"floor":57,"key":"Flashbang"}],"is_trial":false,"path_per_floor":["M","$","M","M","?","R","E","M","T","M","R","?","E","M","R_BF","PTL","R","B",null,"M","$","M","?","M","E","M","?","T","?","E","?","E","M","R_BF","B",null,"M","M","M","?","M","E","R","M","T","?","$","M","?","M","R_BF","B",null,"R","$","E","B",null],"character_chosen":"THE_SILENT","items_purchased":["aspiration:Lifesprig","Escape Plan","Mayhem+1"],"campfire_rested":2,"item_purchase_floors":[21,21,47],"current_hp_per_floor":[49,49,48,48,48,48,31,28,28,28,49,32,20,9,9,9,30,4,70,70,70,70,64,64,64,64,64,64,51,45,45,45,45,45,45,75,75,75,72,72,72,60,60,51,51,51,51,48,48,48,48,48,75,75,75,63,25],"gold":68,"neow_bonus":"TRANSFORM_TWO_CARDS","is_daily":false,"chose_seed":false,"campfire_upgraded":3,"win_rate":0.0,"timestamp":1611138233,"path_taken":["M","$","M","M","?","R","E","M","T","?","R","?","E","M","R_BF","PTL","R","BOSS","M","$","M","?","M","E","M","?","T","?","E","?","E","M","R_BF","BOSS","M","M","?","?","M","E","R","M","T","?","$","M","?","?","R_BF","BOSS","R","$","E","BOSS"],"items_purchased_type":["Relic","Card","Card"],"build_version":"2020-12-22","purchased_purges":4,"victory":true,"max_hp_per_floor":[70,70,70,70,70,70,70,70,70,70,70,70,70,70,70,70,70,70,70,70,70,70,70,70,70,70,70,70,75,75,75,75,75,75,75,75,75,75,75,75,75,75,75,75,75,75,75,75,75,75,75,75,75,75,75,75,75],"relic_stats":{"Dream Catcher":0,"Centennial Puzzle":[3],"counters":[29,133],"Pen Nib":[35],"Whetstone":["Strike_G","Strike_G"],"Cursed Key":2,"obtain_stats":[{"aspiration:Lifesprig":21,"Ring of Hypnosis":40,"Basket Of Snakes":7,"Pen Nib":13,"aspiration:Stabinomicon":25,"Whetstone":42,"Replay:Mystery Machine":31,"Frozen Egg 2":45,"hubris:Towel":46,"Cursed Key":19,"hubris:Zylophone":30,"Dream Catcher":32,"Centennial Puzzle":56,"hubris:Stopwatch":36,"ReplayTheSpireMod:Lightbulb":9,"Ring of the Snake":0,"aspiration:ChemicalBlood":12},{"aspiration:Lifesprig":10,"Ring of Hypnosis":21,"Basket Of Snakes":4,"Pen Nib":7,"aspiration:Stabinomicon":13,"Whetstone":23,"Replay:Mystery Machine":15,"Frozen Egg 2":24,"hubris:Towel":24,"Cursed Key":9,"hubris:Zylophone":15,"Dream Catcher":16,"Centennial Puzzle":28,"hubris:Stopwatch":18,"ReplayTheSpireMod:Lightbulb":5,"Ring of the Snake":0,"aspiration:ChemicalBlood":6},{"aspiration:Lifesprig":53,"Ring of Hypnosis":96,"Basket Of Snakes":20,"Pen Nib":30,"aspiration:Stabinomicon":66,"Whetstone":105,"Replay:Mystery Machine":75,"Frozen Egg 2":110,"hubris:Towel":110,"Cursed Key":47,"hubris:Zylophone":75,"Dream Catcher":78,"Centennial Puzzle":128,"hubris:Stopwatch":85,"ReplayTheSpireMod:Lightbulb":23,"Ring of the Snake":0,"aspiration:ChemicalBlood":26}],"Ring of the Snake":[58]},"card_choices":[{"not_picked":["Bane","hubris:SlightOfHand"],"picked":"Hidden Blade","floor":1.0},{"not_picked":["Outmaneuver","Poisoned Stab","Riddle With Holes"],"picked":"SKIP","floor":3.0},{"not_picked":["Underhanded Strike","All Out Attack"],"picked":"Hidden Blade","floor":4.0},{"not_picked":["Dash","Finisher","Slice"],"picked":"SKIP","floor":7.0},{"not_picked":["Caltrops","Acrobatics"],"picked":"Backflip","floor":8.0},{"not_picked":["Crippling Poison","ReplayTheSpireMod:Shiv Toss"],"picked":"hubris:TrickCloak","floor":10.0},{"not_picked":["hubris:SlightOfHand","Crippling Poison"],"picked":"PiercingWail","floor":12.0},{"not_picked":["Crippling Poison","Deflect"],"picked":"Prepared","floor":12.0},{"not_picked":["Sneak Up","hubris:SlightOfHand"],"picked":"Accuracy","floor":13.0},{"not_picked":["hubris:SlightOfHand","Dagger Throw"],"picked":"Prepared","floor":14.0},{"not_picked":["Wraith Form v2","ReplayTheSpireMod:From All Sides"],"picked":"Adrenaline","floor":18.0},{"not_picked":["Outmaneuver","Dagger Throw+1"],"picked":"Blur","floor":20.0},{"not_picked":["Backflip","ReplayTheSpireMod:Exploit Weakness"],"picked":"Cloak And Dagger+1","floor":22.0},{"not_picked":["PiercingWail","Prepared"],"picked":"Cloak And Dagger","floor":24.0},{"not_picked":["Endless Agony","Concentrate"],"picked":"After Image","floor":25.0},{"not_picked":["PiercingWail","Quick Slash","Bane"],"picked":"SKIP","floor":26.0},{"not_picked":["Catalyst","Quick Slash","PiercingWail"],"picked":"SKIP","floor":30.0},{"not_picked":["PiercingWail","Underhanded Strike+1","Deflect"],"picked":"SKIP","floor":32.0},{"not_picked":["Setup+1","Underhanded Strike"],"picked":"Concentrate+1","floor":33.0},{"not_picked":["Poisoned Stab","Backflip"],"picked":"Prepared","floor":37.0},{"not_picked":["Crippling Poison","Backflip","Flying Knee+1"],"picked":"SKIP","floor":38.0},{"not_picked":["Crippling Poison+1","Masterful Stab+1","Underhanded Strike+1"],"picked":"SKIP","floor":39.0},{"not_picked":["Dagger Throw","hubris:Counter"],"picked":"Cloak And Dagger","floor":41},{"not_picked":["Underhanded Strike+1","Masterful Stab+1","Dagger Throw+1"],"picked":"SKIP","floor":42},{"not_picked":["Underhanded Strike+1","Masterful Stab+1","Dagger Throw+1"],"picked":"SKIP","floor":42},{"not_picked":["Outmaneuver","Quick Slash"],"picked":"Blade Dance","floor":44},{"not_picked":["hubris:SlightOfHand","Replay:Poison Smokescreen","Predator"],"picked":"SKIP","floor":48},{"not_picked":["Bane+1","Bouncing Flask+1","Deflect"],"picked":"SKIP","floor":50},{"not_picked":["ReplayTheSpireMod:Tripwire+1","Backflip","Sucker Punch"],"picked":"SKIP","floor":56}],"player_experience":764130,"relics_obtained":[{"floor":7.0,"key":"Basket Of Snakes"},{"floor":9.0,"key":"ReplayTheSpireMod:Lightbulb"},{"floor":12.0,"key":"aspiration:ChemicalBlood"},{"floor":13.0,"key":"Pen Nib"},{"floor":25.0,"key":"aspiration:Stabinomicon"},{"floor":30.0,"key":"hubris:Zylophone"},{"floor":32.0,"key":"Dream Catcher"},{"floor":40,"key":"Ring of Hypnosis"},{"floor":42,"key":"Whetstone"},{"floor":45,"key":"Frozen Egg 2"},{"floor":56,"key":"Centennial Puzzle"}],"event_choices":[{"damage_healed":0.0,"max_hp_gain":0.0,"max_hp_loss":0.0,"gold_gain":0.0,"event_name":"Accursed Blacksmith","player_choice":"Forge","floor":5.0,"gold_loss":0.0,"damage_taken":0.0,"cards_upgraded":["Neutralize"]},{"damage_healed":0.0,"max_hp_gain":0.0,"max_hp_loss":0.0,"gold_gain":0.0,"event_name":"Knowing Skull","player_choice":"","floor":23.0,"potions_obtained":[],"gold_loss":0.0,"damage_taken":6.0,"cards_obtained":[]},{"cards_removed":["Defend_G"],"damage_healed":0.0,"max_hp_gain":0.0,"max_hp_loss":0.0,"gold_gain":0.0,"event_name":"betterNote:BetterNote","player_choice":"Give","floor":27.0,"gold_loss":0.0,"damage_taken":0.0,"cards_obtained":["Defend_R"]},{"damage_healed":0.0,"max_hp_gain":5.0,"max_hp_loss":0.0,"gold_gain":0.0,"event_name":"Forgotten Altar","player_choice":"Shed Blood","floor":29.0,"gold_loss":0.0,"damage_taken":18.0}],"is_beta":false,"boss_relics":[{"not_picked":["Runic Pyramid","Coffee Dripper"],"picked":"Cursed Key"},{"not_picked":["hubris:GrandSneckoEye","Snecko Scales"],"picked":"hubris:Stopwatch"}],"items_purged_floors":[2,21,47,55],"is_endless":false,"potions_floor_spawned":[7,8,13,18,22,24,30,33,35,37,39,48,50],"ascension_level":0}}