{"host":"vfh4a5lsno7fg1vy","time":1611125801,"event":{"mods":["BaseMod","Colored Map","Minty Spire (QoL Compilation)","StSLib","Synergy Search"],"gold_per_floor":[119,34,34,54,3,3,33,49,73,106,119,131,143,178,178,283,283,302,318,334,334,348,377,377,404,483,497,497,830,124,137,137,239,289,302,314,314,369,385,414,427,427,450,450,450,463,463,495,495,495],"floor_reached":51,"language":"KOR","playtime":3592,"items_purged":["Strike_R"],"score":901,"play_id":"2d99310f-ddb0-4248-8a1a-dbeee9773424","local_time":"20210120155641","is_ascension_mode":true,"campfire_choices":[{"data":"Pommel Strike","floor":6.0,"key":"SMITH"},{"data":"Armaments","floor":15.0,"key":"SMITH"},{"floor":24.0,"key":"REST"},{"data":"Strike_R","floor":28.0,"key":"PURGE"},{"data":"Strike_R","floor":32.0,"key":"PURGE"},{"data":"Doubt","floor":44.0,"key":"PURGE"},{"data":"Defend_R","floor":47.0,"key":"PURGE"},{"floor":49.0,"key":"REST"}],"circlet_count":0,"master_deck":["Strike_R","Strike_R","Defend_R","Defend_R","Defend_R","Bash","Pommel Strike+1","PanicButton","Clothesline","Battle Trance","Spot Weakness","Armaments+1","Blood for Blood","Metallicize","Anger","Blood for Blood","Limit Break","Spot Weakness+1","Combust","Entrench+1","Trip","Mind Blast","Whirlwind","Thunderclap","Entrench+1","Clothesline+1","Reaper+1","Rupture+1","Bloodletting","Sever Soul+1","Disarm","Metamorphosis","Whirlwind+1","Feed+1","Pommel Strike+1","Cleave+1","Whirlwind+1","Violence","Dark Shackles","Trip","Perfected Strike+1","Parasite","Carnage+1","Anger+1","Headbutt+1","Entrench+1","Ghostly Armor+1","Metallicize+1"],"relics":["Black Star","Strawberry","Meat on the Bone","Magic Flower","Ice Cream","Oddly Smooth Stone","Blood Vial","Mercury Hourglass","Bag of Preparation","Happy Flower","Fusion Hammer","Frozen Egg 2","Sundial","Peace Pipe","White Beast Statue","Molten Egg 2","Eternal Feather","Old Coin","Membership Card","Ancient Tea Set","InkBottle","Tiny House","Gambling Chip","Smiling Mask","Dream Catcher","Bronze Scales","Centennial Puzzle","Red Skull"],"acts_visited":[],"potions_floor_usage":[],"damage_taken":[{"damage":16.0,"enemies":"2 Louse","floor":1.0,"turns":4.0},{"damage":6.0,"enemies":"Cultist","floor":4.0,"turns":3.0},{"damage":32.0,"enemies":"Lagavulin","floor":7.0,"turns":8.0},{"damage":0.0,"enemies":"Small Slimes","floor":8.0,"turns":3.0},{"damage":30.0,"enemies":"Gremlin Nob","floor":10.0,"turns":5.0},{"damage":15.0,"enemies":"Gremlin Gang","floor":11.0,"turns":4.0},{"damage":0.0,"enemies":"Large Slime","floor":12.0,"turns":5.0},{"damage":40.0,"enemies":"Exordium Thugs","floor":13.0,"turns":5.0},{"damage":12.0,"enemies":"Lagavulin","floor":14.0,"turns":5.0},{"damage":10.0,"enemies":"Slime Boss","floor":16.0,"turns":7.0},{"damage":24.0,"enemies":"Spheric Guardian","floor":18.0,"turns":4.0},{"damage":6.0,"enemies":"2 Thieves","floor":19.0,"turns":4.0},{"damage":13.0,"enemies":"Chosen and Byrds","floor":20.0,"turns":3.0},{"damage":15.0,"enemies":"Centurion and Healer","floor":22.0,"turns":4.0},{"damage":23.0,"enemies":"Slavers","floor":23.0,"turns":5.0},{"damage":22.0,"enemies":"Gremlin Leader","floor":25.0,"turns":4.0},{"damage":23.0,"enemies":"Snake Plant","floor":27.0,"turns":4.0},{"damage":44.0,"enemies":"Slavers","floor":29.0,"turns":3.0},{"damage":10.0,"enemies":"Chosen and Byrds","floor":31.0,"turns":5.0},{"damage":31.0,"enemies":"Collector","floor":33.0,"turns":8.0},{"damage":48.0,"enemies":"3 Darklings","floor":35.0,"turns":4.0},{"damage":27.0,"enemies":"3 Shapes","floor":36.0,"turns":3.0},{"damage":27.0,"enemies":"2 Orb Walkers","floor":38.0,"turns":3.0},{"damage":18.0,"enemies":"Writhing Mass","floor":39.0,"turns":5.0},{"damage":51.0,"enemies":"Reptomancer","floor":40.0,"turns":6.0},{"damage":45.0,"enemies":"Jaw Worm Horde","floor":41.0,"turns":5.0},{"damage":21.0,"enemies":"4 Shapes","floor":46.0,"turns":1.0},{"damage":45.0,"enemies":"Nemesis","floor":48.0,"turns":7.0},{"damage":48,"enemies":"Time Eater","floor":50,"turns":8}],"seed_played":"-5887344708065921997","potions_obtained":[{"floor":11.0,"key":"PowerPotion"},{"floor":12.0,"key":"Explosive Potion"},{"floor":13.0,"key":"SpeedPotion"},{"floor":16.0,"key":"SkillPotion"},{"floor":19.0,"key":"DuplicationPotion"},{"floor":22.0,"key":"EntropicBrew"},{"floor":23.0,"key":"Swift Potion"},{"floor":27.0,"key":"Explosive Potion"},{"floor":33.0,"key":"HeartOfIron"},{"floor":34.0,"key":"Block Potion"},{"floor":35.0,"key":"BloodPotion"},{"floor":36.0,"key":"DuplicationPotion"},{"floor":38.0,"key":"ColorlessPotion"},{"floor":39.0,"key":"EssenceOfSteel"},{"floor":40.0,"key":"BlessingOfTheForge"},{"floor":41.0,"key":"DuplicationPotion"},{"floor":46.0,"key":"Swift Potion"}],"is_trial":false,"path_per_floor":["M","$","?","M","?","R","E","M","T","E","M","M","M","E","R","B",null,"M","M","M","?","M","E","R","E","T","M","R","E","$","M","R","B",null,"M","M","?","?","M","E","M","?","T","R","?","M","R","E","R","B",null],"character_chosen":"IRONCLAD","items_purchased":["PanicButton","Membership Card","Reaper+1","Rupture+1","Ancient Tea Set","InkBottle","Bloodletting","Sever Soul+1","Disarm","Metamorphosis"],"campfire_rested":2,"item_purchase_floors":[2,30,30,30,30,30,30,30,30,30],"current_hp_per_floor":[64,64,71,65,65,65,45,45,45,33,39,60,41,50,50,61,87,63,60,50,31,37,35,61,60,60,58,58,35,35,58,79,51,92,62,61,51,45,48,36,39,92,92,92,92,71,92,47,92,62],"gold":495,"neow_bonus":"BOSS_RELIC","is_daily":false,"chose_seed":false,"campfire_upgraded":2,"win_rate":0.0,"timestamp":1611125801,"path_taken":["M","$","?","?","?","R","E","?","T","E","M","M","M","E","R","BOSS","M","M","M","?","M","E","R","E","T","M","R","E","?","M","R","BOSS","M","M","?","?","M","E","M","?","T","R","?","M","R","E","R","BOSS"],"items_purchased_type":["Card","Relic","Card","Card","Relic","Relic","Card","Card","Card","Card"],"build_version":"2020-12-22","purchased_purges":1,"victory":true,"max_hp_per_floor":[80,80,87,87,87,87,87,87,87,87,87,87,87,87,87,87,87,87,87,87,87,87,87,87,87,87,87,87,87,87,87,87,87,92,92,92,92,92,92,92,92,92,92,92,92,92,92,92,92,92],"card_choices":[{"not_picked":["Metallicize","Battle Trance"],"picked":"Pommel Strike","floor":1.0},{"not_picked":["Havoc","Perfected Strike"],"picked":"Clothesline","floor":4.0},{"not_picked":["Sever Soul","Evolve"],"picked":"Battle Trance","floor":7.0},{"not_picked":["Iron Wave","Seeing Red"],"picked":"Spot Weakness","floor":8.0},{"not_picked":["Pummel","Perfected Strike"],"picked":"Armaments","floor":10.0},{"not_picked":["Shrug It Off","Headbutt"],"picked":"Blood for Blood","floor":11.0},{"not_picked":["Disarm","Battle Trance"],"picked":"Metallicize","floor":12.0},{"not_picked":["Warcry","Twin Strike"],"picked":"Anger","floor":13.0},{"not_picked":["Body Slam","Berserk"],"picked":"Blood for Blood","floor":14.0},{"not_picked":["Offering","Barricade"],"picked":"Limit Break","floor":16.0},{"not_picked":["Headbutt","Sword Boomerang+1"],"picked":"Spot Weakness+1","floor":18.0},{"not_picked":["Heavy Blade","Seeing Red"],"picked":"Combust","floor":19.0},{"not_picked":["Sword Boomerang+1","Headbutt"],"picked":"Entrench","floor":20.0},{"not_picked":["Dropkick","Perfected Strike"],"picked":"Whirlwind","floor":22.0},{"not_picked":["Twin Strike","Warcry"],"picked":"Havoc+1","floor":23.0},{"not_picked":["Perfected Strike","Clothesline+1"],"picked":"Thunderclap","floor":25.0},{"not_picked":["Body Slam+1","Armaments"],"picked":"Entrench+1","floor":27.0},{"not_picked":["Burning Pact","Reckless Charge+1"],"picked":"Clothesline+1","floor":29.0},{"not_picked":["Clash+1","Armaments"],"picked":"Whirlwind+1","floor":31.0},{"not_picked":["Berserk+1","Exhume"],"picked":"Feed+1","floor":33.0},{"not_picked":["Body Slam+1","Warcry+1"],"picked":"Pommel Strike+1","floor":34.0},{"not_picked":["Thunderclap+1","Pommel Strike+1"],"picked":"Cleave+1","floor":35.0},{"not_picked":["Shrug It Off+1","True Grit+1"],"picked":"Whirlwind+1","floor":36.0},{"not_picked":["PanicButton","Mind Blast+1"],"picked":"Violence","floor":37.0},{"not_picked":["Transmutation","Mind Blast+1"],"picked":"Dark Shackles","floor":37.0},{"not_picked":["Flash of Steel+1","Jack Of All Trades"],"picked":"Trip","floor":37.0},{"not_picked":["Iron Wave+1","Bloodletting"],"picked":"Perfected Strike+1","floor":38.0},{"not_picked":["Clothesline+1","Clash+1"],"picked":"Carnage+1","floor":39.0},{"not_picked":["Spot Weakness","True Grit+1"],"picked":"Anger+1","floor":40.0},{"not_picked":["Hemokinesis+1","Pummel+1"],"picked":"Headbutt+1","floor":41.0},{"not_picked":["Shrug It Off","Rage"],"picked":"Entrench+1","floor":46.0},{"not_picked":["Warcry+1","Spot Weakness+1"],"picked":"Ghostly Armor+1","floor":48.0},{"not_picked":["Armaments","Pommel Strike+1"],"picked":"Metallicize+1","floor":49.0}],"player_experience":200397,"relics_obtained":[{"floor":3.0,"key":"Strawberry"},{"floor":7.0,"key":"Magic Flower"},{"floor":7.0,"key":"Ice Cream"},{"floor":9.0,"key":"Oddly Smooth Stone"},{"floor":10.0,"key":"Blood Vial"},{"floor":10.0,"key":"Mercury Hourglass"},{"floor":14.0,"key":"Bag of Preparation"},{"floor":14.0,"key":"Happy Flower"},{"floor":23.0,"key":"Frozen Egg 2"},{"floor":23.0,"key":"Sundial"},{"floor":25.0,"key":"Peace Pipe"},{"floor":25.0,"key":"White Beast Statue"},{"floor":26.0,"key":"Molten Egg 2"},{"floor":29.0,"key":"Eternal Feather"},{"floor":29.0,"key":"Old Coin"},{"floor":38.0,"key":"Gambling Chip"},{"floor":40.0,"key":"Smiling Mask"},{"floor":40.0,"key":"Dream Catcher"},{"floor":43.0,"key":"Bronze Scales"},{"floor":48.0,"key":"Centennial Puzzle"},{"floor":48.0,"key":"Red Skull"}],"event_choices":[{"damage_healed":0.0,"max_hp_gain":0.0,"max_hp_loss":0.0,"gold_gain":0.0,"event_name":"Wheel of Change","player_choice":"Relic","floor":3.0,"gold_loss":0.0,"damage_taken":0.0},{"damage_healed":0.0,"max_hp_gain":0.0,"max_hp_loss":0.0,"gold_gain":0.0,"event_name":"WeMeetAgain","player_choice":"Paid Gold","floor":5.0,"gold_loss":51.0,"damage_taken":0.0,"relics_obtained":["Meat on the Bone"]},{"damage_healed":0.0,"max_hp_gain":0.0,"max_hp_loss":0.0,"gold_gain":0.0,"event_name":"Knowing Skull","player_choice":"CARD CARD ","floor":21.0,"potions_obtained":[],"gold_loss":0.0,"damage_taken":19.0,"cards_obtained":["Trip","Mind Blast"]},{"damage_healed":0.0,"max_hp_gain":0.0,"max_hp_loss":0.0,"gold_gain":0.0,"event_name":"SensoryStone","player_choice":"Memory 3","floor":37.0,"gold_loss":0.0,"damage_taken":10.0},{"damage_healed":0.0,"max_hp_gain":0.0,"max_hp_loss":0.0,"gold_gain":0.0,"event_name":"Mysterious Sphere","player_choice":"Fight","floor":38.0,"gold_loss":0.0,"damage_taken":0.0},{"damage_healed":53.0,"max_hp_gain":0.0,"max_hp_loss":0.0,"gold_gain":0.0,"event_name":"MindBloom","player_choice":"Heal","floor":42.0,"gold_loss":0.0,"damage_taken":0.0,"cards_obtained":["Doubt"]},{"cards_removed":["Havoc"],"damage_healed":5.0,"max_hp_gain":0.0,"max_hp_loss":0.0,"gold_gain":0.0,"event_name":"Bonfire Elementals","player_choice":"Offered Common","floor":45.0,"gold_loss":0.0,"damage_taken":0.0},{"cards_removed":["Havoc"],"damage_healed":5.0,"max_hp_gain":0.0,"max_hp_loss":0.0,"gold_gain":0.0,"event_name":"Bonfire Elementals","player_choice":"Offered Special","floor":45.0,"gold_loss":0.0,"damage_taken":0.0}],"is_beta":false,"boss_relics":[{"not_picked":["Cursed Key","Sozu"],"picked":"Fusion Hammer"},{"not_picked":["Mark of Pain","Runic Dome"],"picked":"Tiny House"}],"items_purged_floors":[30],"is_endless":false,"potions_floor_spawned":[11,12,13,16,19,22,23,27,29,31,33,35,36,38,39,40,41,46,48],"ascension_level":1}}