{"host":"1dhlu4qzehvrzpot","time":1611183053,"event":{"mods":["2.2 Compatiblity","AchievementEnabler","BaseMod","Block Reminder","Minty Spire (QoL Compilation)","Permanent Neow","Quick Restart","Rare Cards Sparkle","Relic Stats","Say the Spire","Slay-I","StSLib","SuperFastMode"],"gold_per_floor":[118,135,205,185,201,226,237,253,308,72,72,91,91,111,111,185,185,199,199,199,216,2,38,66,66,66],"floor_reached":25,"language":"ENG","playtime":743,"items_purged":[],"score":436,"play_id":"6f8e650f-79e9-4cad-935f-b7c09a341bd4","local_time":"20210120235053","is_ascension_mode":true,"campfire_choices":[{"data":"A Thousand Cuts","floor":13,"key":"SMITH"},{"floor":15,"key":"REST"}],"circlet_count":0,"master_deck":["AscendersBane","Strike_G","Strike_G","Strike_G","Strike_G","Strike_G","Defend_G","Defend_G","Defend_G","Defend_G","Defend_G","Survivor","Neutralize","Backflip","Backflip","PiercingWail","Dodge and Roll","Quick Slash","Die Die Die","Flash of Steel+1","A Thousand Cuts+1","Prepared","Dodge and Roll","Dash","Glass Knife","DeceiveReality","Slice","Shrug It Off","Anger"],"relics":["Ring of the Snake","Pocketwatch","Shuriken","Mummified Hand","Bronze Scales","Membership Card","Coffee Dripper","Prayer Wheel","Spirit Poop","CeramicFish","PrismaticShard"],"acts_visited":["Exordium","TheCity"],"potions_floor_usage":[6,16,21,25],"damage_taken":[{"damage":1,"enemies":"Cultist","floor":1,"turns":5},{"damage":5,"enemies":"Small Slimes","floor":2,"turns":6},{"damage":0,"enemies":"Jaw Worm","floor":5,"turns":4},{"damage":10,"enemies":"3 Sentries","floor":6,"turns":13},{"damage":0,"enemies":"Red Slaver","floor":7,"turns":6},{"damage":0,"enemies":"Blue Slaver","floor":8,"turns":7},{"damage":0,"enemies":"Exordium Wildlife","floor":12,"turns":2},{"damage":1,"enemies":"Gremlin Gang","floor":14,"turns":2},{"damage":0,"enemies":"Hexaghost","floor":16,"turns":9},{"damage":0,"enemies":"Shell Parasite","floor":18,"turns":6},{"damage":16,"enemies":"3 Byrds","floor":21,"turns":3},{"damage":16,"enemies":"Centurion and Healer","floor":23,"turns":6},{"damage":0,"enemies":"Snake Plant","floor":24,"turns":5},{"damage":36,"enemies":"Gremlin Leader","floor":25,"turns":6}],"seed_played":"7407399873899785561","potions_obtained":[{"floor":2,"key":"Ancient Potion"},{"floor":4,"key":"SpeedPotion"},{"floor":7,"key":"Fire Potion"},{"floor":12,"key":"BlessingOfTheForge"},{"floor":16,"key":"LiquidBronze"},{"floor":23,"key":"ColorlessPotion"}],"is_trial":false,"path_per_floor":["M","M","T","?","M","E","M","M","T","$","?","M","R","M","R","B",null,"M","?","?","M","$","M","M","E"],"character_chosen":"THE_SILENT","items_purchased":["Membership Card","Die Die Die","Flash of Steel","CeramicFish","Glass Knife","PrismaticShard"],"campfire_rested":1,"item_purchase_floors":[10,10,10,22,22,22],"current_hp_per_floor":[43,38,38,38,38,28,28,28,28,28,28,28,28,27,46,46,61,61,61,61,45,45,29,29,0,0],"gold":66,"neow_bonus":"ONE_RARE_RELIC","is_daily":false,"chose_seed":false,"campfire_upgraded":1,"win_rate":0.0,"timestamp":1611183053,"path_taken":["M","M","?","?","?","E","M","M","T","$","?","?","R","M","R","BOSS","M","?","?","?","$","M","M","E"],"items_purchased_type":["Relic","Card","Card","Relic","Card","Relic"],"build_version":"2020-12-22","purchased_purges":0,"victory":false,"max_hp_per_floor":[66,66,66,66,66,66,66,66,66,66,66,66,66,66,66,66,66,66,66,66,66,66,66,66,66,66],"relic_stats":{"counters":[14,80],"Shuriken":[22],"Mummified Hand":[7],"Bronze Scales":[170],"CeramicFish":45,"Prayer Wheel":3,"obtain_stats":[{"Shuriken":3,"Mummified Hand":6,"Bronze Scales":9,"CeramicFish":22,"Spirit Poop":20,"Prayer Wheel":19,"Coffee Dripper":17,"Membership Card":10,"PrismaticShard":22,"Ring of the Snake":0,"Pocketwatch":0},{"Shuriken":2,"Mummified Hand":4,"Bronze Scales":6,"CeramicFish":11,"Spirit Poop":10,"Prayer Wheel":10,"Coffee Dripper":9,"Membership Card":6,"PrismaticShard":11,"Ring of the Snake":0,"Pocketwatch":0},{"Shuriken":11,"Mummified Hand":28,"Bronze Scales":41,"CeramicFish":63,"Spirit Poop":60,"Prayer Wheel":60,"Coffee Dripper":54,"Membership Card":41,"PrismaticShard":63,"Ring of the Snake":0,"Pocketwatch":0}],"Ring of the Snake":[28],"Pocketwatch":[87]},"card_choices":[{"not_picked":["PiercingWail","Heel Hook"],"picked":"Backflip","floor":1},{"not_picked":["Outmaneuver","PiercingWail"],"picked":"Backflip","floor":2},{"not_picked":["Bouncing Flask","Underhanded Strike"],"picked":"PiercingWail","floor":5},{"not_picked":["Flying Knee","Deflect"],"picked":"Dodge and Roll","floor":6},{"not_picked":["Well Laid Plans","Acrobatics","PiercingWail"],"picked":"SKIP","floor":7},{"not_picked":["Bane","Well Laid Plans"],"picked":"Quick Slash","floor":8},{"not_picked":["A Thousand Cuts","Bane","Catalyst"],"picked":"SKIP","floor":12},{"not_picked":["Bane","Catalyst"],"picked":"A Thousand Cuts","floor":12},{"not_picked":["Skewer","Poisoned Stab","Flying Knee"],"picked":"SKIP","floor":14},{"not_picked":["Reflex+1","Backflip"],"picked":"Prepared","floor":18},{"not_picked":["Prepared","Blur"],"picked":"Dodge and Roll","floor":21},{"not_picked":["PiercingWail","Acrobatics"],"picked":"Dash","floor":21},{"not_picked":["Genetic Algorithm","BattleHymn"],"picked":"DeceiveReality","floor":23},{"not_picked":["FlurryOfBlows","Clothesline"],"picked":"Slice","floor":23},{"not_picked":["EmptyFist","Unload"],"picked":"Shrug It Off","floor":24},{"not_picked":["Escape Plan","Barrage"],"picked":"Anger","floor":24}],"player_experience":528454,"relics_obtained":[{"floor":3,"key":"Shuriken"},{"floor":6,"key":"Mummified Hand"},{"floor":9,"key":"Bronze Scales"}],"event_choices":[{"damage_healed":0,"gold_gain":0,"player_choice":"Bought 1 Potion","damage_taken":0,"max_hp_gain":0,"max_hp_loss":0,"event_name":"The Woman in Blue","floor":4,"gold_loss":0},{"damage_healed":0,"gold_gain":0,"player_choice":"Forge","damage_taken":0,"max_hp_gain":0,"max_hp_loss":0,"event_name":"Accursed Blacksmith","floor":11,"gold_loss":0,"cards_upgraded":["Flash of Steel"]},{"damage_healed":0,"gold_gain":0,"player_choice":"Opened","damage_taken":0,"relics_obtained":["Prayer Wheel"],"max_hp_gain":0,"max_hp_loss":0,"event_name":"The Mausoleum","floor":19,"gold_loss":0,"cards_obtained":["Writhe"]},{"cards_removed":["Writhe"],"damage_healed":0,"gold_gain":0,"player_choice":"Offered Curse","damage_taken":0,"relics_obtained":["Spirit Poop"],"max_hp_gain":0,"max_hp_loss":0,"event_name":"Bonfire Elementals","floor":20,"gold_loss":0}],"is_beta":false,"boss_relics":[{"not_picked":["Runic Dome","Snecko Eye"],"picked":"Coffee Dripper"}],"items_purged_floors":[],"is_endless":false,"potions_floor_spawned":[2,7,8,12,14,16,23,24],"killed_by":"Gremlin Leader","ascension_level":14}}