{"host":"jwbw4f4imxd0v0b0","time":1611185654,"event":{"mods":["BaseMod","Colored Map","Highlight Path","Minty Spire (QoL Compilation)","Relic Stats","StSLib"],"gold_per_floor":[117,60,31,46,56,84,84,84,107,107,121,132,132,161,173,262,274,303,365,427,118,131,161,177,177,177,177,177,277,277,291,291,365,365,376,376,376,701,715,715,744,744,744,744,757,767,767,781,781,781],"floor_reached":51,"language":"ENG","playtime":3351,"items_purged":["Strike_G"],"score":1481,"play_id":"0c7ea337-16f7-4381-9ec8-5f1ef52fea52","local_time":"20210120173414","is_ascension_mode":true,"campfire_choices":[{"data":"Poisoned Stab","floor":7.0,"key":"SMITH"},{"data":"Bouncing Flask","floor":13.0,"key":"SMITH"},{"data":"Blade Dance","floor":15.0,"key":"SMITH"},{"floor":28,"key":"REST"},{"floor":30,"key":"REST"},{"floor":32,"key":"REST"},{"floor":40,"key":"REST"},{"floor":44,"key":"REST"},{"floor":49,"key":"REST"}],"circlet_count":0,"master_deck":["AscendersBane","Strike_G+1","Defend_G+1","Defend_G+1","Defend_G+1","Defend_G+1","Defend_G+1","Survivor","Neutralize","Blade Dance+1","Cloak And Dagger","Calculated Gamble","Poisoned Stab+1","Bouncing Flask+1","Deflect","Blur","Envenom","Catalyst","Noxious Fumes","PiercingWail","Well Laid Plans","Accuracy","Tools of the Trade","Footwork","Bouncing Flask+1","Dodge and Roll","Envenom","Discovery","Bandage Up","Pain","Footwork+1","Accuracy","Footwork","Acrobatics"],"relics":["Ring of the Snake","Snake Skull","Bag of Preparation","Mummified Hand","Juzu Bracelet","MawBank","Fusion Hammer","Ornamental Fan","HornCleat","Dead Branch","StrikeDummy","SacredBark","WarpedTongs","Old Coin","Ancient Tea Set","White Beast Statue","Turnip"],"acts_visited":["Exordium","TheCity","TheBeyond"],"potions_floor_usage":[24,39,50],"damage_taken":[{"damage":1.0,"enemies":"Small Slimes","floor":1.0,"turns":4.0},{"damage":0.0,"enemies":"Cultist","floor":4.0,"turns":3.0},{"damage":0.0,"enemies":"2 Louse","floor":5.0,"turns":3.0},{"damage":8.0,"enemies":"Gremlin Nob","floor":6.0,"turns":3.0},{"damage":2.0,"enemies":"Blue Slaver","floor":11.0,"turns":4.0},{"damage":2.0,"enemies":"Red Slaver","floor":12.0,"turns":5.0},{"damage":4.0,"enemies":"Lagavulin","floor":14.0,"turns":5.0},{"damage":9.0,"enemies":"Hexaghost","floor":16.0,"turns":8.0},{"damage":7.0,"enemies":"Chosen","floor":18.0,"turns":3.0},{"damage":0.0,"enemies":"Spheric Guardian","floor":22.0,"turns":2.0},{"damage":0.0,"enemies":"Gremlin Leader","floor":23.0,"turns":6.0},{"damage":24,"enemies":"Shelled Parasite and Fungi","floor":24,"turns":4},{"damage":0,"enemies":"Colosseum Slavers","floor":29,"turns":5},{"damage":25,"enemies":"Colosseum Nobs","floor":29,"turns":5},{"damage":0,"enemies":"Centurion and Healer","floor":31,"turns":4},{"damage":0,"enemies":"Champ","floor":33,"turns":6},{"damage":0,"enemies":"Orb Walker","floor":35,"turns":2},{"damage":0,"enemies":"Mind Bloom Boss Battle","floor":38,"turns":4},{"damage":9,"enemies":"3 Darklings","floor":39,"turns":4},{"damage":22,"enemies":"Nemesis","floor":41,"turns":5},{"damage":3,"enemies":"Maw","floor":45,"turns":5},{"damage":12,"enemies":"Spire Growth","floor":46,"turns":3},{"damage":1,"enemies":"Sphere and 2 Shapes","floor":48,"turns":5},{"damage":85,"enemies":"Time Eater","floor":50,"turns":12}],"seed_played":"4447051601206605316","potions_obtained":[{"floor":1.0,"key":"PowerPotion"},{"floor":6.0,"key":"LiquidMemories"},{"floor":8.0,"key":"AttackPotion"},{"floor":23.0,"key":"Energy Potion"},{"floor":29,"key":"Energy Potion"},{"floor":38,"key":"Swift Potion"},{"floor":41,"key":"EssenceOfSteel"},{"floor":45,"key":"Regen Potion"},{"floor":46,"key":"FairyPotion"}],"is_trial":false,"path_per_floor":["M","?","$","M","M","E","R","?","T","?","M","M","R","E","R","B",null,"M","?","?","$","M","E","M","?","T","?","R","?","R","M","R","B",null,"M","?","?","?","M","R","E","T","T","R","M","M","?","M","R","B",null],"character_chosen":"THE_SILENT","items_purchased":["Cloak And Dagger","Noxious Fumes","PiercingWail","GhostInAJar"],"campfire_rested":6,"item_purchase_floors":[3,21,21,21],"current_hp_per_floor":[58,58,58,58,58,50,50,50,50,50,48,46,46,42,42,33,58,51,51,51,51,51,51,27,27,27,27,46,21,40,40,59,59,64,64,54,54,54,49,66,48,48,48,66,66,54,54,57,66,34],"gold":781,"neow_bonus":"RANDOM_COMMON_RELIC","is_daily":false,"chose_seed":false,"campfire_upgraded":3,"win_rate":0.0,"timestamp":1611185654,"path_taken":["M","?","?","M","M","E","R","?","T","?","M","M","R","E","R","BOSS","M","?","?","$","M","E","M","?","T","?","R","?","R","M","R","BOSS","M","?","?","?","M","R","E","?","T","R","M","M","?","M","R","BOSS"],"items_purchased_type":["Card","Card","Card","Potion"],"build_version":"2020-12-22","purchased_purges":1,"victory":true,"max_hp_per_floor":[66,66,66,66,66,66,66,66,66,66,66,66,66,66,66,66,66,66,66,66,66,66,66,66,66,66,66,66,66,66,66,66,66,66,66,66,66,66,66,66,66,66,66,66,66,66,66,66,66,66],"relic_stats":{"counters":[24,110],"Mummified Hand":[96],"Ornamental Fan":[124],"Dead Branch":[119],"Snake Skull":[309],"Turnip":[10],"Bag of Preparation":[46],"Juzu Bracelet":3,"MawBank":84,"obtain_stats":[{"Dead Branch":29,"SacredBark":34,"Snake Skull":0,"Bag of Preparation":2,"Juzu Bracelet":9,"MawBank":14,"Ancient Tea Set":41,"White Beast Statue":42,"WarpedTongs":37,"Old Coin":38,"HornCleat":26,"Mummified Hand":6,"Ornamental Fan":23,"Fusion Hammer":17,"Turnip":43,"StrikeDummy":29,"Ring of the Snake":0},{"Dead Branch":14,"SacredBark":16,"Snake Skull":0,"Bag of Preparation":1,"Juzu Bracelet":4,"MawBank":7,"Ancient Tea Set":20,"White Beast Statue":20,"WarpedTongs":17,"Old Coin":18,"HornCleat":12,"Mummified Hand":4,"Ornamental Fan":11,"Fusion Hammer":8,"Turnip":20,"StrikeDummy":14,"Ring of the Snake":0},{"Dead Branch":60,"SacredBark":70,"Snake Skull":0,"Bag of Preparation":4,"Juzu Bracelet":13,"MawBank":27,"Ancient Tea Set":85,"White Beast Statue":85,"WarpedTongs":72,"Old Coin":76,"HornCleat":50,"Mummified Hand":13,"Ornamental Fan":46,"Fusion Hammer":35,"Turnip":85,"StrikeDummy":60,"Ring of the Snake":0}],"Ring of the Snake":[48],"WarpedTongs":[37]},"card_choices":[{"not_picked":["Masterful Stab","Finisher"],"picked":"Blade Dance","floor":1.0},{"not_picked":["Acrobatics","Quick Slash","Outmaneuver"],"picked":"SKIP","floor":4.0},{"not_picked":["Quick Slash","Outmaneuver"],"picked":"Calculated Gamble","floor":5.0},{"not_picked":["Choke","Underhanded Strike"],"picked":"Poisoned Stab","floor":6.0},{"not_picked":["Dodge and Roll","Concentrate"],"picked":"Bouncing Flask","floor":11.0},{"not_picked":["Infinite Blades","Concentrate"],"picked":"Deflect","floor":12.0},{"not_picked":["Eviscerate","Reflex"],"picked":"Blur","floor":14.0},{"not_picked":["Tools of the Trade","Die Die Die"],"picked":"Envenom","floor":16.0},{"not_picked":["Deadly Poison","Prepared"],"picked":"Catalyst","floor":18.0},{"not_picked":["Flying Knee","Poisoned Stab"],"picked":"Well Laid Plans","floor":22.0},{"not_picked":["Glass Knife","Malaise"],"picked":"Accuracy","floor":23.0},{"not_picked":["Acrobatics","Well Laid Plans","Dodge and Roll"],"picked":"SKIP","floor":24},{"not_picked":["Deflect","Backflip"],"picked":"Bouncing Flask+1","floor":29},{"not_picked":["Slice","Bane"],"picked":"Dodge and Roll","floor":31},{"not_picked":["A Thousand Cuts","After Image"],"picked":"Envenom","floor":33},{"not_picked":["Bouncing Flask","Choke","Slice+1"],"picked":"SKIP","floor":35},{"not_picked":["Purity","Enlightenment"],"picked":"Discovery","floor":36},{"not_picked":["Dramatic Entrance","Forethought"],"picked":"Bandage Up","floor":36},{"not_picked":["Masterful Stab+1","Accuracy"],"picked":"Footwork+1","floor":38},{"not_picked":["Outmaneuver","PiercingWail"],"picked":"Accuracy","floor":39},{"not_picked":["Concentrate","Dagger Spray","Bane+1"],"picked":"SKIP","floor":41},{"not_picked":["Well Laid Plans","Sucker Punch"],"picked":"Footwork","floor":45},{"not_picked":["Cloak And Dagger","Flying Knee"],"picked":"Acrobatics","floor":46},{"not_picked":["Prepared","Setup","Bane"],"picked":"SKIP","floor":48}],"player_experience":1101574,"relics_obtained":[{"floor":6.0,"key":"Mummified Hand"},{"floor":9.0,"key":"Juzu Bracelet"},{"floor":14.0,"key":"MawBank"},{"floor":23.0,"key":"Ornamental Fan"},{"floor":26,"key":"HornCleat"},{"floor":29,"key":"Dead Branch"},{"floor":29,"key":"StrikeDummy"},{"floor":38,"key":"Old Coin"},{"floor":41,"key":"Ancient Tea Set"},{"floor":42,"key":"White Beast Statue"},{"floor":43,"key":"Turnip"}],"event_choices":[{"damage_healed":0.0,"max_hp_gain":0.0,"max_hp_loss":0.0,"gold_gain":0.0,"event_name":"WeMeetAgain","player_choice":"Paid Gold","floor":2.0,"gold_loss":57.0,"damage_taken":0.0,"relics_obtained":["Bag of Preparation"]},{"damage_healed":0.0,"max_hp_gain":0.0,"max_hp_loss":0.0,"gold_gain":0.0,"event_name":"Lab","player_choice":"Got Potions","floor":8.0,"gold_loss":0.0,"damage_taken":0.0},{"damage_healed":0.0,"max_hp_gain":0.0,"max_hp_loss":0.0,"gold_gain":0.0,"event_name":"Liars Game","player_choice":"Ignored","floor":10.0,"gold_loss":0.0,"damage_taken":0.0},{"damage_healed":0.0,"max_hp_gain":0.0,"max_hp_loss":0.0,"gold_gain":50.0,"event_name":"Nest","player_choice":"Stole From Cult","floor":19.0,"gold_loss":0.0,"damage_taken":0.0},{"damage_healed":0.0,"max_hp_gain":0.0,"max_hp_loss":0.0,"gold_gain":50.0,"event_name":"Golden Shrine","player_choice":"Pray","floor":20.0,"gold_loss":0.0,"damage_taken":0.0},{"damage_healed":0,"gold_gain":0,"player_choice":"Simplicity","damage_taken":0,"max_hp_gain":0,"max_hp_loss":0,"event_name":"Back to Basics","floor":25,"gold_loss":0,"cards_upgraded":["Strike_G","Strike_G","Strike_G","Strike_G","Defend_G","Defend_G","Defend_G","Defend_G","Defend_G"]},{"damage_healed":0,"gold_gain":0,"cards_transformed":["Strike_G","Strike_G"],"player_choice":"Became Test Subject","damage_taken":0,"max_hp_gain":0,"max_hp_loss":0,"event_name":"Drug Dealer","floor":27,"gold_loss":0,"cards_obtained":["Tools of the Trade","Footwork"]},{"damage_healed":0,"gold_gain":0,"player_choice":"Fight","damage_taken":0,"max_hp_gain":0,"max_hp_loss":0,"event_name":"Colosseum","floor":29,"gold_loss":0},{"damage_healed":0,"gold_gain":0,"player_choice":"Fought Nobs","damage_taken":0,"max_hp_gain":0,"max_hp_loss":0,"event_name":"Colosseum","floor":29,"gold_loss":0},{"damage_healed":0,"gold_gain":0,"player_choice":"Memory 3","damage_taken":10,"max_hp_gain":0,"max_hp_loss":0,"event_name":"SensoryStone","floor":36,"gold_loss":0},{"damage_healed":0,"gold_gain":0,"player_choice":"Rummage","damage_taken":0,"relics_obtained":["WarpedTongs"],"max_hp_gain":0,"max_hp_loss":0,"event_name":"Accursed Blacksmith","floor":37,"gold_loss":0,"cards_obtained":["Pain"]},{"damage_healed":0,"gold_gain":0,"player_choice":"Fight","damage_taken":0,"max_hp_gain":0,"max_hp_loss":0,"event_name":"MindBloom","floor":38,"gold_loss":0},{"cards_removed":["Strike_G"],"damage_healed":0,"gold_gain":0,"player_choice":"Removed Attack","damage_taken":0,"max_hp_gain":0,"max_hp_loss":0,"event_name":"Falling","floor":47,"gold_loss":0}],"is_beta":false,"boss_relics":[{"not_picked":["Calling Bell","Astrolabe"],"picked":"Fusion Hammer"},{"not_picked":["HoveringKite","Velvet Choker"],"picked":"SacredBark"}],"items_purged_floors":[21],"is_endless":false,"potions_floor_spawned":[1,6,11,23,29,38,41,45,46,48],"ascension_level":18}}