{"host":"2pffx5rqbod9ds0c","time":1611109535,"event":{"mods":["BaseMod","Better Altar","Better Match","Better Note","Better Sensory Stone","Better Skull","Better Third Choice","Custom Start","Hubris","Minty Spire (QoL Compilation)","Quick Restart","Relic Stats","Spicy Shops","StSLib","The Marked"],"gold_per_floor":[110,77,77,91,104,132,132,161,161,161,261,280,295,295,295,393,393,409,409,409,409,428,460,78,91,114,114,148,70,85,118,118,118,118],"floor_reached":33,"language":"ENG","playtime":1114,"items_purged":["theMarked:Strike"],"score":355,"play_id":"04dafe48-628d-49b1-9478-b004ee7cbc03","local_time":"20210119182535","is_ascension_mode":true,"campfire_choices":[{"data":"theMarked:EmpowerWeapon","floor":7.0,"key":"SMITH"},{"data":"theMarked:SoldierOfQuellstein","floor":10.0,"key":"SMITH"},{"floor":15.0,"key":"REST"},{"data":"theMarked:ResourceFulStrike","floor":27.0,"key":"SMITH"},{"data":"Panacea","floor":32,"key":"SMITH"}],"circlet_count":0,"master_deck":["theMarked:Strike","theMarked:Strike","theMarked:Strike","theMarked:Defend","theMarked:Defend","theMarked:Defend","theMarked:Defend","theMarked:SoldierOfQuellstein+1","Panacea+1","theMarked:EmpowerWeapon+1","theMarked:ResourceFulStrike+1","theMarked:Improvise+1","theMarked:ChannelForce+1","theMarked:BindingBlade+1","theMarked:EmpowerWeapon+1","theMarked:Indomitable+1"],"relics":["theMarked:BronzeBlade","betterThird:SlimedRelic","Toxic Egg 2","Bag of Preparation","Vajra","Mercury Hourglass","Bag of Marbles","PreservedInsect","hubris:SlimyHat","hubris:Reverence","theMarked:SecretDocuments","Orichalcum"],"acts_visited":["Exordium","TheCity"],"potions_floor_usage":[31,33],"damage_taken":[{"damage":4.0,"enemies":"Jaw Worm","floor":1.0,"turns":4.0},{"damage":0.0,"enemies":"2 Louse","floor":4.0,"turns":2.0},{"damage":1.0,"enemies":"Cultist","floor":5.0,"turns":3.0},{"damage":34.0,"enemies":"Gremlin Nob","floor":6.0,"turns":4.0},{"damage":4.0,"enemies":"3 Sentries","floor":8.0,"turns":7.0},{"damage":1.0,"enemies":"2 Fungi Beasts","floor":12.0,"turns":3.0},{"damage":4.0,"enemies":"Exordium Wildlife","floor":13.0,"turns":4.0},{"damage":14.0,"enemies":"Hexaghost","floor":16.0,"turns":8.0},{"damage":9.0,"enemies":"3 Byrds","floor":18.0,"turns":5.0},{"damage":7.0,"enemies":"Chosen","floor":22.0,"turns":4.0},{"damage":29.0,"enemies":"Gremlin Leader","floor":23.0,"turns":7.0},{"damage":2.0,"enemies":"Snake Plant","floor":25.0,"turns":3.0},{"damage":14.0,"enemies":"Slavers","floor":28.0,"turns":3.0},{"damage":0.0,"enemies":"Snecko","floor":30.0,"turns":3.0},{"damage":0,"enemies":"Gremlin Leader","floor":31,"turns":2},{"damage":19,"enemies":"Collector","floor":33,"turns":3}],"seed_played":"7754081632098218276","potions_obtained":[{"floor":1.0,"key":"theMarked:ChargePotion"},{"floor":8.0,"key":"Energy Potion"},{"floor":13.0,"key":"Weak Potion"},{"floor":25.0,"key":"EssenceOfSteel"},{"floor":30.0,"key":"BlessingOfTheForge"}],"is_trial":false,"path_per_floor":["M","?","$","M","M","E","R","E","T","R","?","M","M","?","R","B",null,"M","?","?","?","M","E","$","M","T","R","E","?","M","E","R","B"],"character_chosen":"THE_DEFAULT","items_purchased":["Bag of Marbles","PreservedInsect"],"campfire_rested":1,"item_purchase_floors":[24,24],"current_hp_per_floor":[66,55,55,55,54,20,20,16,16,16,16,15,11,4,25,11,70,61,61,61,61,54,25,25,23,23,23,9,9,9,9,9,0,0],"gold":118,"neow_bonus":"RANDOM_COLORLESS","is_daily":false,"chose_seed":false,"campfire_upgraded":4,"win_rate":0.0,"timestamp":1611109535,"path_taken":["M","?","?","M","M","E","R","E","T","R","?","M","?","?","R","BOSS","M","?","?","?","M","E","$","?","T","R","E","?","?","E","R","BOSS"],"items_purchased_type":["Relic","Relic"],"build_version":"2020-12-22","purchased_purges":1,"victory":false,"max_hp_per_floor":[70,70,70,70,70,70,70,70,70,70,70,70,70,70,70,70,70,70,70,70,70,70,70,70,70,70,70,70,70,70,70,70,70,70],"relic_stats":{"counters":[16,65],"PreservedInsect":84,"Bag of Preparation":[22],"Orichalcum":[6],"obtain_stats":[{"Vajra":9,"PreservedInsect":24,"Bag of Preparation":8,"hubris:SlimyHat":26,"Orichalcum":31,"Mercury Hourglass":23,"theMarked:ArtifactOfAir":0,"theMarked:SecretDocuments":29,"betterThird:SlimedRelic":2,"theMarked:BronzeBlade":17,"Bag of Marbles":24,"Toxic Egg 2":6,"hubris:Reverence":28},{"Vajra":5,"PreservedInsect":11,"Bag of Preparation":5,"hubris:SlimyHat":12,"Orichalcum":15,"Mercury Hourglass":11,"theMarked:ArtifactOfAir":0,"theMarked:SecretDocuments":13,"betterThird:SlimedRelic":1,"theMarked:BronzeBlade":8,"Bag of Marbles":11,"Toxic Egg 2":4,"hubris:Reverence":13},{"Vajra":20,"PreservedInsect":51,"Bag of Preparation":20,"hubris:SlimyHat":54,"Orichalcum":62,"Mercury Hourglass":51,"theMarked:ArtifactOfAir":0,"theMarked:SecretDocuments":57,"betterThird:SlimedRelic":4,"theMarked:BronzeBlade":35,"Bag of Marbles":51,"Toxic Egg 2":13,"hubris:Reverence":57}],"Mercury Hourglass":[63]},"card_choices":[{"not_picked":["Blind","Mind Blast"],"picked":"Panacea","floor":0.0},{"not_picked":["theMarked:Static","theMarked:BanishingWave"],"picked":"theMarked:EmpowerWeapon","floor":1.0},{"not_picked":["theMarked:RepellingDischarge","theMarked:LightningStrikesTwice","theMarked:SwordAndMagic"],"picked":"SKIP","floor":4.0},{"not_picked":["theMarked:EnhanceMovement","theMarked:Parkour","theMarked:EmpowerWeapon"],"picked":"SKIP","floor":5.0},{"not_picked":["theMarked:RepellingDischarge+1","theMarked:Static+1","theMarked:Parkour"],"picked":"SKIP","floor":6.0},{"not_picked":["theMarked:Snap","theMarked:ContemptForTheProud","theMarked:Static+1"],"picked":"SKIP","floor":8.0},{"not_picked":["theMarked:Polarize+1","theMarked:ComboAttacks","theMarked:ResourceFulStrike"],"picked":"SKIP","floor":12.0},{"not_picked":["theMarked:Polarize+1","theMarked:ComboAttacks"],"picked":"theMarked:ResourceFulStrike","floor":12.0},{"not_picked":["theMarked:ComboAttacks","theMarked:LightningStrikesTwice"],"picked":"theMarked:Improvise+1","floor":13.0},{"not_picked":["theMarked:DispelDoubt","theMarked:SuspiciousRaven+1"],"picked":"theMarked:ChannelForce+1","floor":16.0},{"not_picked":["theMarked:Parkour","theMarked:Standoff","theMarked:Aftermath+1"],"picked":"SKIP","floor":18.0},{"not_picked":["theMarked:HeritageOfTheMarked","theMarked:WastefulAttack","theMarked:Improvise+1"],"picked":"SKIP","floor":22.0},{"not_picked":["theMarked:WastefulDefense+1","theMarked:SummonStrength","theMarked:Static+1"],"picked":"SKIP","floor":23.0},{"not_picked":["theMarked:ChainLightning","theMarked:TunnelVision"],"picked":"theMarked:Indomitable+1","floor":25.0},{"not_picked":["theMarked:SwordAndMagic","theMarked:EmpowerWeapon+1","theMarked:HeightenedSenses+1"],"picked":"SKIP","floor":28.0},{"not_picked":["theMarked:Polarize+1","theMarked:EnhanceMovement+1","theMarked:Panic+1"],"picked":"SKIP","floor":30.0},{"not_picked":["theMarked:ElementalBlade+1","theMarked:WastefulAttack","theMarked:TakeCover+1"],"picked":"SKIP","floor":31}],"player_experience":734825,"relics_obtained":[{"floor":6.0,"key":"Toxic Egg 2"},{"floor":8.0,"key":"Bag of Preparation"},{"floor":9.0,"key":"Vajra"},{"floor":23.0,"key":"Mercury Hourglass"},{"floor":26.0,"key":"hubris:SlimyHat"},{"floor":28.0,"key":"hubris:Reverence"},{"floor":31,"key":"Orichalcum"}],"event_choices":[{"damage_healed":0.0,"max_hp_gain":0.0,"max_hp_loss":0.0,"gold_gain":0.0,"event_name":"betterThird:BetterGoop","player_choice":"Slimed","floor":2.0,"gold_loss":33.0,"damage_taken":11.0},{"damage_healed":0.0,"max_hp_gain":0.0,"max_hp_loss":0.0,"gold_gain":100.0,"event_name":"Golden Shrine","player_choice":"Pray","floor":11.0,"gold_loss":0.0,"damage_taken":0.0},{"cards_removed":["theMarked:Strike"],"damage_healed":0.0,"max_hp_gain":0.0,"max_hp_loss":0.0,"gold_gain":0.0,"event_name":"Golden Wing","player_choice":"Card Removal","floor":14.0,"gold_loss":0.0,"damage_taken":7.0},{"cards_removed":["theMarked:ChannelForce"],"damage_healed":0.0,"max_hp_gain":0.0,"max_hp_loss":0.0,"gold_gain":0.0,"event_name":"betterNote:BetterNote","player_choice":"Take \u0026 Give","floor":19.0,"gold_loss":0.0,"damage_taken":0.0,"cards_obtained":["theMarked:BindingBlade"]},{"damage_healed":0.0,"max_hp_gain":0.0,"max_hp_loss":0.0,"gold_gain":0.0,"event_name":"N\u0027loth","player_choice":"Ignored","floor":21.0,"gold_loss":0.0,"damage_taken":0.0},{"damage_healed":0.0,"max_hp_gain":0.0,"max_hp_loss":0.0,"gold_gain":0.0,"event_name":"WeMeetAgain","player_choice":"Paid Gold","floor":29.0,"gold_loss":78.0,"damage_taken":0.0,"relics_obtained":["theMarked:SecretDocuments"]}],"is_beta":false,"boss_relics":[{"not_picked":["hubris:TerracottaHorce","SacredBark"],"picked":"theMarked:BronzeBlade"}],"items_purged_floors":[24],"is_endless":false,"potions_floor_spawned":[1,8,13,25,30],"killed_by":"Collector","ascension_level":1}}