{"host":"5dk97cf2ubw2v967","time":1611154635,"event":{"mods":["AlwaysNeverKeys","BaseMod","Better Altar","Better Vampires","Block Reminder","Colored Powertips","Downfall","Googly Eyes","Highlight Path","Minty Spire (QoL Compilation)","Permanent Neow","Potion Indicator Mod","Quick Restart","Relic Filter","Relic Stats","Say the Spire","Spicy Shops","StSLib","Waifu the Spire","everything is the same but u backflip on backflip"],"gold_per_floor":[99,113,132,132,142,155,155,210,210,222,73,93,93,110,126,126,126,126],"floor_reached":16,"language":"ENG","playtime":880,"items_purged":["Pride"],"score":154,"play_id":"9c1844b3-57cd-4f09-90e5-6b567b1d7a30","local_time":"20210120145715","is_ascension_mode":true,"campfire_choices":[{"data":"Guardian:TwinSlam","floor":1,"key":"SMITH"},{"floor":13,"key":"REST"}],"circlet_count":0,"master_deck":["Guardian:Strike_Guardian","Guardian:Strike_Guardian","Guardian:Strike_Guardian","Guardian:Defend_Guardian","Guardian:Defend_Guardian","Guardian:Defend_Guardian","Guardian:Defend_Guardian","Guardian:CurlUp","Guardian:TwinSlam+1","Guardian:DecasProtection","Guardian:RefractedBeam","Guardian:TemporalStrike","Guardian:ChargeUp","Guardian:BronzeArmor","Guardian:ShieldCharger","Guardian:BronzeArmor","Guardian:SpikerProtocol"],"relics":["SacredBark","Pear","Ornamental Fan","Oddly Smooth Stone"],"acts_visited":["Exordium"],"potions_floor_usage":[8,8,11,16,16],"damage_taken":[{"damage":1,"enemies":"Cultist","floor":2,"turns":4},{"damage":9,"enemies":"2 Louse","floor":3,"turns":3},{"damage":13,"enemies":"Jaw Worm","floor":5,"turns":5},{"damage":11,"enemies":"Exordium Wildlife","floor":6,"turns":5},{"damage":20,"enemies":"Lagavulin","floor":8,"turns":7},{"damage":6,"enemies":"3 Louse","floor":10,"turns":4},{"damage":0,"enemies":"downfall:FleeingMerchant","floor":11,"turns":4},{"damage":12,"enemies":"Large Slime","floor":12,"turns":7},{"damage":18,"enemies":"Gremlin Gang","floor":14,"turns":7},{"damage":0,"enemies":"2 Fungi Beasts","floor":15,"turns":4},{"damage":17,"enemies":"DF_ARCHETYPE_STREAMLINE","floor":16,"turns":9}],"seed_played":"-3698497156013336368","potions_obtained":[{"floor":2,"key":"sneckomod:MuddlingPotion"},{"floor":3,"key":"sneckomod:MuddlingPotion"},{"floor":5,"key":"ColorlessPotion"},{"floor":14,"key":"Strength Potion"},{"floor":15,"key":"SteroidPotion"}],"is_trial":false,"path_per_floor":["R","M","M","?","M","M","T","E","?","M","$","M","R","M","M","B"],"character_chosen":"GUARDIAN","items_purchased":["Oddly Smooth Stone"],"campfire_rested":1,"item_purchase_floors":[11],"current_hp_per_floor":[72,71,62,62,49,38,48,28,28,22,22,10,37,19,19,2,2,2],"gold":126,"neow_bonus":"BOSS_RELIC","is_daily":false,"chose_seed":false,"campfire_upgraded":1,"win_rate":0.0,"timestamp":1611154635,"path_taken":["R","M","?","?","M","M","T","E","?","M","?","M","R","M","M","BOSS"],"items_purchased_type":["Relic"],"build_version":"2020-12-22","purchased_purges":1,"victory":false,"max_hp_per_floor":[80,80,80,80,80,80,90,90,90,90,90,90,90,90,90,90,90,90],"relic_stats":{"counters":[11,59],"Ornamental Fan":[16],"obtain_stats":[{"Pear":7,"Ornamental Fan":8,"SacredBark":0,"Guardian:ModeShifter":0,"Oddly Smooth Stone":11},{"Pear":4,"Ornamental Fan":5,"SacredBark":0,"Guardian:ModeShifter":0,"Oddly Smooth Stone":7},{"Pear":17,"Ornamental Fan":24,"SacredBark":0,"Guardian:ModeShifter":0,"Oddly Smooth Stone":32}]},"card_choices":[{"not_picked":["Guardian:RollAttack","Guardian:VentSteam"],"picked":"Guardian:DecasProtection","floor":2},{"not_picked":["Guardian:Suspension","Guardian:TemporalShield"],"picked":"Guardian:RefractedBeam","floor":3},{"not_picked":["Guardian:CrystalBeam","Guardian:TemporalShield"],"picked":"Guardian:TemporalStrike","floor":5},{"not_picked":["Guardian:WalkerClaw","Guardian:TemporalShield"],"picked":"Guardian:Gem_Purple","floor":6},{"not_picked":["Guardian:Preprogram","Guardian:MultiBeam"],"picked":"Guardian:ChargeUp","floor":8},{"not_picked":["Guardian:ChargeCore","Guardian:PolyBeam"],"picked":"Guardian:BronzeArmor","floor":10},{"not_picked":["Guardian:RefractedBeam","Guardian:TimeSifter"],"picked":"Guardian:ShieldCharger","floor":11},{"not_picked":["Guardian:VentSteam","Guardian:BodySlam","Guardian:Recover"],"picked":"SKIP","floor":12},{"not_picked":["Guardian:Gem_Green","Guardian:TemporalStrike"],"picked":"Guardian:BronzeArmor","floor":14},{"not_picked":["Guardian:MultiBeam","Guardian:Suspension"],"picked":"Guardian:SpikerProtocol","floor":15}],"player_experience":1243484,"relics_obtained":[{"floor":7,"key":"Pear"},{"floor":8,"key":"Ornamental Fan"}],"event_choices":[],"is_beta":false,"boss_relics":[],"items_purged_floors":[11],"is_endless":false,"potions_floor_spawned":[2,3,5,14,15],"killed_by":"DF_ARCHETYPE_STREAMLINE","ascension_level":9}}