{"host":"v1m5rkjj38qutr02","time":1611140477,"event":{"mods":["Act Like it!","BaseMod","Challenge The Spire","Conspire","Gensokyo","GungeonMod","Hallownest","Minty Spire (QoL Compilation)","Replay The Spire","StSLib","The Bug Knight","Youmu£®ªÍ∆«—˝√Œ£©"],"gold_per_floor":[414,140,166,192,219,219,3,3,37,62,91,91,91,34,61,94,94,94],"floor_reached":17,"language":"ZHS","playtime":995,"items_purged":[],"score":398,"play_id":"731fd52b-2f05-4e02-8b13-889d53e1aa8a","local_time":"20210120190117","daily_mods":["challengethespire:Silver Difficulty","challengethespire:Elite Rush","Uncertain Future"],"is_ascension_mode":true,"campfire_choices":[{"data":"Defragment","floor":8,"key":"SMITH"},{"floor":13,"key":"REST"}],"circlet_count":0,"master_deck":["AscendersBane","Strike_B+1","Strike_B+1","Strike_B+1","Strike_B+1","Defend_B","Defend_B","Defend_B","Defend_B","Zap","Dualcast","Static Discharge","Double Energy","Defragment+1","Turbo","ReplayTheSpireMod:Calculation Training","Cold Snap","Go for the Eyes","Biased Cognition","Echo Form","Coolheaded","CurseOfTheBell","FIFO Queue","Ball Lightning","Fission","Glacier","Storm","Steam Power","ReplayTheSpireMod:Calculation Training"],"relics":["Cracked Core","Black Star","Sling","PreservedInsect","DataDisk","Mango","Lantern","conspire:TopHat","Bag of Preparation","Art of War","DemoMod:BigBoy","DemoMod:WhiteGuonStone","Calling Bell","Strawberry","Shuriken","Replay:Kaleidoscope","DemoMod:ClearGuonStone","Potion Belt","InkBottle","Replay:Bottled Eggs","The Courier","ReplayFunnel","MealTicket","Nuclear Battery","Anchor","conspire:InfiniteJournal","Snack Pack","Blue Doll"],"acts_visited":["Exordium"],"potions_floor_usage":[4,9,10,10],"damage_taken":[{"damage":13.0,"enemies":"3 Sentries","floor":3.0,"turns":4.0},{"damage":11,"enemies":"Lagavulin","floor":4,"turns":3},{"damage":5,"enemies":"3 Sentries","floor":5,"turns":5},{"damage":0,"enemies":"Gremlin Leader","floor":9,"turns":4},{"damage":7,"enemies":"Slavers","floor":10,"turns":6},{"damage":41,"enemies":"Book of Stabbing","floor":11,"turns":6},{"damage":0,"enemies":"Giant Head","floor":15,"turns":8},{"damage":1,"enemies":"Nemesis","floor":16,"turns":6},{"damage":24,"enemies":"Reptomancer","floor":17,"turns":3}],"seed_played":"-2118798422804900937","potions_obtained":[{"floor":3.0,"key":"Strength Potion"},{"floor":4,"key":"SkillPotion"},{"floor":9,"key":"Block Potion"}],"is_trial":true,"path_per_floor":["$","$","E","E","E","T","$","R","E","E","E","T","R","$","E","E","E"],"character_chosen":"DEFECT","items_purchased":["DataDisk","Mango","Static Discharge","Double Energy","Defragment","Turbo","ReplayTheSpireMod:Calculation Training","Cold Snap","Go for the Eyes","FIFO Queue","DemoMod:ClearGuonStone","Storm"],"campfire_rested":1,"item_purchase_floors":[1,1,1,1,2,2,2,2,2,7,7,14],"current_hp_per_floor":[82,82,69,58,53,60,60,60,60,53,12,12,40,55,55,54,30,30],"gold":94,"neow_bonus":"","is_daily":false,"chose_seed":false,"campfire_upgraded":1,"win_rate":0.0,"timestamp":1611140477,"path_taken":["$","$","E","E","E","T","$","R","E","E","E","T","R","$","E","E","E"],"items_purchased_type":["Relic","Relic","Card","Card","Card","Card","Card","Card","Card","Card","Relic","Card"],"build_version":"2020-12-22","purchased_purges":0,"victory":false,"max_hp_per_floor":[89,89,89,89,89,96,96,96,96,96,96,96,96,96,96,96,96,96],"card_choices":[],"player_experience":419080,"relics_obtained":[{"floor":3.0,"key":"Lantern"},{"floor":3.0,"key":"conspire:TopHat"},{"floor":4,"key":"Bag of Preparation"},{"floor":4,"key":"Art of War"},{"floor":5,"key":"DemoMod:BigBoy"},{"floor":5,"key":"DemoMod:WhiteGuonStone"},{"floor":6,"key":"Strawberry"},{"floor":6,"key":"Shuriken"},{"floor":6,"key":"Replay:Kaleidoscope"},{"floor":9,"key":"Potion Belt"},{"floor":9,"key":"InkBottle"},{"floor":10,"key":"Replay:Bottled Eggs"},{"floor":10,"key":"The Courier"},{"floor":11,"key":"ReplayFunnel"},{"floor":11,"key":"MealTicket"},{"floor":15,"key":"Anchor"},{"floor":15,"key":"conspire:InfiniteJournal"},{"floor":16,"key":"Snack Pack"},{"floor":16,"key":"Blue Doll"}],"event_choices":[],"is_beta":false,"boss_relics":[{"not_picked":["Replay:Ancient Bell","conspire:RunicOctahedron"],"picked":"Calling Bell"},{"not_picked":["ChewingGum","Sozu"],"picked":"Nuclear Battery"}],"items_purged_floors":[],"is_endless":false,"potions_floor_spawned":[3,4,9],"killed_by":"Reptomancer","ascension_level":10}}