{"host":"r10yh36zs2k9z1sa","time":1611159899,"event":{"mods":["Astrologer","BaseMod","Colored Map","Hermit","Marisa¡]Ãú«B¡@Å]²z¨F¡^","Minty Spire (QoL Compilation)","Permanent Neow","Remilia¡]Á¢¦Ì²ú?¡^","StSLib","The Animator","The Bug Knight","The Cursed","The Gatherer","The Hierophant","The Necromancer","The Runesmith","The Servant 0.9.4"],"gold_per_floor":[126,126,146,65,65,65,98,98,98,142,142,177,200,228,228,337,337,360,34,134,161,188,188,226,226,226,249,249,275,284,299,299,407,466,488,34,84,84,103,138,175,212,266,304,328,351,387,26,26,26],"floor_reached":51,"language":"ZHS","playtime":8352,"items_purged":["Strike_S","Normality","Parasite"],"score":1635,"play_id":"ded71a65-da2f-4009-b46c-c934be66d84e","local_time":"20210121002459","is_ascension_mode":true,"campfire_choices":[{"data":"Discovery","floor":6,"key":"SMITH"},{"floor":8,"key":"REST"},{"data":"BestPractice","floor":11,"key":"SMITH"},{"data":"Sabotage","floor":15,"key":"SMITH"},{"floor":23,"key":"REST"},{"floor":28,"key":"REST"},{"data":"MoonPhase","floor":32,"key":"SMITH"},{"data":"Discovery","floor":49,"key":"SMITH"}],"circlet_count":0,"master_deck":["AscendersBane","Strike_S","Strike_S","Defend_S+1","Defend_S","Defend_S","KidneyShot","Exchange","BottledTime","MoonPhase+1","Discovery+1","BestPractice+1","Sabotage+1","Sabotage","ShiftingGears","Sunlight","Luminosity","InstantArmor+1","BottledTime","Manipulate+1","Moondial+1","Solidify","WasteNot+1","Moondial","FastForward","Master of Strategy","Contraction","Advance","DualDimension+1","InstantArmor","Rewind","Revamp","BottledTime+1","Discovery+1"],"relics":["Uniform","CeramicFish","Bag of Preparation","Thread and Needle","Art of War","Oddly Smooth Stone","Philosopher\u0027s Stone","Gremlin Horn","Ancient Tea Set","Shuriken","Toy Ornithopter","Tiny House","Strange Spoon","WingedGreaves","Anchor","OldScarf","Vajra","FossilizedHelix","Bottled Tornado","HandDrill"],"acts_visited":["Exordium","TheCity","TheBeyond"],"potions_floor_usage":[7,7,7,7,10,16,16,16,24,33,35,35,44,47,50,50,50],"damage_taken":[{"damage":12,"enemies":"Jaw Worm","floor":1,"turns":6},{"damage":0,"enemies":"Cultist","floor":3,"turns":4},{"damage":5,"enemies":"3 Sentries","floor":7,"turns":9},{"damage":0,"enemies":"Lagavulin","floor":10,"turns":11},{"damage":12,"enemies":"HollowMod:MossKnight","floor":12,"turns":16},{"damage":0,"enemies":"2 Louse","floor":13,"turns":3},{"damage":0,"enemies":"Gremlin Gang","floor":14,"turns":6},{"damage":37,"enemies":"Slime Boss","floor":16,"turns":13},{"damage":0,"enemies":"Spheric Guardian","floor":18,"turns":4},{"damage":43,"enemies":"3 Byrds","floor":21,"turns":7},{"damage":0,"enemies":"Centurion and Healer","floor":22,"turns":4},{"damage":0,"enemies":"Gremlin Leader","floor":24,"turns":4},{"damage":0,"enemies":"Snecko","floor":27,"turns":6},{"damage":0,"enemies":"Book of Stabbing","floor":29,"turns":6},{"damage":0,"enemies":"Cultist and Chosen","floor":31,"turns":4},{"damage":0,"enemies":"Automaton","floor":33,"turns":11},{"damage":0,"enemies":"Orb Walker","floor":35,"turns":3},{"damage":0,"enemies":"Mind Bloom Boss Battle","floor":37,"turns":7},{"damage":11,"enemies":"3 Shapes","floor":39,"turns":3},{"damage":0,"enemies":"Reptomancer","floor":40,"turns":4},{"damage":0,"enemies":"Nemesis","floor":41,"turns":9},{"damage":0,"enemies":"Writhing Mass","floor":42,"turns":6},{"damage":0,"enemies":"Reptomancer","floor":44,"turns":3},{"damage":13,"enemies":"4 Shapes","floor":45,"turns":4},{"damage":0,"enemies":"Jaw Worm Horde","floor":46,"turns":2},{"damage":0,"enemies":"Nemesis","floor":47,"turns":5},{"damage":0,"enemies":"Donu and Deca","floor":50,"turns":7}],"seed_played":"8228442601338813811","potions_obtained":[{"floor":2,"key":"Swift Potion"},{"floor":2,"key":"AttackPotion"},{"floor":2,"key":"EntropicBrew"},{"floor":12,"key":"Weak Potion"},{"floor":13,"key":"SpeedPotion"},{"floor":14,"key":"Explosive Potion"},{"floor":22,"key":"Strength Potion"},{"floor":24,"key":"GamblersBrew"},{"floor":27,"key":"BlessingOfTheForge"},{"floor":33,"key":"LiquidBronze"},{"floor":34,"key":"Weak Potion"},{"floor":40,"key":"Regen Potion"},{"floor":42,"key":"Weak Potion"},{"floor":46,"key":"SteroidPotion"},{"floor":47,"key":"ColorlessPotion"}],"is_trial":false,"path_per_floor":["M","?","M","$","?","R","E","R","T","E","R","E","M","M","R","B",null,"M","$","?","M","M","R","E","?","T","M","R","E","?","M","R","B",null,"M","$","?","?","M","E","E","M","T","E","M","M","E","$","R","B",null],"character_chosen":"THE_SERVANT","items_purchased":["Discovery","Gremlin Horn","Strange Spoon","FastForward","Master of Strategy","Discovery","HandDrill"],"campfire_rested":3,"item_purchase_floors":[4,19,36,36,36,48,48],"current_hp_per_floor":[47,47,47,47,40,40,35,54,54,54,54,42,42,42,42,5,50,50,50,50,7,7,26,26,26,26,26,45,45,45,45,45,50,66,70,70,70,70,59,59,59,59,59,70,57,57,62,62,62,67],"gold":26,"neow_bonus":"RANDOM_COMMON_RELIC","is_daily":false,"chose_seed":false,"campfire_upgraded":5,"win_rate":0.0,"timestamp":1611159899,"path_taken":["M","?","M","?","?","R","E","R","T","E","R","E","M","M","R","BOSS","M","$","?","M","?","R","E","?","T","M","R","E","?","M","R","BOSS","M","$","?","?","M","E","E","?","T","E","M","M","E","$","R","BOSS"],"items_purchased_type":["Card","Relic","Relic","Card","Card","Card","Relic"],"build_version":"2020-12-22","purchased_purges":3,"victory":true,"max_hp_per_floor":[65,65,65,65,65,65,65,65,65,65,65,65,65,65,65,65,65,65,65,65,65,65,65,65,65,65,65,65,65,65,65,65,65,70,70,70,70,70,70,70,70,70,70,70,70,70,70,67,67,67],"card_choices":[{"not_picked":["Rearm","Snipe"],"picked":"BottledTime","floor":1},{"not_picked":["Alleviate","Ricochet"],"picked":"MoonPhase","floor":3},{"not_picked":["Rewind","Unruled","Gouge"],"picked":"SKIP","floor":7},{"not_picked":["Unruled","Rearm"],"picked":"BestPractice","floor":10},{"not_picked":["Replace","Spin"],"picked":"Sabotage","floor":12},{"not_picked":["SurpressingFire","StarChef"],"picked":"Sabotage","floor":13},{"not_picked":["Reset","Shuttle"],"picked":"ShiftingGears","floor":14},{"not_picked":["ForgedInTime","FloweringNight"],"picked":"Sunlight","floor":16},{"not_picked":["DoubleEdge","Reset"],"picked":"Luminosity","floor":18},{"not_picked":["WasteNot","Alleviate+1"],"picked":"InstantArmor+1","floor":21},{"not_picked":["DoubleEdge+1","Alleviate"],"picked":"BottledTime","floor":22},{"not_picked":["Replace+1","FanOfKnives"],"picked":"Manipulate+1","floor":24},{"not_picked":["Rewind","Rearm"],"picked":"Moondial+1","floor":27},{"not_picked":["Desolation","Replace","Sunlight"],"picked":"SKIP","floor":29},{"not_picked":["Desolation","Replace","Sunlight"],"picked":"SKIP","floor":29},{"not_picked":["Orbit","Rearm","Ricochet+1"],"picked":"SKIP","floor":31},{"not_picked":["Deny","KillingDoll"],"picked":"Solidify","floor":33},{"not_picked":["DoubleEdge","Orbit+1"],"picked":"WasteNot+1","floor":34},{"not_picked":["Reset+1","Contraction"],"picked":"Moondial","floor":35},{"not_picked":["ShatteredReality","Revamp","Orbit+1"],"picked":"SKIP","floor":39},{"not_picked":["Moondial","Unruled+1"],"picked":"Contraction","floor":40},{"not_picked":["Moondial","StarChef+1"],"picked":"Advance","floor":41},{"not_picked":["Potential+1","Rewind"],"picked":"DualDimension+1","floor":42},{"not_picked":["Defy+1","Starlight"],"picked":"InstantArmor","floor":44},{"not_picked":["Rearm+1","ShatteredReality+1"],"picked":"Rewind","floor":45},{"not_picked":["TimeWarp","Spin+1"],"picked":"Revamp","floor":46},{"not_picked":["Rewind+1","Defy+1"],"picked":"BottledTime+1","floor":47}],"player_experience":269084,"relics_obtained":[{"floor":7,"key":"Bag of Preparation"},{"floor":9,"key":"Thread and Needle"},{"floor":10,"key":"Art of War"},{"floor":12,"key":"Oddly Smooth Stone"},{"floor":24,"key":"Ancient Tea Set"},{"floor":26,"key":"Shuriken"},{"floor":29,"key":"Toy Ornithopter"},{"floor":37,"key":"WingedGreaves"},{"floor":40,"key":"Anchor"},{"floor":41,"key":"OldScarf"},{"floor":43,"key":"Vajra"},{"floor":44,"key":"FossilizedHelix"},{"floor":47,"key":"Bottled Tornado"}],"event_choices":[{"damage_healed":0,"gold_gain":0,"player_choice":"Got Potions","damage_taken":0,"max_hp_gain":0,"max_hp_loss":0,"event_name":"Lab","floor":2,"gold_loss":0},{"cards_removed":["Strike_S"],"damage_healed":0,"gold_gain":0,"player_choice":"Card Removal","damage_taken":7,"max_hp_gain":0,"max_hp_loss":0,"event_name":"Golden Wing","floor":5,"gold_loss":0},{"damage_healed":0,"gold_gain":100,"player_choice":"Pray","damage_taken":0,"max_hp_gain":0,"max_hp_loss":0,"event_name":"Golden Shrine","floor":20,"gold_loss":0},{"cards_removed":["Defend_S"],"damage_healed":0,"gold_gain":0,"player_choice":"Elegance","damage_taken":0,"max_hp_gain":0,"max_hp_loss":0,"event_name":"Back to Basics","floor":25,"gold_loss":0},{"damage_healed":0,"gold_gain":0,"player_choice":"Fight","damage_taken":0,"max_hp_gain":0,"max_hp_loss":0,"event_name":"MindBloom","floor":37,"gold_loss":0},{"damage_healed":0,"gold_gain":0,"player_choice":"Full Heal","damage_taken":0,"max_hp_gain":0,"max_hp_loss":0,"event_name":"Wheel of Change","floor":38,"gold_loss":0}],"is_beta":false,"boss_relics":[{"not_picked":["Fusion Hammer","Runic Dome"],"picked":"Philosopher\u0027s Stone"},{"not_picked":["Runesmith:UraniumAnvil","Velvet Choker"],"picked":"Tiny House"}],"items_purged_floors":[19,36,48],"is_endless":false,"potions_floor_spawned":[12,13,14,22,24,27,33,40,42,46,47],"ascension_level":10}}