{"host":"jscggscbx0p7706o","time":1611115602,"event":{"mods":["AchievementEnabler","BaseMod","Block Reminder","Colored Powertips","Filter the Spire","Minty Spire (QoL Compilation)","Permanent Neow","Quick Restart","StSLib"],"gold_per_floor":[219,24,24,39,52,88,117,117,141,167,167,167,10,48,48,61,61,187,187,211,211,211,14,0,0,33,33,33,84,114,114,1,1,1,1,1,130,130,155,174,174,12,45,63,63,87,87,87,148,481,481,496,496,496,70,70,70],"floor_reached":58,"language":"ENG","playtime":1541,"items_purged":["Defend_R","Defend_R","Defend_R","Defend_R"],"score":828,"play_id":"046ff9d3-5c25-48b6-a2be-5f4ab64af2af","local_time":"20210120120642","is_ascension_mode":false,"campfire_choices":[{"data":"Perfected Strike","floor":8.0,"key":"SMITH"},{"data":"Flex","floor":17.0,"key":"SMITH"},{"data":"Armaments","floor":25.0,"key":"SMITH"},{"data":"Perfected Strike","floor":31.0,"key":"SMITH"},{"data":"Flex","floor":33.0,"key":"SMITH"},{"data":"Flex","floor":35.0,"key":"SMITH"},{"data":"Bash","floor":36.0,"key":"SMITH"},{"data":"Perfected Strike","floor":45.0,"key":"SMITH"},{"data":"Pommel Strike","floor":51.0,"key":"SMITH"},{"data":"Shrug It Off","floor":53.0,"key":"SMITH"},{"data":"Thunderclap","floor":56.0,"key":"SMITH"}],"circlet_count":0,"master_deck":["Strike_R","Strike_R+1","Strike_R","Strike_R","Strike_R","Bash+1","Pommel Strike+1","Flex+1","Flex+1","Armaments+1","Perfected Strike+1","Pommel Strike+1","Shrug It Off+1","True Grit+1","Iron Wave","Headbutt+1","Flex+1","True Grit+1","Perfected Strike+1","Flex+1","Perfected Strike+1","Cleave+1","Thunderclap+1"],"relics":["Black Blood","Tiny Chest","CeramicFish","Bag of Preparation","Juzu Bracelet","Meat on the Bone","Odd Mushroom","StoneCalendar","Pen Nib","Sundial","Bronze Scales","TungstenRod","Velvet Choker","Ginger","Question Card","Mango","Strawberry","Shuriken"],"acts_visited":["Exordium","TheCity","TheBeyond"],"potions_floor_usage":[57,57,57],"damage_taken":[{"damage":6.0,"enemies":"Jaw Worm","floor":1.0,"turns":3.0},{"damage":0.0,"enemies":"Cultist","floor":4.0,"turns":2.0},{"damage":0.0,"enemies":"2 Louse","floor":5.0,"turns":3.0},{"damage":41.0,"enemies":"Lagavulin","floor":6.0,"turns":6.0},{"damage":8.0,"enemies":"Red Slaver","floor":7.0,"turns":2.0},{"damage":14.0,"enemies":"The Mushroom Lair","floor":14.0,"turns":3.0},{"damage":11.0,"enemies":"Large Slime","floor":16.0,"turns":4.0},{"damage":42.0,"enemies":"The Guardian","floor":18.0,"turns":10.0},{"damage":21.0,"enemies":"Shell Parasite","floor":20.0,"turns":6.0},{"damage":5.0,"enemies":"2 Thieves","floor":26.0,"turns":3.0},{"damage":12.0,"enemies":"Shelled Parasite and Fungi","floor":30.0,"turns":5.0},{"damage":70.0,"enemies":"Collector","floor":37.0,"turns":9.0},{"damage":8.0,"enemies":"3 Shapes","floor":39.0,"turns":3.0},{"damage":4.0,"enemies":"Orb Walker","floor":40.0,"turns":2.0},{"damage":13.0,"enemies":"Jaw Worm Horde","floor":43.0,"turns":4.0},{"damage":14.0,"enemies":"Writhing Mass","floor":44.0,"turns":3.0},{"damage":0.0,"enemies":"Sphere and 2 Shapes","floor":46.0,"turns":3.0},{"damage":49.0,"enemies":"2 Orb Walkers","floor":49.0,"turns":4.0},{"damage":10.0,"enemies":"Transient","floor":52.0,"turns":5.0},{"damage":67,"enemies":"Donu and Deca","floor":57,"turns":8}],"seed_played":"4842561704779776588","potions_obtained":[{"floor":7.0,"key":"EssenceOfSteel"},{"floor":14.0,"key":"FairyPotion"},{"floor":16.0,"key":"Energy Potion"},{"floor":20.0,"key":"BlessingOfTheForge"},{"floor":43.0,"key":"EssenceOfSteel"},{"floor":46.0,"key":"Strength Potion"}],"is_trial":false,"path_per_floor":["M","$","?","M","M","E","M","R","T","T","?","T","$","?","?","M","R","B",null,"M","?","T","$","?","R","M","?","T","T","M","R","$","R","T","R","R","B",null,"M","M","?","$","M","M","R","M","T","T","?","?","R","M","R","T","$","R","B",null],"character_chosen":"IRONCLAD","items_purchased":["Flex","Tiny Chest","Shrug It Off","True Grit","Pen Nib","Flex","Flex","Perfected Strike","Shuriken","Thunderclap"],"campfire_rested":0,"item_purchase_floors":[2,2,13,13,23,23,32,42,55,55],"current_hp_per_floor":[80,80,80,80,80,45,43,43,43,43,27,27,27,31,31,38,38,37,74,65,65,65,65,65,65,72,72,72,72,72,72,72,72,72,72,72,26,74,74,74,74,74,73,71,71,74,74,74,63,63,63,65,65,72,72,72,29],"gold":70,"neow_bonus":"HUNDRED_GOLD","is_daily":false,"chose_seed":false,"campfire_upgraded":11,"win_rate":0.0,"timestamp":1611115602,"path_taken":["M","$","?","?","M","E","M","R","T","T","?","?","$","?","?","M","R","BOSS","M","?","?","?","?","R","M","?","T","T","M","R","$","R","?","R","R","BOSS","M","M","?","$","M","M","R","M","T","T","?","?","R","M","R","?","$","R","BOSS"],"items_purchased_type":["Card","Relic","Card","Card","Relic","Card","Card","Card","Relic","Card"],"build_version":"2020-12-22","purchased_purges":4,"victory":true,"max_hp_per_floor":[80,80,80,80,80,80,80,80,80,80,80,80,80,80,74,74,74,74,74,74,74,74,74,74,74,74,74,74,74,74,74,74,74,74,74,74,74,74,74,74,74,74,74,74,74,74,74,74,88,88,88,88,88,95,95,95,95],"card_choices":[{"not_picked":["Havoc","Clothesline"],"picked":"Pommel Strike","floor":1.0},{"not_picked":["Whirlwind","Combust"],"picked":"Flex","floor":4.0},{"not_picked":["Metallicize","Anger"],"picked":"Armaments","floor":5.0},{"not_picked":["Thunderclap","Dual Wield"],"picked":"Perfected Strike","floor":6.0},{"not_picked":["Thunderclap","Flex"],"picked":"Pommel Strike","floor":7.0},{"not_picked":["Wild Strike","Dark Embrace"],"picked":"Iron Wave","floor":14.0},{"not_picked":["Battle Trance","Clothesline","Havoc"],"picked":"SKIP","floor":16.0},{"not_picked":["Entrench","Sentinel"],"picked":"Headbutt+1","floor":20.0},{"not_picked":["Clash","Shrug It Off"],"picked":"True Grit+1","floor":26.0},{"not_picked":["Power Through","Entrench"],"picked":"Perfected Strike","floor":30.0},{"not_picked":["Clothesline","Pummel","Armaments+1"],"picked":"SKIP","floor":39.0},{"not_picked":["Intimidate+1","Dual Wield+1","Shockwave"],"picked":"SKIP","floor":40.0},{"not_picked":["Sever Soul+1","Clothesline"],"picked":"Cleave+1","floor":43.0},{"not_picked":["Clash","Iron Wave+1","Blood for Blood+1"],"picked":"SKIP","floor":44.0},{"not_picked":["Warcry+1","Clash","Headbutt"],"picked":"SKIP","floor":46.0},{"not_picked":["Reckless Charge","Headbutt","Blood for Blood+1","Clash"],"picked":"SKIP","floor":52.0}],"player_experience":313936,"relics_obtained":[{"floor":6.0,"key":"CeramicFish"},{"floor":9.0,"key":"Bag of Preparation"},{"floor":10.0,"key":"Juzu Bracelet"},{"floor":12.0,"key":"Meat on the Bone"},{"floor":14.0,"key":"Odd Mushroom"},{"floor":22.0,"key":"StoneCalendar"},{"floor":28.0,"key":"Sundial"},{"floor":29.0,"key":"Bronze Scales"},{"floor":34.0,"key":"TungstenRod"},{"floor":47.0,"key":"Ginger"},{"floor":48.0,"key":"Question Card"},{"floor":49.0,"key":"Mango"},{"floor":54.0,"key":"Strawberry"}],"event_choices":[{"damage_healed":0.0,"max_hp_gain":0.0,"max_hp_loss":0.0,"gold_gain":0.0,"event_name":"Upgrade Shrine","player_choice":"Upgraded","floor":3.0,"gold_loss":0.0,"damage_taken":0.0,"cards_upgraded":["Flex"]},{"damage_healed":0.0,"max_hp_gain":0.0,"max_hp_loss":0.0,"gold_gain":0.0,"event_name":"Shining Light","player_choice":"Entered Light","floor":11.0,"gold_loss":0.0,"damage_taken":16.0,"cards_upgraded":["Strike_R","Pommel Strike"]},{"damage_healed":0.0,"max_hp_gain":0.0,"max_hp_loss":0.0,"gold_gain":0.0,"event_name":"Mushrooms","player_choice":"Fought Mushrooms","floor":14.0,"gold_loss":0.0,"damage_taken":0.0},{"damage_healed":0.0,"max_hp_gain":0.0,"max_hp_loss":6.0,"gold_gain":0.0,"event_name":"Golden Idol","player_choice":"Lose Max HP","floor":15.0,"gold_loss":0.0,"damage_taken":0.0,"relics_obtained":["Golden Idol"]},{"damage_healed":0.0,"max_hp_gain":0.0,"max_hp_loss":0.0,"gold_gain":0.0,"event_name":"Upgrade Shrine","player_choice":"Upgraded","floor":21.0,"gold_loss":0.0,"damage_taken":0.0,"cards_upgraded":["True Grit"]},{"damage_healed":0.0,"max_hp_gain":0.0,"max_hp_loss":0.0,"gold_gain":0.0,"event_name":"Masked Bandits","player_choice":"Paid Fearfully","floor":24.0,"gold_loss":14.0,"damage_taken":0.0},{"damage_healed":0.0,"max_hp_gain":0.0,"max_hp_loss":0.0,"gold_gain":0.0,"event_name":"Ghosts","player_choice":"Ignored","floor":27.0,"gold_loss":0.0,"damage_taken":0.0},{"damage_healed":0.0,"max_hp_gain":0.0,"max_hp_loss":0.0,"gold_gain":0.0,"event_name":"SensoryStone","player_choice":"Memory 1","floor":41.0,"gold_loss":0.0,"damage_taken":0.0},{"damage_healed":0.0,"max_hp_gain":0.0,"max_hp_loss":0.0,"gold_gain":0.0,"event_name":"Mysterious Sphere","player_choice":"Fight","floor":49.0,"gold_loss":0.0,"damage_taken":0.0},{"damage_healed":0.0,"max_hp_gain":0.0,"max_hp_loss":0.0,"gold_gain":333.0,"event_name":"The Moai Head","player_choice":"Gave Idol","floor":50.0,"relics_lost":["Golden Idol"],"gold_loss":0.0,"damage_taken":0.0}],"is_beta":false,"boss_relics":[{"not_picked":["Calling Bell","Fusion Hammer"],"picked":"Black Blood"},{"not_picked":["Cursed Key","Astrolabe"],"picked":"Velvet Choker"}],"items_purged_floors":[13,32,42,55],"is_endless":false,"potions_floor_spawned":[7,14,16,20,43,46],"ascension_level":0}}