{"host":"jfbo3eu2ui08ej1u","time":1611111815,"event":{"mods":["2.2 Compatiblity","AchievementEnabler","Act Like it!","Aspiration","BaseMod","Better Altar","Better Match","Better Note","Better Sensory Stone","Better Skull","Better Third Choice","Block Reminder","Colored Map","Colored Powertips","Conspire","DeckTracker","Displayed Cursed Tome","Energized Spire","Fox Events","GifTheSpireLib","Hubris","Infinite Spire","Marked Mod","Minty Spire (QoL Compilation)","Pale of the Ancients","Poor People Problems","Quick Restart","Relic Filter","Reorder Act Four","Replay The Spire","Shop Mod","Spicy Shops","Spire Arcade","StSLib","Stuff the Spire","The Blue Laboratory","The Disciple","The Forsaken","The Hierophant","The Marked","Uncapped","Unceasing Turn Reminder","Wandering Minibosses"],"gold_per_floor":[119,139,159,159,209,209,236,255,282,297,297,329,329,359,359,432,432,450,25,42,42,42],"floor_reached":21,"language":"ENG","playtime":762,"items_purged":[],"score":473,"play_id":"f75a145d-7dc7-466f-92b1-9b816bfc1d6d","local_time":"20210119220335","is_ascension_mode":true,"campfire_choices":[{"data":"Rainbow","floor":6.0,"key":"SMITH"},{"floor":11.0,"key":"REST"},{"data":"Buffer","floor":13.0,"key":"SMITH"},{"floor":15.0,"key":"REST"}],"circlet_count":0,"master_deck":["AscendersBane","Strike_B","Strike_B","Strike_B","Strike_B","Defend_B","Defend_B","Defend_B","Defend_B","Zap","Dualcast","Rainbow+1","Turbo","StuffTheSpire:CleanHardDrive","Redo","Self Repair","Rebound","Buffer+1","Conserve Battery","Doom and Gloom","Conserve Battery","Self Repair","ReplayTheSpireMod:Calculation Training","Redo"],"relics":["Cracked Core","Snack Pack","conspire:TopHat","Geode","Replay:Rubber Ducky","conspire:SeveredTorchhead","Prayer Wheel","Oddly Smooth Stone","Symbiotic Virus"],"acts_visited":["Exordium","TheCity"],"potions_floor_usage":[],"damage_taken":[{"damage":0.0,"enemies":"conspire:RoseBush","floor":1.0,"turns":3.0},{"damage":7.0,"enemies":"Small Slimes","floor":2.0,"turns":3.0},{"damage":0.0,"enemies":"Cultist","floor":3.0,"turns":3.0},{"damage":27.0,"enemies":"Gremlin Nob","floor":7.0,"turns":4.0},{"damage":9.0,"enemies":"conspire:2 RoseBushes","floor":8.0,"turns":6.0},{"damage":10.0,"enemies":"Exordium Wildlife","floor":10.0,"turns":5.0},{"damage":9.0,"enemies":"Lagavulin","floor":12.0,"turns":6.0},{"damage":48.0,"enemies":"Gremlin Nob","floor":14.0,"turns":6.0},{"damage":0.0,"enemies":"Slime Boss","floor":16.0,"turns":9.0},{"damage":58.0,"enemies":"3 Byrds","floor":18.0,"turns":6.0},{"damage":1,"enemies":"conspire:FuzzyDice","floor":20,"turns":5},{"damage":31,"enemies":"Centurion and Healer","floor":21,"turns":7}],"seed_played":"4890839435983980675","potions_obtained":[{"floor":1.0,"key":"blueLaboratory:BottleOfRum"},{"floor":3.0,"key":"blueLaboratory:PhilterOfMotion"},{"floor":10.0,"key":"blueLaboratory:CoolantVial"},{"floor":12.0,"key":"blueLaboratory:HorrorPotion"}],"is_trial":false,"path_per_floor":["M","M","M","?","?","R","E","M","T","M","R","E","R","E","R","B",null,"M","$","M","M"],"character_chosen":"DEFECT","items_purchased":["Oddly Smooth Stone","Symbiotic Virus"],"campfire_rested":2,"item_purchase_floors":[19,19],"current_hp_per_floor":[64,57,57,62,62,62,35,33,33,30,52,50,50,9,31,38,67,16,16,29,0,0],"gold":42,"neow_bonus":"ONE_RANDOM_RARE_CARD","is_daily":false,"chose_seed":false,"campfire_upgraded":2,"win_rate":0.0,"timestamp":1611111815,"path_taken":["M","M","M","?","?","R","E","M","T","M","R","E","R","E","R","BOSS","M","?","M","M"],"items_purchased_type":["Relic","Relic"],"build_version":"2020-12-22","purchased_purges":0,"victory":false,"max_hp_per_floor":[71,71,71,76,76,76,76,76,76,76,76,76,76,76,76,76,76,76,76,76,76,76],"card_choices":[{"not_picked":["Leap","Stack"],"picked":"Turbo","floor":1.0},{"not_picked":["Turbo","Conserve Battery"],"picked":"StuffTheSpire:CleanHardDrive","floor":2.0},{"not_picked":["Compile Driver","Consume"],"picked":"Redo","floor":3.0},{"not_picked":["hubris:PowerSurge","Compile Driver"],"picked":"Self Repair","floor":7.0},{"not_picked":["Double Energy","Hello World"],"picked":"Rebound","floor":8.0},{"not_picked":["Panic Button","ReplaySolidLightProjector"],"picked":"Buffer","floor":10.0},{"not_picked":["hubris:Ukulele","Gash"],"picked":"Conserve Battery","floor":12.0},{"not_picked":["StuffTheSpire:LoadUp","Coolheaded"],"picked":"Doom and Gloom","floor":14.0},{"not_picked":["Fission","StuffTheSpire:ForEach"],"picked":"ReplayTheSpireMod:Fabricate Wheel","floor":16.0},{"not_picked":["StuffTheSpire:Rend+1","StuffTheSpire:CleanHardDrive"],"picked":"Conserve Battery","floor":18.0},{"not_picked":["Hologram+1","Gash"],"picked":"Self Repair","floor":18.0},{"not_picked":["StuffTheSpire:LoadUp","Conserve Battery+1"],"picked":"ReplayTheSpireMod:Calculation Training","floor":20},{"not_picked":["StuffTheSpire:GlassShard","ReplayTheSpireMod:Repulse"],"picked":"Redo","floor":20}],"player_experience":1207965,"relics_obtained":[{"floor":7.0,"key":"Snack Pack"},{"floor":9.0,"key":"conspire:TopHat"},{"floor":12.0,"key":"Geode"},{"floor":14.0,"key":"Replay:Rubber Ducky"}],"event_choices":[{"damage_healed":0.0,"max_hp_gain":5.0,"max_hp_loss":0.0,"gold_gain":0.0,"event_name":"Big Fish","player_choice":"Donut","floor":4.0,"gold_loss":0.0,"damage_taken":0.0},{"damage_healed":0.0,"max_hp_gain":0.0,"max_hp_loss":0.0,"gold_gain":50.0,"event_name":"Golden Shrine","player_choice":"Pray","floor":5.0,"gold_loss":0.0,"damage_taken":0.0}],"is_beta":false,"boss_relics":[{"not_picked":["Replay:Wanted Poster","hubris:ScarierMask"],"picked":"conspire:SeveredTorchhead"}],"items_purged_floors":[],"is_endless":false,"potions_floor_spawned":[1,3,10,12],"killed_by":"Centurion and Healer","ascension_level":18}}