{"host":"npubv26u89aif4fa","time":1611131425,"event":{"mods":["Astrologer","BaseMod","Better Vampires","Better-Laid Plans","Colored Powertips","GifTheSpireLib","GungeonMod","HornydragonMod","Hubris","Jedi Mod","Minty Spire (QoL Compilation)","Quick Restart","Remilia（蕾米莉亚）","Replay The Spire","StSLib","Td1madao Mod","The Administrix","The Alterego","The Bug Knight","The Cursed","The Runesmith","Yuri Mod","残留之物"],"gold_per_floor":[117,135,158,233,250,250,277,293,293,303,338,352,352,352],"floor_reached":13,"language":"ZHS","playtime":1096,"items_purged":[],"score":102,"play_id":"e4444b56-0fc8-49f7-b63c-cbedcbe9c42e","local_time":"20210120163025","is_ascension_mode":true,"campfire_choices":[{"data":"alterego_mod:BigMeatyClaws","floor":6,"key":"SMITH"}],"circlet_count":0,"master_deck":["alterego_mod:Strike","alterego_mod:Strike","alterego_mod:Strike","alterego_mod:Strike","alterego_mod:Defend","alterego_mod:Defend","alterego_mod:Defend","alterego_mod:Defend","alterego_mod:Impale+1","alterego_mod:BigMeatyClaws+1","alterego_mod:BrynhildrsRune","alterego_mod:Undulate","alterego_mod:Collar","alterego_mod:Rake"],"relics":["alterego_mod:MasochisticConstitution","ReplayFunnel","ScarletDevilRocket","Bottled Flame"],"acts_visited":["Exordium"],"potions_floor_usage":[13,13],"damage_taken":[{"damage":5.0,"enemies":"Cultist","floor":1.0,"turns":5.0},{"damage":5.0,"enemies":"Jaw Worm","floor":2.0,"turns":3.0},{"damage":2,"enemies":"Small Slimes","floor":5,"turns":5},{"damage":28,"enemies":"Gremlin Nob","floor":7,"turns":5},{"damage":12,"enemies":"Gremlin Gang","floor":8,"turns":4},{"damage":7,"enemies":"Looter","floor":10,"turns":4},{"damage":6,"enemies":"Replay:BlueRogue","floor":11,"turns":8},{"damage":4,"enemies":"3 Louse","floor":12,"turns":2},{"damage":19,"enemies":"Lagavulin","floor":13,"turns":4}],"seed_played":"9082813166482772895","potions_obtained":[{"floor":1.0,"key":"SkillPotion"},{"floor":2.0,"key":"Weak Potion"},{"floor":12,"key":"Elixir"}],"is_trial":false,"path_per_floor":["M","M","T","?","M","R","E","M","T","M","E","M","E"],"character_chosen":"The_Alterego","items_purchased":[],"campfire_rested":0,"item_purchase_floors":[],"current_hp_per_floor":[71,72,72,65,64,64,37,26,26,20,15,12,0,0],"gold":352,"neow_bonus":"UPGRADE_CARD","is_daily":false,"chose_seed":false,"campfire_upgraded":1,"win_rate":0.0,"timestamp":1611131425,"path_taken":["M","M","?","?","M","R","E","?","T","M","E","M","E"],"items_purchased_type":[],"build_version":"2020-12-22","purchased_purges":0,"victory":false,"max_hp_per_floor":[71,72,72,72,73,73,74,75,75,76,77,78,78,78],"card_choices":[{"not_picked":["alterego_mod:BiFurious","alterego_mod:Cooking","alterego_mod:PainIsPleasure"],"picked":"SKIP","floor":1.0},{"not_picked":["alterego_mod:Bounce","alterego_mod:Pet"],"picked":"alterego_mod:Undulate","floor":2.0},{"not_picked":["alterego_mod:Support","alterego_mod:Cycle"],"picked":"alterego_mod:Collar","floor":5},{"not_picked":["alterego_mod:IndependentAction","alterego_mod:Bounce"],"picked":"alterego_mod:Rake","floor":7},{"not_picked":["alterego_mod:DeftHands","alterego_mod:PresenceConcealment","alterego_mod:PurpleHair"],"picked":"SKIP","floor":8},{"not_picked":["alterego_mod:Cooking","alterego_mod:Complex","alterego_mod:PurpleHair"],"picked":"SKIP","floor":10},{"not_picked":["alterego_mod:Vow","alterego_mod:Pet","alterego_mod:BiFurious"],"picked":"SKIP","floor":11},{"not_picked":["alterego_mod:DeftHands","alterego_mod:Jiggle","alterego_mod:Punishment"],"picked":"SKIP","floor":12}],"player_experience":324722,"relics_obtained":[{"floor":7,"key":"ReplayFunnel"},{"floor":9,"key":"ScarletDevilRocket"},{"floor":11,"key":"Bottled Flame"}],"event_choices":[{"damage_healed":0,"gold_gain":75,"player_choice":"Touch","damage_taken":7,"max_hp_gain":0,"max_hp_loss":0,"event_name":"FaceTrader","floor":4,"gold_loss":0}],"is_beta":false,"boss_relics":[],"items_purged_floors":[],"is_endless":false,"potions_floor_spawned":[1,2,12],"killed_by":"Lagavulin","ascension_level":1}}