{"host":"6h0diz2ap0m56grs","time":1611183414,"event":{"mods":["2.2 Compatiblity","BaseMod","Colored Map","Marisa????????","Minty Spire (QoL Compilation)","Quick Restart","Replay The Spire","Shop Mod","StSLib","The Servant 0.9.4"],"gold_per_floor":[110,125,125,135,12,38,38,73,73,73,98,125,125,153,153,252,252,262,262,282,66,86,114,145,174,174,217,229,271,283,328,340,457,469,497,441,441,512,512,512,512],"floor_reached":40,"language":"ENG","playtime":2836,"items_purged":["Delirium"],"score":771,"play_id":"b0957085-1809-4e93-924d-36209994e5bc","local_time":"20210120165654","daily_mods":["SealedDeck","Heirloom","Time Dilation","Flight"],"is_ascension_mode":true,"campfire_choices":[{"data":"BasicCrystalCard","floor":10,"key":"SMITH"},{"data":"BasicCrystalCard","floor":13,"key":"SMITH"},{"data":"Consume","floor":15,"key":"SMITH"},{"data":"ReplayTheSpireMod:Fabricate Wheel","floor":28,"key":"SMITH"},{"data":"Seek","floor":30,"key":"SMITH"},{"data":"Doom and Gloom","floor":32,"key":"SMITH"}],"circlet_count":0,"master_deck":["Reinforced Body","Compile Driver","BasicCrystalCard+1","Genetic Algorithm","Consume+1","Conserve Battery","Ball Lightning","Conserve Battery","Conserve Battery","Ball Lightning","BasicCrystalCard+1","Cold Snap","Defragment+1","AbeCurse","Electrodynamics+1","Doom and Gloom+1","Genetic Algorithm","Seek+1","Echo Form+1"],"relics":["Cracked Core","replay:Trail_Library","Pocketwatch","Kunai","Chameleon Ring","Frozen Egg 2","Pondfish Scales","HornCleat","Abe\u0027s Treasure","Calipers","Smiling Mask","Nunchaku","Centennial Puzzle","Prayer Wheel","The Courier","Shuriken","Sozu","MerchantsRug","Ancient Tea Set"],"acts_visited":["Exordium","TheCity","TheBeyond"],"potions_floor_usage":[18,23],"damage_taken":[{"damage":0,"enemies":"Cultist","floor":1,"turns":3},{"damage":0,"enemies":"Small Slimes","floor":2,"turns":3},{"damage":0,"enemies":"Jaw Worm","floor":4,"turns":3},{"damage":0,"enemies":"Lagavulin","floor":6,"turns":5},{"damage":0,"enemies":"Gremlin Nob","floor":8,"turns":3},{"damage":0,"enemies":"Lagavulin","floor":11,"turns":6},{"damage":0,"enemies":"Gremlin Nob","floor":12,"turns":3},{"damage":3,"enemies":"3 Sentries","floor":14,"turns":6},{"damage":3,"enemies":"Slime Boss","floor":16,"turns":8},{"damage":13,"enemies":"2 Thieves","floor":18,"turns":4},{"damage":0,"enemies":"Spheric Guardian","floor":20,"turns":4},{"damage":17,"enemies":"Snake Plant","floor":22,"turns":3},{"damage":0,"enemies":"Book of Stabbing","floor":23,"turns":5},{"damage":0,"enemies":"Slavers","floor":24,"turns":3},{"damage":8,"enemies":"Gremlin Leader","floor":25,"turns":5},{"damage":19,"enemies":"Slavers","floor":27,"turns":3},{"damage":0,"enemies":"Book of Stabbing","floor":29,"turns":6},{"damage":0,"enemies":"Gremlin Leader","floor":31,"turns":5},{"damage":5,"enemies":"Automaton","floor":33,"turns":8},{"damage":0,"enemies":"3 Shapes","floor":35,"turns":3},{"damage":0,"enemies":"R_Hoarder","floor":40,"turns":1}],"seed_played":"9125632464891013427","potions_obtained":[{"floor":4,"key":"Dexterity Potion"},{"floor":6,"key":"Adrenaline Potion"},{"floor":11,"key":"FearPotion"},{"floor":22,"key":"Block Potion"},{"floor":23,"key":"Dexterity Potion"}],"is_trial":true,"path_per_floor":["M","M","?","M","$","E","?","E","T","R","E","E","R","E","R","B",null,"M","?","M","$","M","E","E","E","T","E","R","E","R","E","R","B",null,"M","$","?","?","?","E"],"character_chosen":"DEFECT","items_purchased":["BasicCrystalCard","Electrodynamics+1","Doom and Gloom","MerchantsRug"],"campfire_rested":0,"item_purchase_floors":[5,21,21,36],"current_hp_per_floor":[75,75,75,75,75,75,68,68,68,68,68,78,78,75,75,72,85,72,72,72,72,55,55,55,47,47,28,28,28,28,28,28,23,85,85,85,85,64,64,64,64],"gold":512,"neow_bonus":"","is_daily":false,"chose_seed":false,"campfire_upgraded":6,"win_rate":0.0,"timestamp":1611183414,"path_taken":["M","M","?","M","$","E","?","E","T","R","E","E","R","E","R","BOSS","M","?","?","$","?","E","E","E","T","E","R","E","R","E","R","BOSS","M","$","?","?","?","E"],"items_purchased_type":["Card","Card","Card","Relic"],"build_version":"2020-12-22","purchased_purges":1,"victory":false,"max_hp_per_floor":[75,75,75,75,75,75,75,75,75,75,75,85,85,85,85,85,85,85,85,85,85,85,85,85,85,85,85,85,85,85,85,85,85,85,85,85,85,85,81,81,81],"card_choices":[{"not_picked":["Coolheaded","BasicCrystalCard"],"picked":"Ball Lightning","floor":1},{"not_picked":["ReplaySolidLightProjector","Redo","Force Field"],"picked":"SKIP","floor":2},{"not_picked":["Go for the Eyes","Undo","Cold Snap"],"picked":"SKIP","floor":4},{"not_picked":["Reboot","Loop","Go for the Eyes"],"picked":"SKIP","floor":6},{"not_picked":["ReplayGash","Stack"],"picked":"Capacitor","floor":8},{"not_picked":["Thunder Strike","Creative AI+1"],"picked":"Defragment+1","floor":11},{"not_picked":["Redo","Cold Snap","ReplaySort"],"picked":"SKIP","floor":12},{"not_picked":["Go for the Eyes","Blizzard","Genetic Algorithm"],"picked":"SKIP","floor":14},{"not_picked":["ReplayRNGCard","Thunder Strike"],"picked":"ReplayTheSpireMod:Fabricate Wheel","floor":16},{"not_picked":["Stack","Conserve Battery+1","FIFO Queue+1"],"picked":"SKIP","floor":18},{"not_picked":["Go for the Eyes+1","Recycle+1","Leap+1"],"picked":"SKIP","floor":20},{"not_picked":["Chaos","Leap+1","Stack"],"picked":"SKIP","floor":22},{"not_picked":["Streamline+1","Capacitor+1","ReplayTheSpireMod:Calculation Training"],"picked":"SKIP","floor":23},{"not_picked":["Recycle","Conserve Battery","Leap"],"picked":"SKIP","floor":24},{"not_picked":["Chaos","Ball Lightning","Hologram+1"],"picked":"SKIP","floor":25},{"not_picked":["BasicCrystalCard","Heatsinks+1","Beam Cell"],"picked":"SKIP","floor":27},{"not_picked":["ReplaySolidLightProjector","Sunder","Amplify"],"picked":"SKIP","floor":29},{"not_picked":["ReplayTheSpireMod:GoodbyeWorld+1","Beam Cell","Barrage"],"picked":"SKIP","floor":31},{"not_picked":["ReplayTheSpireMod:Fabricate Wheel","ReplayRNGCard"],"picked":"Echo Form+1","floor":33},{"not_picked":["Blizzard","Cold Snap","Steam+1"],"picked":"SKIP","floor":35},{"not_picked":["Stack","Barrage+1","Turbo"],"picked":"SKIP","floor":35}],"player_experience":217436,"relics_obtained":[{"floor":6,"key":"Kunai"},{"floor":8,"key":"Chameleon Ring"},{"floor":9,"key":"Frozen Egg 2"},{"floor":11,"key":"Pondfish Scales"},{"floor":12,"key":"Pear"},{"floor":14,"key":"HornCleat"},{"floor":23,"key":"Calipers"},{"floor":24,"key":"Smiling Mask"},{"floor":25,"key":"Nunchaku"},{"floor":26,"key":"MawBank"},{"floor":27,"key":"Centennial Puzzle"},{"floor":29,"key":"The Courier"},{"floor":31,"key":"Shuriken"},{"floor":38,"key":"Ancient Tea Set"}],"event_choices":[{"cards_removed":["Compile Driver"],"damage_healed":0,"gold_gain":0,"player_choice":"Card Removal","damage_taken":7,"max_hp_gain":0,"max_hp_loss":0,"event_name":"Golden Wing","floor":7,"gold_loss":0},{"damage_healed":0,"gold_gain":0,"player_choice":"Bought 0 Potions","damage_taken":0,"max_hp_gain":0,"max_hp_loss":0,"event_name":"The Woman in Blue","floor":19,"gold_loss":0},{"cards_removed":["Capacitor"],"damage_healed":0,"gold_gain":0,"player_choice":"Removed Power","damage_taken":0,"max_hp_gain":0,"max_hp_loss":0,"event_name":"Falling","floor":37,"gold_loss":0},{"damage_healed":0,"gold_gain":0,"player_choice":"Max HP","damage_taken":0,"max_hp_gain":0,"max_hp_loss":4,"event_name":"Winding Halls","floor":39,"gold_loss":0}],"is_beta":false,"boss_relics":[{"not_picked":["FrozenCore","Snecko Heart"],"picked":"Abe\u0027s Treasure"},{"not_picked":["SlaversCollar","Empty Cage"],"picked":"Sozu"}],"items_purged_floors":[5],"is_endless":false,"potions_floor_spawned":[4,6,11,22,23,24,29],"killed_by":"R_Hoarder","ascension_level":1}}