{"host":"c97twqu0op5dg8i4","time":1611149900,"event":{"mods":["AchievementEnabler","BaseMod","Colored Map","Minty Spire (QoL Compilation)","Permanent Neow"],"gold_per_floor":[119,47,47,58,58,58,58,68,68,143,143,143],"floor_reached":11,"language":"ENG","playtime":249,"items_purged":[],"score":104,"play_id":"e33b3810-277a-4526-93ce-d2886ec5bc3f","local_time":"20210120083820","is_ascension_mode":true,"campfire_choices":[{"data":"Backflip","floor":6,"key":"SMITH"}],"circlet_count":0,"master_deck":["Strike_G","Strike_G","Strike_G","Strike_G","Strike_G","Defend_G","Defend_G","Defend_G","Defend_G","Defend_G","Survivor","Neutralize+1","PiercingWail","Catalyst","Backflip+1","Skewer"],"relics":["Ring of the Snake","PreservedInsect"],"acts_visited":["Exordium"],"potions_floor_usage":[],"damage_taken":[{"damage":1,"enemies":"2 Louse","floor":1,"turns":3},{"damage":2,"enemies":"Jaw Worm","floor":4,"turns":4},{"damage":2,"enemies":"Cultist","floor":8,"turns":4},{"damage":51,"enemies":"Lagavulin","floor":11,"turns":8}],"seed_played":"7875844985802883574","potions_obtained":[{"floor":1,"key":"Poison Potion"},{"floor":8,"key":"SkillPotion"}],"is_trial":false,"path_per_floor":["M","$","?","M","?","R","$","M","T","?","E"],"character_chosen":"THE_SILENT","items_purchased":["Catalyst"],"campfire_rested":0,"item_purchase_floors":[2],"current_hp_per_floor":[58,58,58,56,61,61,61,59,59,48,0,0],"gold":143,"neow_bonus":"TWENTY_PERCENT_HP_BONUS","is_daily":false,"chose_seed":false,"campfire_upgraded":1,"win_rate":0.0,"timestamp":1611149900,"path_taken":["M","$","?","M","?","R","?","?","T","?","E"],"items_purchased_type":["Card"],"build_version":"2020-12-22","purchased_purges":0,"victory":false,"max_hp_per_floor":[84,84,84,84,89,89,89,89,89,89,89,89],"card_choices":[{"not_picked":["Calculated Gamble","Flying Knee"],"picked":"PiercingWail","floor":1},{"not_picked":["PiercingWail","Cloak And Dagger"],"picked":"Backflip","floor":4},{"not_picked":["Bane","PiercingWail"],"picked":"Skewer","floor":8}],"player_experience":277598,"relics_obtained":[{"floor":9,"key":"PreservedInsect"}],"event_choices":[{"damage_healed":0,"gold_gain":0,"player_choice":"Grow","damage_taken":0,"max_hp_gain":0,"max_hp_loss":0,"event_name":"Living Wall","floor":3,"gold_loss":0,"cards_upgraded":["Neutralize"]},{"damage_healed":0,"gold_gain":0,"player_choice":"Donut","damage_taken":0,"max_hp_gain":5,"max_hp_loss":0,"event_name":"Big Fish","floor":5,"gold_loss":0},{"damage_healed":0,"gold_gain":75,"player_choice":"Gather Gold","damage_taken":11,"max_hp_gain":0,"max_hp_loss":0,"event_name":"World of Goop","floor":10,"gold_loss":0}],"is_beta":false,"boss_relics":[],"items_purged_floors":[],"is_endless":false,"potions_floor_spawned":[1,8],"killed_by":"Lagavulin","ascension_level":6}}