{"host":"ctlqibkg0sskiu65","time":1611108917,"event":{"mods":["AchievementEnabler","Aspiration","BaseMod","BetterRewards","Colored Map","Colored Powertips","Conspire","Fiend Mod","Infinite Spire","Minty Spire (QoL Compilation)","Quick Restart","Replay The Spire","Shop Mod","StSLib","The Bladedancer","The Cursed","The Hierophant","The Jungle","The Kombatant","The Servant 0.9.4","TheBandit"],"gold_per_floor":[115,115,145,165,165,165,176,176,176,176,26,40,53,73,73,174,174,191,208,17,37,37,67,82,102,102,102,102,117,117,128,128,232,232,262,166,196,14,29,29,29,358,437,437,485,485,485,485,485,485,485],"floor_reached":50,"language":"ENG","playtime":2445,"items_purged":["Strike_G","ReplayTheSpireMod:Doomed","Strike_G"],"score":1087,"play_id":"c450b6dc-d69e-4e36-8f65-a6a06dc261fe","local_time":"20210119201517","is_ascension_mode":true,"campfire_choices":[{"data":"Skewer","floor":6.0,"key":"SMITH"},{"data":"Cloak And Dagger","floor":8.0,"key":"SMITH"},{"data":"Deflect","floor":10.0,"key":"SMITH"},{"data":"Survivor","floor":15.0,"key":"SMITH"},{"data":"Disarm","floor":27.0,"key":"SMITH"},{"data":"Adrenaline","floor":28.0,"key":"SMITH"},{"floor":30.0,"key":"REST"},{"data":"Blade Dance","floor":32.0,"key":"SMITH"},{"floor":41,"key":"REST"},{"floor":44,"key":"REST"},{"data":"Dagger Spray","floor":47,"key":"SMITH"},{"data":"Life Link","floor":49,"key":"SMITH"}],"circlet_count":0,"master_deck":["AscendersBane","Strike_G+1","Strike_G+1","Strike_G","Defend_G+1","Defend_G+1","Defend_G","Defend_G","Defend_G+1","Survivor+1","Neutralize+1","Cloak And Dagger+1","PiercingWail","Skewer+1","Deflect+1","Terror","Adrenaline+1","Disarm+1","Life Link+1","Blade Dance+1","Cleave","Malaise","Infernal Blade+1","Burst","Accuracy","Dark Shackles","Cloak And Dagger+1","Parasite","Dagger Spray+1"],"relics":["Ring of the Snake","Membership Card","Whetstone","infinitespire:Joker Card","War Paint","Mummified Hand","Nunchaku","Strange Spoon","aspiration:IroncladSkillbook","infinitespire:Lychee Nut","conspire:Dentures","WingedGreaves","infinitespire:EvilPickle","Black Star","ReplayTheSpireMod:CursedCoin","Gremlin Horn","Gremlin Food","Orichalcum","Old Coin","conspire:Flyswatter"],"acts_visited":["Exordium","TheCity","TheBeyond"],"potions_floor_usage":[33,33,39,40,50],"damage_taken":[{"damage":4.0,"enemies":"Jaw Worm","floor":1.0,"turns":5.0},{"damage":11.0,"enemies":"conspire:MimicChest","floor":3.0,"turns":7.0},{"damage":0.0,"enemies":"2 Louse","floor":4.0,"turns":2.0},{"damage":0.0,"enemies":"Cultist","floor":7.0,"turns":4.0},{"damage":0.0,"enemies":"Lots of Slimes","floor":12.0,"turns":5.0},{"damage":4.0,"enemies":"Exordium Thugs","floor":13.0,"turns":6.0},{"damage":0.0,"enemies":"Gremlin Gang","floor":14.0,"turns":6.0},{"damage":16.0,"enemies":"Slime Boss","floor":16.0,"turns":12.0},{"damage":13.0,"enemies":"Spheric Guardian","floor":18.0,"turns":6.0},{"damage":10.0,"enemies":"3 Byrds","floor":19.0,"turns":7.0},{"damage":6.0,"enemies":"Centurion and Healer","floor":21.0,"turns":9.0},{"damage":18.0,"enemies":"Slavers","floor":23.0,"turns":9.0},{"damage":15.0,"enemies":"Shelled Parasite and Fungi","floor":24.0,"turns":8.0},{"damage":19.0,"enemies":"Snake Plant","floor":25.0,"turns":7.0},{"damage":21.0,"enemies":"Centurion and Healer","floor":29.0,"turns":7.0},{"damage":0.0,"enemies":"Chosen and Byrds","floor":31.0,"turns":6.0},{"damage":24,"enemies":"Pondfish","floor":33,"turns":14},{"damage":12,"enemies":"Orb Walker","floor":35,"turns":6},{"damage":27,"enemies":"3 Darklings","floor":37,"turns":5},{"damage":3,"enemies":"Jaw Worm Horde","floor":39,"turns":5},{"damage":0,"enemies":"Reptomancer","floor":40,"turns":2},{"damage":9,"enemies":"Nemesis","floor":42,"turns":9},{"damage":11,"enemies":"Writhing Mass","floor":45,"turns":7},{"damage":77,"enemies":"Replay:Hell Engine","floor":50,"turns":6}],"seed_played":"-581350524073794195","potions_obtained":[{"floor":4.0,"key":"Cursed Concoction"},{"floor":5.0,"key":"LifebloodPotion"},{"floor":5.0,"key":"CultistPotion"},{"floor":13.0,"key":"Weak Potion"},{"floor":18.0,"key":"Block Potion"},{"floor":19.0,"key":"Milkshake"},{"floor":29.0,"key":"Weak Potion"},{"floor":33,"key":"SmokeBomb"},{"floor":37,"key":"Adrenaline Potion"},{"floor":45,"key":"CultistPotion"}],"is_trial":false,"path_per_floor":["M","?","?","M","?","R","M","R","T","R","$","M","M","M","R","B",null,"M","M","$","M","$","E","M","M","T","R","R","M","R","M","R","B",null,"M","$","M","$","M","E","R","E","T","R","M","R","R","?","R","B"],"character_chosen":"THE_SILENT","items_purchased":["Membership Card","Whetstone","Cloak And Dagger","PiercingWail","Nunchaku","Strange Spoon","infinitespire:Lychee Nut","ReplayTheSpireMod:CursedCoin","Gremlin Horn","Burst","Gremlin Food","Dark Shackles"],"campfire_rested":3,"item_purchase_floors":[0,0,0,0,11,11,20,36,36,36,38,38],"current_hp_per_floor":[59,59,48,48,48,48,48,48,48,48,48,48,44,44,44,28,60,51,45,45,49,49,41,36,27,27,27,27,16,31,41,41,27,46,44,44,27,27,34,41,52,48,48,52,48,48,48,48,48,0,0],"gold":485,"neow_bonus":"","is_daily":false,"chose_seed":false,"campfire_upgraded":9,"win_rate":0.0,"timestamp":1611108917,"path_taken":["M","?","?","M","?","R","M","R","T","R","$","M","?","M","R","BOSS","M","M","?","M","?","E","M","M","T","R","R","M","R","M","R","BOSS","M","$","M","$","M","E","R","E","T","R","?","R","R","?","R","BOSS"],"items_purchased_type":["Relic","Relic","Card","Card","Relic","Relic","Relic","Relic","Relic","Card","Relic","Card"],"build_version":"2020-12-22","purchased_purges":3,"victory":false,"max_hp_per_floor":[70,70,70,70,70,70,70,70,70,70,70,70,70,70,70,70,70,70,70,52,52,52,52,52,52,52,52,52,52,52,52,52,52,52,52,52,52,52,52,52,52,52,52,52,52,52,52,52,52,52,52],"card_choices":[{"not_picked":["conspire:PoisonWeapons","Expertise","Acrobatics"],"picked":"SKIP","floor":1.0},{"not_picked":["Backflip","Slice"],"picked":"Skewer","floor":3.0},{"not_picked":["Flying Knee","Underhanded Strike","Outmaneuver"],"picked":"SKIP","floor":4.0},{"not_picked":["Leg Sweep","Underhanded Strike"],"picked":"Deflect","floor":7.0},{"not_picked":["Backflip","Cloak And Dagger"],"picked":"Terror","floor":12.0},{"not_picked":["Tactician","Draining Mist","Choke"],"picked":"SKIP","floor":13.0},{"not_picked":["Deflect","Backflip","Dagger Throw"],"picked":"SKIP","floor":14.0},{"not_picked":["Venomology","Die Die Die"],"picked":"Adrenaline","floor":16.0},{"not_picked":["Slice","Sword Boomerang","Shrug It Off","Draining Mist"],"picked":"SKIP","floor":18.0},{"not_picked":["Reckless Charge","Clash","ReplayTheSpireMod:Stacked"],"picked":"Disarm","floor":19.0},{"not_picked":["Concentrate","True Grit","Headbutt","Draining Mist"],"picked":"SKIP","floor":21.0},{"not_picked":["Wild Strike","conspire:Charge","Masterful Stab+1"],"picked":"Life Link","floor":23.0},{"not_picked":["Entrench+1","conspire:Charge","True Grit","Sucker Punch"],"picked":"SKIP","floor":24.0},{"not_picked":["Riddle With Holes","ReplayTheSpireMod:Speed Training","Heavy Blade"],"picked":"Blade Dance","floor":25.0},{"not_picked":["Riddle With Holes","Hidden Blade","Shrug It Off"],"picked":"Cleave","floor":29.0},{"not_picked":["Body Slam","Sucker Punch","Berserk","Flex"],"picked":"SKIP","floor":31.0},{"not_picked":["Envenom","Storm of Steel","Hemogenesis"],"picked":"Malaise","floor":33},{"not_picked":["Clothesline","Slice","Iron Wave"],"picked":"Infernal Blade+1","floor":35},{"not_picked":["Dagger Spray+1","Dagger Throw","Heavy Blade"],"picked":"Accuracy","floor":37},{"not_picked":["Warcry","Underhanded Strike+1","Wild Strike","conspire:ExplosiveBarrier"],"picked":"SKIP","floor":39},{"not_picked":["Fiend Fire","Deadly Poison","Armaments+1"],"picked":"Cloak And Dagger+1","floor":42},{"not_picked":["Sword Boomerang+1","Sucker Punch","Entrench+1"],"picked":"Dagger Spray","floor":45}],"player_experience":197463,"relics_obtained":[{"floor":3.0,"key":"War Paint"},{"floor":9.0,"key":"Mummified Hand"},{"floor":23.0,"key":"conspire:Dentures"},{"floor":26.0,"key":"WingedGreaves"},{"floor":42,"key":"Orichalcum"},{"floor":42,"key":"Old Coin"},{"floor":43,"key":"conspire:Flyswatter"}],"event_choices":[{"damage_healed":0.0,"max_hp_gain":0.0,"max_hp_loss":0.0,"gold_gain":0.0,"event_name":"Liars Game","player_choice":"Ignored","floor":2.0,"gold_loss":0.0,"damage_taken":0.0},{"damage_healed":0.0,"max_hp_gain":0.0,"max_hp_loss":0.0,"gold_gain":0.0,"event_name":"Lab","player_choice":"Got Potions","floor":5.0,"gold_loss":0.0,"damage_taken":0.0}],"is_beta":false,"boss_relics":[{"not_picked":["Velvet Choker","Ring of the Serpent"],"picked":"aspiration:IroncladSkillbook"},{"not_picked":["conspire:SlowCooker","aspiration:RitualDagger"],"picked":"Black Star"}],"items_purged_floors":[20,36,38],"is_endless":false,"potions_floor_spawned":[4,12,13,18,19,29,33,37,42,45],"killed_by":"Replay:Hell Engine","ascension_level":12}}