{"host":"fzku1ofsxv8lro8o","time":1611120836,"event":{"mods":["BaseMod","Colored Map","Downfall","Minty Spire (QoL Compilation)","Relic Stats","StSLib","everything is the same but u backflip on backflip"],"gold_per_floor":[99,112,112,123,142,142,142,155,183,183,83,116,16,27,40,140,140,140,152,164,74,92,103,103,3,3,18,36,63,63,63,82,177,177,177,197,99,118,205,205,205,205,235,254,254,285,285,296,310,310,310,337,63,63,63,63,63],"floor_reached":55,"language":"ENG","playtime":3595,"items_purged":["bronze:Strike","bronze:Strike","bronze:Strike"],"score":1035,"play_id":"1a83f80b-c6d0-4271-ac44-54d130c2fe5a","local_time":"20210120083356","is_ascension_mode":true,"campfire_choices":[{"data":"bronze:Replicate","floor":1,"key":"SMITH"},{"data":"bronze:DigitalCarnage","floor":6,"key":"SMITH"},{"data":"bronze:Iterate","floor":11,"key":"SMITH"},{"data":"bronze:Separator","floor":13,"key":"SMITH"},{"floor":18,"key":"RECALL"},{"data":"bronze:HardenedForm","floor":25,"key":"SMITH"},{"data":"bronze:Flail","floor":30,"key":"SMITH"},{"data":"bronze:Frontload","floor":35,"key":"SMITH"},{"data":"bronze:Iterate","floor":45,"key":"SMITH"},{"floor":47,"key":"REST"},{"data":"bronze:Flail","floor":54,"key":"SMITH"}],"circlet_count":0,"master_deck":["bronze:Defend","bronze:Defend","bronze:Defend","bronze:Defend","bronze:Replicate+1","bronze:Goto+1","bronze:DigitalCarnage+1","bronze:BitShift","bronze:Frontload+1","bronze:Iterate+1","bronze:Separator+1","bronze:Flail+1","bronze:Format","bronze:HardenedForm+1","bronze:Flail+1","bronze:BronzeOrb","bronze:Iterate+1","bronze:Shell+1","bronze:Fortify+1","bronze:Verify","CurseOfTheBell","bronze:Refactor","expansioncontent:Chronoboost","bronze:DelayedGuard+1","bronze:DelayedGuard","bronze:Shell+1","bronze:Turbo+1"],"relics":["bronze:BronzeCore","Guardian:GemstoneGun","GremlinMask","downfall:HeartBlessingGreen","Bag of Preparation","downfall:HeartBlessingBlue","Cursed Key","downfall:HeartBlessingRed","Bottled Tornado","Calling Bell","PreservedInsect","Blue Candle","CaptainsWheel","ClockworkSouvenir","bronze:BottledCode","Molten Egg 2","hexamod:Sixitude","Bronze Scales","HandDrill"],"acts_visited":["Exordium","TheCity","TheBeyond","TheEnding"],"potions_floor_usage":[],"damage_taken":[{"damage":0,"enemies":"Small Slimes","floor":2,"turns":3},{"damage":0,"enemies":"Cultist","floor":4,"turns":2},{"damage":0,"enemies":"2 Louse","floor":5,"turns":2},{"damage":8,"enemies":"Red Slaver","floor":8,"turns":2},{"damage":21,"enemies":"Lagavulin","floor":9,"turns":5},{"damage":4,"enemies":"3 Sentries","floor":12,"turns":7},{"damage":0,"enemies":"Exordium Thugs","floor":14,"turns":2},{"damage":0,"enemies":"Large Slime","floor":15,"turns":3},{"damage":52,"enemies":"SI_SHIV_ARCHETYPE","floor":16,"turns":12},{"damage":4,"enemies":"3 Byrds","floor":19,"turns":4},{"damage":10,"enemies":"Chosen","floor":20,"turns":2},{"damage":0,"enemies":"downfall:FleeingMerchant","floor":21,"turns":4},{"damage":0,"enemies":"Sentry and Sphere","floor":22,"turns":5},{"damage":0,"enemies":"Chosen and Byrds","floor":23,"turns":5},{"damage":0,"enemies":"Shelled Parasite and Fungi","floor":27,"turns":2},{"damage":0,"enemies":"Snecko","floor":28,"turns":2},{"damage":0,"enemies":"Gremlin Leader","floor":29,"turns":4},{"damage":0,"enemies":"Centurion and Healer","floor":32,"turns":3},{"damage":16,"enemies":"IC_MUSHROOM_ARCHETYPE","floor":33,"turns":5},{"damage":8,"enemies":"3 Darklings","floor":36,"turns":3},{"damage":0,"enemies":"downfall:FleeingMerchant","floor":37,"turns":4},{"damage":8,"enemies":"Orb Walker","floor":38,"turns":4},{"damage":0,"enemies":"downfall:FleeingMerchant","floor":39,"turns":4},{"damage":6,"enemies":"Giant Head","floor":43,"turns":9},{"damage":5,"enemies":"Maw","floor":44,"turns":8},{"damage":32,"enemies":"Reptomancer","floor":46,"turns":5},{"damage":0,"enemies":"4 Shapes","floor":48,"turns":4},{"damage":0,"enemies":"Jaw Worm Horde","floor":49,"turns":2},{"damage":1,"enemies":"DF_ARCHETYPE_ORBS","floor":50,"turns":13},{"damage":10,"enemies":"downfall:CharBossMerchant","floor":52,"turns":11},{"damage":38,"enemies":"downfall:NeowBoss","floor":55,"turns":10}],"seed_played":"-1051721169540782152","potions_obtained":[{"floor":2,"key":"Dexterity Potion"},{"floor":12,"key":"Strength Potion"},{"floor":14,"key":"Explosive Potion"},{"floor":43,"key":"FearPotion"}],"is_trial":false,"path_per_floor":["R","M","?","M","M","R","T","M","E","?","R","E","R","M","M","B",null,"R","M","M","$","M","M","T","R","?","M","M","E","R","T","M","B",null,"R","M","$","M","$","?","T","?","E","M","R","E","R","M","M","B",null,"E","$","R","B"],"character_chosen":"THE_AUTOMATON","items_purchased":["expansioncontent:Chronoboost","ClockworkSouvenir","HandDrill"],"campfire_rested":1,"item_purchase_floors":[37,39,53],"current_hp_per_floor":[77,77,82,82,82,82,82,74,53,53,53,49,59,59,59,7,92,92,88,78,78,78,78,78,78,70,70,70,70,70,70,70,54,92,92,84,84,76,76,76,76,76,70,65,65,33,57,57,57,56,82,72,72,72,34,34,34],"gold":63,"neow_bonus":"TEN_PERCENT_HP_BONUS","is_daily":false,"chose_seed":false,"campfire_upgraded":9,"win_rate":0.0,"timestamp":1611120836,"path_taken":["R","M","?","M","M","R","T","M","E","?","R","E","R","M","M","BOSS","R","M","M","?","M","M","T","R","?","M","?","E","R","?","M","BOSS","R","M","$","M","$","?","T","?","E","M","R","E","R","M","M","BOSS","E","$","R","BOSS"],"items_purchased_type":["Card","Relic","Relic"],"build_version":"2020-12-22","purchased_purges":3,"victory":false,"max_hp_per_floor":[77,77,82,82,82,82,82,82,82,82,82,82,92,92,92,92,92,92,92,92,92,92,92,92,92,92,92,92,92,92,92,92,92,92,92,92,92,92,92,92,92,82,82,82,82,82,82,82,82,82,82,82,82,82,82,82,82],"relic_stats":{"counters":[31,151],"Blue Candle":[2],"Bronze Scales":[36],"PreservedInsect":283,"Bag of Preparation":[50],"HandDrill":[10],"Cursed Key":0,"obtain_stats":[{"bronze:BronzeCore":0,"downfall:HeartBlessingRed":25,"Guardian:GemstoneGun":9,"Blue Candle":34,"hexamod:Sixitude":46,"GremlinMask":10,"downfall:HeartBlessingGreen":11,"PreservedInsect":34,"Bag of Preparation":12,"Bottled Tornado":29,"Cursed Key":17,"ClockworkSouvenir":39,"Calling Bell":34,"bronze:BottledCode":42,"CaptainsWheel":34,"downfall:HeartBlessingBlue":13,"Bronze Scales":52,"Molten Egg 2":43,"HandDrill":53},{"bronze:BronzeCore":0,"downfall:HeartBlessingRed":14,"Guardian:GemstoneGun":5,"Blue Candle":19,"hexamod:Sixitude":26,"GremlinMask":5,"downfall:HeartBlessingGreen":5,"PreservedInsect":19,"Bag of Preparation":6,"Bottled Tornado":17,"Cursed Key":9,"ClockworkSouvenir":23,"Calling Bell":19,"bronze:BottledCode":23,"CaptainsWheel":19,"downfall:HeartBlessingBlue":6,"Bronze Scales":30,"Molten Egg 2":24,"HandDrill":30},{"bronze:BronzeCore":0,"downfall:HeartBlessingRed":58,"Guardian:GemstoneGun":14,"Blue Candle":74,"hexamod:Sixitude":111,"GremlinMask":14,"downfall:HeartBlessingGreen":14,"PreservedInsect":74,"Bag of Preparation":21,"Bottled Tornado":66,"Cursed Key":38,"ClockworkSouvenir":89,"Calling Bell":74,"bronze:BottledCode":89,"CaptainsWheel":74,"downfall:HeartBlessingBlue":21,"Bronze Scales":141,"Molten Egg 2":98,"HandDrill":141}]},"card_choices":[{"not_picked":["bronze:BugBarrage","bronze:CutThrough"],"picked":"bronze:DigitalCarnage","floor":2},{"not_picked":["bronze:Invalidate","bronze:ChildClass"],"picked":"bronze:BitShift","floor":4},{"not_picked":["bronze:Overheat","bronze:ForceShield","bronze:Safeguard"],"picked":"SKIP","floor":5},{"not_picked":["bronze:Constructor","bronze:Philosophize"],"picked":"bronze:Frontload","floor":8},{"not_picked":["bronze:Overheat","bronze:Terminator"],"picked":"bronze:Iterate","floor":9},{"not_picked":["bronze:ChildClass","bronze:BronzeArmor"],"picked":"bronze:Separator","floor":12},{"not_picked":["bronze:Overheat","bronze:CutThrough"],"picked":"bronze:Flail","floor":14},{"not_picked":["bronze:Terminator","bronze:ItsAFeature"],"picked":"bronze:Format","floor":15},{"not_picked":["bronze:Format","bronze:RecursiveStrike"],"picked":"bronze:HardenedForm","floor":16},{"not_picked":["bronze:OilSpill","bronze:Invalidate"],"picked":"bronze:Flail","floor":19},{"not_picked":["bronze:Branch","bronze:Separator"],"picked":"bronze:BronzeOrb","floor":20},{"not_picked":["bronze:Frontload","bronze:NullPointer","bronze:Overload"],"picked":"SKIP","floor":21},{"not_picked":["bronze:DelayedSlice","bronze:CloningBeam"],"picked":"bronze:Iterate","floor":22},{"not_picked":["bronze:BitShift","bronze:Repair"],"picked":"bronze:Shell+1","floor":23},{"not_picked":["bronze:Repair","bronze:ForceShield","bronze:Shield"],"picked":"SKIP","floor":27},{"not_picked":["bronze:BugBarrage","bronze:CutThrough+1","bronze:Constructor"],"picked":"SKIP","floor":28},{"not_picked":["bronze:Overheat+1","bronze:WildBeam","bronze:Safeguard"],"picked":"SKIP","floor":29},{"not_picked":["bronze:BuggyMess+1","bronze:Backtrace"],"picked":"bronze:Fortify+1","floor":32},{"not_picked":["bronze:ThunderWave","bronze:Virus"],"picked":"bronze:Verify","floor":33},{"not_picked":["bronze:BuggyMess","bronze:Turbo+1"],"picked":"bronze:Refactor","floor":36},{"not_picked":["bronze:Iterate","bronze:WhirlingStrike","bronze:ForLoop+1"],"picked":"SKIP","floor":37},{"not_picked":["bronze:BuggyMess","bronze:GetLatest+1","bronze:Refactor"],"picked":"SKIP","floor":38},{"not_picked":["bronze:Philosophize","bronze:CutThrough+1"],"picked":"bronze:DelayedGuard+1","floor":39},{"not_picked":["bronze:WildBeam+1","bronze:BugBarrage+1","bronze:HyperBeam+1"],"picked":"SKIP","floor":43},{"not_picked":["bronze:WildBeam+1","bronze:BugBarrage+1","bronze:HyperBeam+1"],"picked":"SKIP","floor":43},{"not_picked":["bronze:Separator+1","bronze:Frontload+1"],"picked":"bronze:DelayedGuard","floor":44},{"not_picked":["bronze:WhirlingStrike+1","bronze:OilSpill+1"],"picked":"bronze:Shell+1","floor":46},{"not_picked":["bronze:WildBeam+1","bronze:Frontload"],"picked":"bronze:Turbo+1","floor":48},{"not_picked":["bronze:BugBarrage+1","bronze:Shell+1","bronze:Safeguard+1"],"picked":"SKIP","floor":49},{"not_picked":["bronze:Invalidate+1","bronze:HardenedForm","bronze:Shield+1"],"picked":"SKIP","floor":52}],"player_experience":882409,"relics_obtained":[{"floor":9,"key":"Guardian:GemstoneGun"},{"floor":12,"key":"Bag of Preparation"},{"floor":29,"key":"Bottled Tornado"},{"floor":34,"key":"PreservedInsect"},{"floor":34,"key":"Blue Candle"},{"floor":34,"key":"CaptainsWheel"},{"floor":43,"key":"Molten Egg 2"},{"floor":46,"key":"hexamod:Sixitude"},{"floor":52,"key":"Bronze Scales"}],"event_choices":[{"damage_healed":0,"gold_gain":0,"player_choice":"Donut","damage_taken":0,"max_hp_gain":5,"max_hp_loss":0,"event_name":"Big Fish","floor":3,"gold_loss":0},{"damage_healed":0,"gold_gain":0,"player_choice":"Trade","damage_taken":0,"relics_obtained":["GremlinMask"],"max_hp_gain":0,"max_hp_loss":0,"event_name":"FaceTrader","floor":10,"gold_loss":0}],"is_beta":false,"boss_relics":[{"not_picked":["Philosopher\u0027s Stone","Astrolabe"],"picked":"Cursed Key"},{"not_picked":["Busted Crown","bronze:MakeshiftBattery"],"picked":"Calling Bell"}],"items_purged_floors":[21,39,53],"is_endless":false,"potions_floor_spawned":[2,12,14,15,19,20,28,36,43,44,48],"killed_by":"downfall:NeowBoss","ascension_level":1}}