{"host":"l7l2v2zs4hqku4vk","time":1611139370,"event":{"mods":["Act Like it!","BaseMod","Colored Powertips","Highlight Path","Minty Spire (QoL Compilation)","Replay The Spire","RumiaBox-露米娅的神秘盒子","StSLib","TestMod","The Servant 0.9.4","篝火指南"],"gold_per_floor":[113,132,152,152,171,202,202,202,202],"floor_reached":8,"language":"ZHS","playtime":398,"items_purged":[],"score":116,"play_id":"c0dde4b7-a879-44c4-8d8d-0f210c673ded","local_time":"20210120184250","is_ascension_mode":true,"campfire_choices":[{"data":"Deadly Poison","floor":7,"key":"SMITH"}],"circlet_count":0,"master_deck":["AscendersBane","Strike_G","Strike_G","Strike_G","Strike_G","Defend_G","Defend_G","Defend_G","Defend_G","Defend_G","Survivor","Neutralize+1","Dagger Spray","ReplayTheSpireMod:Speed Training","Cloak And Dagger","Deadly Poison+1","Catalyst"],"relics":["Ring of the Snake","testmod-TestBox","testmod-Temperance","Replay:Baseball"],"acts_visited":["Exordium"],"potions_floor_usage":[6,6],"damage_taken":[{"damage":4,"enemies":"2 Louse","floor":1,"turns":4},{"damage":6,"enemies":"Jaw Worm","floor":2,"turns":4},{"damage":10,"enemies":"Cultist","floor":3,"turns":5},{"damage":12,"enemies":"Red Slaver","floor":5,"turns":6},{"damage":20,"enemies":"Gremlin Nob","floor":6,"turns":4},{"damage":9,"enemies":"Lagavulin","floor":8,"turns":2}],"seed_played":"-7922864294648931349","potions_obtained":[{"floor":2,"key":"Block Potion"},{"floor":3,"key":"ColorlessPotion"}],"is_trial":false,"path_per_floor":["M","M","M","?","M","E","R","E"],"character_chosen":"THE_SILENT","items_purchased":[],"campfire_rested":0,"item_purchase_floors":[],"current_hp_per_floor":[55,49,39,39,27,7,7,0,0],"gold":202,"neow_bonus":"UPGRADE_CARD","is_daily":false,"chose_seed":false,"campfire_upgraded":1,"win_rate":0.0,"timestamp":1611139370,"path_taken":["M","M","M","?","M","E","R","E"],"items_purchased_type":[],"build_version":"2020-12-22","purchased_purges":0,"victory":false,"max_hp_per_floor":[66,66,66,66,66,66,66,66,66],"card_choices":[{"not_picked":["Flying Knee","Dagger Throw"],"picked":"Dagger Spray","floor":1},{"not_picked":["All Out Attack","PiercingWail"],"picked":"ReplayTheSpireMod:Speed Training","floor":2},{"not_picked":["Deflect","ReplayTheSpireMod:The Works"],"picked":"Cloak And Dagger","floor":3},{"not_picked":["Poisoned Stab","Crippling Poison"],"picked":"Deadly Poison","floor":5},{"not_picked":["Phantasmal Killer","Terror"],"picked":"Catalyst","floor":6}],"player_experience":1715781,"relics_obtained":[{"floor":6,"key":"Replay:Baseball"}],"event_choices":[{"damage_healed":0,"gold_gain":0,"player_choice":"Ignored","damage_taken":0,"max_hp_gain":0,"max_hp_loss":0,"event_name":"给自己的盒子","floor":4,"gold_loss":0}],"is_beta":false,"boss_relics":[],"items_purged_floors":[],"is_endless":false,"potions_floor_spawned":[2,3,5],"killed_by":"Lagavulin","ascension_level":20}}