{"host":"2hea6pl5vmah38iy","time":1611181693,"event":{"mods":["AchievementEnabler","BaseMod","Colored Map","DeckTracker","Keyboard Shortcuts","Minty Spire (QoL Compilation)","Rare Cards Sparkle","StSLib","SuperFastMode","everything is the same but u backflip on backflip"],"gold_per_floor":[20,20,20,43,61,61,76,76,101,126,51,72,87,87,87,180,180,194,212,54,54,54,75,75,90,117,117,117,137,137,161,161,257,257,271,271,286,115,415,415,415,415],"floor_reached":41,"language":"KOR","playtime":1672,"items_purged":[],"score":712,"play_id":"68d2236c-a6b7-4352-a9b9-1dc72f3fe8d9","local_time":"20210121072813","is_ascension_mode":true,"campfire_choices":[{"data":"Defragment","floor":6.0,"key":"SMITH"},{"data":"Zap","floor":8.0,"key":"SMITH"},{"data":"Coolheaded","floor":15.0,"key":"SMITH"},{"floor":24.0,"key":"REST"},{"data":"Echo Form","floor":27.0,"key":"SMITH"},{"data":"Capacitor","floor":32.0,"key":"SMITH"},{"data":"Zap","floor":40.0,"key":"SMITH"}],"circlet_count":0,"master_deck":["AscendersBane","Zap+1","Dualcast+1","Defragment+1","Self Repair","Go for the Eyes","Capacitor+1","Coolheaded+1","Recycle","Biased Cognition","Chill","Genetic Algorithm","Echo Form+1","Storm","Tempest","Force Field","Ghostly","Ghostly","Ghostly","Core Surge","Undo","Zap+1","FTL+1"],"relics":["Cracked Core","Golden Idol","Omamori","Toy Ornithopter","Pandora\u0027s Box","Bag of Preparation","Juzu Bracelet","Nuclear Battery","Runic Capacitor"],"acts_visited":["Exordium","TheCity","TheBeyond"],"potions_floor_usage":[41],"damage_taken":[{"damage":3.0,"enemies":"2 Louse","floor":1.0,"turns":3.0},{"damage":14.0,"enemies":"Small Slimes","floor":4.0,"turns":4.0},{"damage":6.0,"enemies":"Cultist","floor":5.0,"turns":3.0},{"damage":6.0,"enemies":"2 Fungi Beasts","floor":7.0,"turns":3.0},{"damage":14.0,"enemies":"Looter","floor":10.0,"turns":3.0},{"damage":15.0,"enemies":"Exordium Thugs","floor":12.0,"turns":4.0},{"damage":9.0,"enemies":"Blue Slaver","floor":13.0,"turns":4.0},{"damage":7.0,"enemies":"Hexaghost","floor":16.0,"turns":9.0},{"damage":40.0,"enemies":"2 Thieves","floor":18.0,"turns":3.0},{"damage":9.0,"enemies":"Spheric Guardian","floor":19.0,"turns":4.0},{"damage":16.0,"enemies":"Snecko","floor":23.0,"turns":4.0},{"damage":13.0,"enemies":"Centurion and Healer","floor":25.0,"turns":5.0},{"damage":11.0,"enemies":"Snake Plant","floor":29.0,"turns":4.0},{"damage":6.0,"enemies":"Chosen and Byrds","floor":31.0,"turns":5.0},{"damage":2.0,"enemies":"Champ","floor":33.0,"turns":10.0},{"damage":2.0,"enemies":"Orb Walker","floor":35.0,"turns":5.0},{"damage":0.0,"enemies":"3 Shapes","floor":37.0,"turns":5.0},{"damage":32,"enemies":"Reptomancer","floor":41,"turns":2}],"seed_played":"-5347707314533677039","potions_obtained":[{"floor":1.0,"key":"ColorlessPotion"},{"floor":7.0,"key":"BlessingOfTheForge"},{"floor":12.0,"key":"BlessingOfTheForge"},{"floor":13.0,"key":"FocusPotion"},{"floor":18.0,"key":"AttackPotion"},{"floor":25.0,"key":"ColorlessPotion"},{"floor":33.0,"key":"Dexterity Potion"}],"is_trial":false,"path_per_floor":["M","?","?","M","M","R","M","R","T","M","?","M","M","?","R","B",null,"M","M","$","?","?","M","R","M","T","R","?","M","?","M","R","B",null,"M","?","M","$","?","R","E"],"character_chosen":"DEFECT","items_purchased":["Bag of Preparation","Runic Capacitor"],"campfire_rested":1,"item_purchase_floors":[20,38],"current_hp_per_floor":[61,61,43,29,30,30,24,24,24,22,22,14,20,20,20,25,54,14,17,17,17,17,8,27,33,33,33,32,21,21,29,29,32,32,32,32,32,32,32,32,0,0],"gold":415,"neow_bonus":"REMOVE_TWO","is_daily":false,"chose_seed":false,"campfire_upgraded":6,"win_rate":0.0,"timestamp":1611181693,"path_taken":["M","?","?","M","M","R","M","R","T","M","?","M","M","?","R","BOSS","M","M","?","?","?","M","R","M","T","R","?","M","?","M","R","BOSS","M","?","M","$","?","R","E"],"items_purchased_type":["Relic","Relic"],"build_version":"2020-12-22","purchased_purges":0,"victory":false,"max_hp_per_floor":[71,64,64,64,64,64,64,64,64,64,64,64,64,64,64,64,64,64,64,64,64,64,64,64,64,64,64,32,32,32,32,32,32,32,32,32,32,32,32,32,32,32],"card_choices":[{"not_picked":["Rebound","Conserve Battery"],"picked":"Defragment","floor":1.0},{"not_picked":["Steam","Blizzard"],"picked":"Self Repair","floor":4.0},{"not_picked":["Hello World","Conserve Battery"],"picked":"Go for the Eyes","floor":5.0},{"not_picked":["Coolheaded","Defragment"],"picked":"Capacitor","floor":7.0},{"not_picked":["Static Discharge","Beam Cell","Stack"],"picked":"SKIP","floor":10.0},{"not_picked":["Hologram","All For One"],"picked":"Coolheaded","floor":12.0},{"not_picked":["Rip and Tear","Streamline"],"picked":"Recycle","floor":13.0},{"not_picked":["Reboot","Amplify"],"picked":"Biased Cognition","floor":16.0},{"not_picked":["Gash","Stack+1","Compile Driver"],"picked":"SKIP","floor":18.0},{"not_picked":["Streamline","All For One"],"picked":"Force Field","floor":19.0},{"not_picked":["Leap","Tempest"],"picked":"Aggregate","floor":23.0},{"not_picked":["Leap","Stack","Redo"],"picked":"SKIP","floor":25.0},{"not_picked":["Beam Cell","Double Energy+1","Sunder"],"picked":"SKIP","floor":29.0},{"not_picked":["Sunder","Conserve Battery","Compile Driver"],"picked":"SKIP","floor":31.0},{"not_picked":["All For One","Rainbow"],"picked":"Core Surge","floor":33.0},{"not_picked":["Reprogram+1","Static Discharge+1","Streamline"],"picked":"SKIP","floor":35.0},{"not_picked":["Go for the Eyes+1","Stack"],"picked":"FTL+1","floor":37.0}],"player_experience":511567,"relics_obtained":[{"floor":9.0,"key":"Toy Ornithopter"},{"floor":26.0,"key":"Juzu Bracelet"}],"event_choices":[{"damage_healed":0.0,"max_hp_gain":0.0,"max_hp_loss":7.0,"gold_gain":0.0,"event_name":"Golden Idol","player_choice":"Lose Max HP","floor":2.0,"gold_loss":0.0,"damage_taken":0.0,"relics_obtained":["Golden Idol"]},{"damage_healed":0.0,"max_hp_gain":0.0,"max_hp_loss":0.0,"gold_gain":0.0,"event_name":"Scrap Ooze","player_choice":"Success","floor":3.0,"gold_loss":0.0,"damage_taken":18.0,"relics_obtained":["Omamori"]},{"cards_removed":["Strike_B"],"damage_healed":0.0,"max_hp_gain":0.0,"max_hp_loss":0.0,"gold_gain":0.0,"event_name":"The Cleric","player_choice":"Card Removal","floor":11.0,"gold_loss":75.0,"damage_taken":0.0},{"damage_healed":0.0,"max_hp_gain":0.0,"max_hp_loss":0.0,"gold_gain":0.0,"event_name":"Accursed Blacksmith","player_choice":"Forge","floor":14.0,"gold_loss":0.0,"damage_taken":0.0,"cards_upgraded":["Dualcast"]},{"damage_healed":0.0,"max_hp_gain":0.0,"max_hp_loss":0.0,"gold_gain":0.0,"event_name":"Vampires","player_choice":"Ignored","floor":21.0,"gold_loss":0.0,"damage_taken":0.0},{"damage_healed":0.0,"max_hp_gain":0.0,"max_hp_loss":0.0,"gold_gain":0.0,"event_name":"Transmorgrifier","player_choice":"Ignored","floor":22.0,"gold_loss":0.0,"damage_taken":0.0},{"damage_healed":0.0,"max_hp_gain":0.0,"max_hp_loss":32.0,"gold_gain":0.0,"event_name":"Ghosts","player_choice":"Became a Ghost","floor":28.0,"gold_loss":0.0,"damage_taken":0.0,"cards_obtained":["Ghostly","Ghostly","Ghostly"]},{"cards_removed":["Aggregate"],"damage_healed":0.0,"max_hp_gain":0.0,"max_hp_loss":0.0,"gold_gain":0.0,"event_name":"Back to Basics","player_choice":"Elegance","floor":30.0,"gold_loss":0.0,"damage_taken":0.0},{"damage_healed":0.0,"max_hp_gain":0.0,"max_hp_loss":0.0,"gold_gain":0.0,"event_name":"Match and Keep!","player_choice":"2 cards matched","floor":36.0,"gold_loss":0.0,"damage_taken":0.0,"cards_obtained":["Undo","Zap"]},{"damage_healed":0.0,"max_hp_gain":0.0,"max_hp_loss":0.0,"gold_gain":300.0,"event_name":"Wheel of Change","player_choice":"Gold","floor":39.0,"gold_loss":0.0,"damage_taken":0.0}],"is_beta":false,"boss_relics":[{"not_picked":["Runic Dome","Calling Bell"],"picked":"Pandora\u0027s Box"},{"not_picked":["Snecko Eye","Sozu"],"picked":"Nuclear Battery"}],"items_purged_floors":[],"is_endless":false,"potions_floor_spawned":[1,7,12,13,18,25,33,37],"killed_by":"Reptomancer","ascension_level":17}}