{"host":"v4pe0ixo3k7iwzp0","time":1611109326,"event":{"mods":["Ascension Reborn","BaseMod","Bestiary","Highlight Path","Minty Spire (QoL Compilation)","StSLib","The Marked"],"gold_per_floor":[119,119,130,149,164,190,140,151,151,151,91,91,104,119,119,119,119],"floor_reached":16,"language":"ENG","playtime":660,"items_purged":["Strike_R"],"score":104,"play_id":"acd9eac0-595f-4a9f-82b4-0889e767ea2d","local_time":"20210119182206","is_ascension_mode":true,"campfire_choices":[{"floor":10,"key":"REST"},{"floor":12,"key":"REST"},{"floor":15,"key":"REST"}],"circlet_count":0,"master_deck":["Strike_R","Strike_R","Strike_R","Defend_R","Defend_R","Defend_R","Defend_R","Bash","Dropkick"],"relics":["Burning Blood","The Courier","Ornamental Fan"],"acts_visited":["Exordium"],"potions_floor_usage":[16,16,16],"damage_taken":[{"damage":2.0,"enemies":"Small Slimes","floor":1.0,"turns":4.0},{"damage":1.0,"enemies":"Cultist","floor":3.0,"turns":3.0},{"damage":1.0,"enemies":"Jaw Worm","floor":4.0,"turns":3.0},{"damage":26.0,"enemies":"Exordium Wildlife","floor":5.0,"turns":7.0},{"damage":54,"enemies":"Gremlin Nob","floor":6,"turns":5},{"damage":19,"enemies":"Red Slaver","floor":8,"turns":6},{"damage":12,"enemies":"2 Fungi Beasts","floor":13,"turns":4},{"damage":7,"enemies":"Looter","floor":14,"turns":5},{"damage":90,"enemies":"The Guardian","floor":16,"turns":17}],"seed_played":"-8217132206485307051","potions_obtained":[{"floor":1.0,"key":"EssenceOfSteel"},{"floor":4.0,"key":"Fruit Juice"},{"floor":6,"key":"SpeedPotion"},{"floor":13,"key":"FearPotion"},{"floor":14,"key":"Block Potion"}],"is_trial":false,"path_per_floor":["M","?","M","M","M","E","?","M","T","R","$","R","M","M","R","B"],"character_chosen":"IRONCLAD","items_purchased":[],"campfire_rested":3,"item_purchase_floors":[],"current_hp_per_floor":[88,88,88,93,73,25,25,12,12,39,39,66,60,59,86,0,0],"gold":119,"neow_bonus":"TEN_PERCENT_HP_BONUS","is_daily":false,"chose_seed":false,"campfire_upgraded":0,"win_rate":0.0,"timestamp":1611109326,"path_taken":["M","?","M","M","?","E","?","M","T","R","?","R","M","M","R","BOSS"],"items_purchased_type":[],"build_version":"2020-12-22","purchased_purges":1,"victory":false,"max_hp_per_floor":[88,88,88,93,93,93,93,93,93,93,93,93,93,93,93,93,93],"card_choices":[{"not_picked":["Searing Blow","Infernal Blade"],"picked":"Dropkick","floor":1.0},{"not_picked":["Body Slam","Uppercut","True Grit"],"picked":"SKIP","floor":3.0},{"not_picked":["Warcry","Sentinel","Twin Strike"],"picked":"SKIP","floor":4.0},{"not_picked":["Armaments","Pommel Strike","Body Slam"],"picked":"SKIP","floor":5.0},{"not_picked":["Double Tap","Second Wind","Wild Strike"],"picked":"SKIP","floor":6},{"not_picked":["Feel No Pain","Havoc","Carnage"],"picked":"SKIP","floor":8},{"not_picked":["Armaments","Body Slam","Warcry"],"picked":"SKIP","floor":13},{"not_picked":["Infernal Blade","Carnage","Shrug It Off"],"picked":"SKIP","floor":14}],"player_experience":152521,"relics_obtained":[{"floor":6,"key":"The Courier"},{"floor":9,"key":"Ornamental Fan"}],"event_choices":[{"damage_healed":0.0,"max_hp_gain":0.0,"max_hp_loss":0.0,"gold_gain":0.0,"event_name":"FaceTrader","player_choice":"Leave","floor":2.0,"gold_loss":0.0,"damage_taken":0.0},{"cards_removed":["Strike_R"],"damage_healed":0,"gold_gain":0,"player_choice":"Card Removal","damage_taken":0,"max_hp_gain":0,"max_hp_loss":0,"event_name":"The Cleric","floor":7,"gold_loss":50}],"is_beta":false,"boss_relics":[],"items_purged_floors":[11],"is_endless":false,"potions_floor_spawned":[1,4,6,13,14],"killed_by":"The Guardian","ascension_level":0}}