{"host":"mai03x2ekbjy4059","time":1611125097,"event":{"mods":["2.2 Compatiblity","BaseMod","Colored Map","DeckTracker","Keyboard Shortcuts","Minty Spire (QoL Compilation)","Permanent Neow","Quick Restart","SuperFastMode","everything is the same but u backflip on backflip"],"gold_per_floor":[12,28,28,46,121,121,152,152,175,175,194,209,209,234,234,329,329,345,444,444,462,477,510,510,543,611,611,536,536,551,580,580,682,682,692,707,390,406,456,482,482,513,525,547,559,95,122,141,141,141],"floor_reached":51,"language":"KOR","playtime":1191,"items_purged":["Defend_R","Defend_R","Bite"],"score":891,"play_id":"ea9ad381-7dc7-4527-a874-04970a2d81a0","local_time":"20210120154457","is_ascension_mode":true,"campfire_choices":[{"data":"1","floor":6.0,"key":"LIFT"},{"data":"2","floor":8.0,"key":"LIFT"},{"data":"3","floor":10.0,"key":"LIFT"},{"data":"Double Tap","floor":13.0,"key":"SMITH"},{"data":"Sword Boomerang","floor":15.0,"key":"SMITH"},{"data":"Reaper","floor":24.0,"key":"SMITH"},{"data":"Bite","floor":29.0,"key":"SMITH"},{"data":"Bite","floor":32.0,"key":"SMITH"},{"data":"Demon Form","floor":49.0,"key":"SMITH"}],"circlet_count":0,"master_deck":["Defend_R","Defend_R","Bash+1","Intimidate","Double Tap+1","Sword Boomerang+1","Reaper+1","Bite+1","Bite+1","Bite+1","Bite+1","Shrug It Off+1","Inflame","Shrug It Off+1","Shrug It Off","Demon Form+1"],"relics":["Burning Blood","Girya","Happy Flower","Akabeko","Busted Crown","Unceasing Top","Blue Candle","Gremlin Horn","Dream Catcher","SlaversCollar","Medical Kit","Ginger","Whetstone","MawBank","Ornamental Fan","Orichalcum","PrismaticShard","Toxic Egg 2"],"acts_visited":["Exordium","TheCity","TheBeyond"],"potions_floor_usage":[50,50,50],"damage_taken":[{"damage":6.0,"enemies":"2 Louse","floor":1.0,"turns":4.0},{"damage":0.0,"enemies":"Small Slimes","floor":2.0,"turns":4.0},{"damage":4.0,"enemies":"Cultist","floor":4.0,"turns":3.0},{"damage":20.0,"enemies":"3 Sentries","floor":7.0,"turns":9.0},{"damage":7.0,"enemies":"Looter","floor":11.0,"turns":3.0},{"damage":3.0,"enemies":"2 Fungi Beasts","floor":12.0,"turns":3.0},{"damage":30.0,"enemies":"Gremlin Nob","floor":14.0,"turns":4.0},{"damage":32.0,"enemies":"Slime Boss","floor":16.0,"turns":8.0},{"damage":0.0,"enemies":"Spheric Guardian","floor":18.0,"turns":1.0},{"damage":10.0,"enemies":"2 Thieves","floor":21.0,"turns":3.0},{"damage":0.0,"enemies":"Chosen and Byrds","floor":22.0,"turns":3.0},{"damage":13.0,"enemies":"Slavers","floor":23.0,"turns":5.0},{"damage":24.0,"enemies":"Book of Stabbing","floor":25.0,"turns":5.0},{"damage":16.0,"enemies":"Shelled Parasite and Fungi","floor":30.0,"turns":3.0},{"damage":18.0,"enemies":"Gremlin Leader","floor":31.0,"turns":3.0},{"damage":54.0,"enemies":"Automaton","floor":33.0,"turns":8.0},{"damage":12.0,"enemies":"3 Darklings","floor":35.0,"turns":5.0},{"damage":10.0,"enemies":"Orb Walker","floor":36.0,"turns":3.0},{"damage":21.0,"enemies":"Spire Growth","floor":38.0,"turns":3.0},{"damage":22.0,"enemies":"Mind Bloom Boss Battle","floor":39.0,"turns":6.0},{"damage":17.0,"enemies":"Reptomancer","floor":40.0,"turns":4.0},{"damage":31.0,"enemies":"Giant Head","floor":42.0,"turns":6.0},{"damage":4.0,"enemies":"Sphere and 2 Shapes","floor":44.0,"turns":3.0},{"damage":44.0,"enemies":"Nemesis","floor":47.0,"turns":7.0},{"damage":28.0,"enemies":"4 Shapes","floor":48.0,"turns":3.0},{"damage":25,"enemies":"Donu and Deca","floor":50,"turns":5}],"seed_played":"-2504889716870350048","potions_obtained":[{"floor":2.0,"key":"SpeedPotion"},{"floor":4.0,"key":"Explosive Potion"},{"floor":12.0,"key":"SkillPotion"},{"floor":14.0,"key":"CultistPotion"},{"floor":22.0,"key":"ColorlessPotion"},{"floor":25.0,"key":"GamblersBrew"},{"floor":36.0,"key":"LiquidMemories"},{"floor":38.0,"key":"FearPotion"},{"floor":48.0,"key":"Strength Potion"}],"is_trial":false,"path_per_floor":["M","M","?","M","?","R","E","R","T","R","M","M","R","E","R","B",null,"M","?","?","M","M","E","R","E","T","?","$","R","M","E","R","B",null,"M","M","$","M","?","E","?","E","T","M","?","$","E","M","R","B",null],"character_chosen":"IRONCLAD","items_purchased":["Medical Kit","Inflame","Shrug It Off","Orichalcum","PrismaticShard"],"campfire_rested":0,"item_purchase_floors":[37,37,46,46,46],"current_hp_per_floor":[80,80,80,80,72,72,58,58,58,58,59,64,64,42,42,18,80,80,80,80,80,80,80,80,74,74,74,74,74,74,78,78,42,80,80,80,80,80,80,80,76,65,65,76,76,76,76,66,66,69],"gold":141,"neow_bonus":"ONE_RARE_RELIC","is_daily":false,"chose_seed":false,"campfire_upgraded":6,"win_rate":0.0,"timestamp":1611125097,"path_taken":["M","M","?","M","?","R","E","R","T","R","M","?","R","E","R","BOSS","M","?","?","M","M","E","R","E","T","?","$","R","M","E","R","BOSS","M","M","$","?","?","E","?","E","T","M","?","$","E","M","R","BOSS"],"items_purchased_type":["Relic","Card","Card","Relic","Relic"],"build_version":"2020-12-22","purchased_purges":3,"victory":true,"max_hp_per_floor":[80,80,80,80,80,80,80,80,80,80,80,80,80,80,80,80,80,80,80,80,80,80,80,80,80,80,80,80,80,80,80,80,80,80,80,80,80,80,80,80,76,76,76,76,76,76,76,76,76,76],"card_choices":[{"not_picked":["Anger","Clothesline","Blood for Blood"],"picked":"SKIP","floor":1.0},{"not_picked":["Iron Wave","Second Wind","Intimidate"],"picked":"SKIP","floor":2.0},{"not_picked":["Twin Strike","Burning Pact","Ghostly Armor"],"picked":"SKIP","floor":4.0},{"not_picked":["Rampage","Exhume"],"picked":"Double Tap","floor":7.0},{"not_picked":["Havoc","Rage","Infernal Blade"],"picked":"SKIP","floor":11.0},{"not_picked":["Iron Wave","Body Slam","Perfected Strike"],"picked":"SKIP","floor":12.0},{"not_picked":["Searing Blow","Disarm"],"picked":"Sword Boomerang","floor":14.0},{"not_picked":["Impervious","Barricade"],"picked":"Reaper","floor":16.0},{"not_picked":["Pommel Strike+1"],"picked":"SKIP","floor":18.0},{"not_picked":[],"picked":"Shrug It Off+1","floor":21.0},{"not_picked":["Shrug It Off"],"picked":"SKIP","floor":22.0},{"not_picked":["Battle Trance"],"picked":"SKIP","floor":23.0},{"not_picked":["Cleave"],"picked":"SKIP","floor":25.0},{"not_picked":["True Grit"],"picked":"SKIP","floor":30.0},{"not_picked":["Headbutt"],"picked":"SKIP","floor":31.0},{"not_picked":["Armaments"],"picked":"SKIP","floor":35.0},{"not_picked":["Searing Blow"],"picked":"SKIP","floor":36.0},{"not_picked":["Entrench"],"picked":"SKIP","floor":38.0},{"not_picked":["Pommel Strike"],"picked":"SKIP","floor":40.0},{"not_picked":["Perfected Strike+1"],"picked":"SKIP","floor":42.0},{"not_picked":[],"picked":"Shrug It Off+1","floor":44.0},{"not_picked":[],"picked":"Demon Form","floor":47.0},{"not_picked":["Anger+1"],"picked":"SKIP","floor":48.0}],"player_experience":1107380,"relics_obtained":[{"floor":7.0,"key":"Blood Vial"},{"floor":9.0,"key":"Happy Flower"},{"floor":14.0,"key":"Akabeko"},{"floor":23.0,"key":"Unceasing Top"},{"floor":25.0,"key":"Blue Candle"},{"floor":26.0,"key":"Gremlin Horn"},{"floor":31.0,"key":"Dream Catcher"},{"floor":39.0,"key":"Ginger"},{"floor":40.0,"key":"Whetstone"},{"floor":42.0,"key":"MawBank"},{"floor":43.0,"key":"Ornamental Fan"},{"floor":47.0,"key":"Toxic Egg 2"}],"event_choices":[{"damage_healed":0.0,"max_hp_gain":0.0,"max_hp_loss":0.0,"gold_gain":0.0,"cards_transformed":["Strike_R"],"event_name":"Living Wall","player_choice":"Change","floor":3.0,"gold_loss":0.0,"damage_taken":0.0,"cards_obtained":["Intimidate"]},{"damage_healed":0.0,"max_hp_gain":0.0,"max_hp_loss":0.0,"gold_gain":75.0,"event_name":"FaceTrader","player_choice":"Touch","floor":5.0,"gold_loss":0.0,"damage_taken":8.0},{"damage_healed":0.0,"max_hp_gain":0.0,"max_hp_loss":0.0,"gold_gain":99.0,"event_name":"Nest","player_choice":"Stole From Cult","floor":19.0,"gold_loss":0.0,"damage_taken":0.0},{"damage_healed":0.0,"max_hp_gain":0.0,"max_hp_loss":0.0,"gold_gain":0.0,"event_name":"Vampires","player_choice":"Became a vampire (Vial)","floor":20.0,"relics_lost":["Blood Vial"],"gold_loss":0.0,"damage_taken":0.0,"cards_obtained":["Bite","Bite","Bite","Bite","Bite"]},{"damage_healed":0.0,"max_hp_gain":0.0,"max_hp_loss":0.0,"gold_gain":0.0,"event_name":"Upgrade Shrine","player_choice":"Upgraded","floor":27.0,"gold_loss":0.0,"damage_taken":0.0,"cards_upgraded":["Bite"]},{"damage_healed":0.0,"max_hp_gain":0.0,"max_hp_loss":0.0,"gold_gain":0.0,"event_name":"MindBloom","player_choice":"Fight","floor":39.0,"gold_loss":0.0,"damage_taken":0.0},{"damage_healed":0.0,"max_hp_gain":0.0,"max_hp_loss":4.0,"gold_gain":0.0,"event_name":"Winding Halls","player_choice":"Max HP","floor":41.0,"gold_loss":0.0,"damage_taken":0.0},{"damage_healed":0.0,"max_hp_gain":0.0,"max_hp_loss":0.0,"gold_gain":0.0,"event_name":"Tomb of Lord Red Mask","player_choice":"Ignored","floor":45.0,"gold_loss":0.0,"damage_taken":0.0}],"is_beta":false,"boss_relics":[{"not_picked":["Tiny House","Pandora\u0027s Box"],"picked":"Busted Crown"},{"not_picked":["Cursed Key","SacredBark"],"picked":"SlaversCollar"}],"items_purged_floors":[28,37,46],"is_endless":false,"potions_floor_spawned":[2,4,12,14,21,22,25,31,36,38,48],"ascension_level":1}}