{"host":"u1dfzl6o6mfmauc3","time":1611149239,"event":{"mods":["2.2 Compatiblity","AchievementEnabler","BaseMod","Block Reminder","Challenge The Spire","Dark Map","Hermit","Minty Spire (QoL Compilation)","Relic Stats","Robot Space Explorer","StSLib","The Disciple"],"gold_per_floor":[115,115,135,135,155,190,201,231,231,241,241,241],"floor_reached":11,"language":"ENG","playtime":382,"items_purged":[],"score":98,"play_id":"8be67138-7082-4b99-aedf-155d6ad103de","local_time":"20210120082719","is_ascension_mode":true,"campfire_choices":[],"circlet_count":0,"master_deck":["Strike_R","Strike_R","Strike_R","Strike_R","Strike_R","Defend_R","Defend_R","Defend_R","Defend_R","Bash","Pommel Strike","Cleave","Combust","Clothesline","Blood for Blood","Offering","Iron Wave"],"relics":["Runic Dome","InkBottle","Ornamental Fan","Pear"],"acts_visited":["Exordium"],"potions_floor_usage":[8,11,11,11],"damage_taken":[{"damage":0,"enemies":"Small Slimes","floor":1,"turns":3},{"damage":0,"enemies":"Cultist","floor":3,"turns":3},{"damage":1,"enemies":"2 Louse","floor":5,"turns":3},{"damage":14,"enemies":"3 Sentries","floor":6,"turns":4},{"damage":23,"enemies":"Large Slime","floor":7,"turns":5},{"damage":38,"enemies":"Lagavulin","floor":8,"turns":7},{"damage":6,"enemies":"Exordium Thugs","floor":10,"turns":4},{"damage":17,"enemies":"3 Sentries","floor":11,"turns":2}],"seed_played":"-629807651473036164","potions_obtained":[{"floor":3,"key":"SteroidPotion"},{"floor":7,"key":"Weak Potion"},{"floor":8,"key":"SneckoOil"},{"floor":10,"key":"FearPotion"}],"is_trial":false,"path_per_floor":["M","?","M","?","M","E","M","E","T","M","E"],"character_chosen":"IRONCLAD","items_purchased":[],"campfire_rested":0,"item_purchase_floors":[],"current_hp_per_floor":[80,80,80,80,79,65,42,4,14,8,0,0],"gold":241,"neow_bonus":"BOSS_RELIC","is_daily":false,"chose_seed":false,"campfire_upgraded":0,"win_rate":0.0,"timestamp":1611149239,"path_taken":["M","?","M","?","?","E","M","E","T","M","E"],"items_purchased_type":[],"build_version":"2020-12-22","purchased_purges":0,"victory":false,"max_hp_per_floor":[80,80,80,80,80,80,80,80,90,90,90,90],"relic_stats":{"counters":[8,31],"Ornamental Fan":[8],"obtain_stats":[{"Runic Dome":0,"Pear":9,"Ornamental Fan":8,"Burning Blood":0,"InkBottle":6},{"Runic Dome":0,"Pear":6,"Ornamental Fan":6,"Burning Blood":0,"InkBottle":4},{"Runic Dome":0,"Pear":25,"Ornamental Fan":25,"Burning Blood":0,"InkBottle":13}],"InkBottle":[4]},"card_choices":[{"not_picked":["Warcry","Combust"],"picked":"Pommel Strike","floor":1},{"not_picked":["Heavy Blade","Reckless Charge"],"picked":"Cleave","floor":3},{"not_picked":["Twin Strike","Body Slam"],"picked":"Clothesline","floor":5},{"not_picked":["Twin Strike","Whirlwind"],"picked":"Blood for Blood","floor":6},{"not_picked":["Dropkick","Clash","Twin Strike"],"picked":"SKIP","floor":7},{"not_picked":["Havoc","Warcry"],"picked":"Offering","floor":8},{"not_picked":["Feel No Pain","Flex"],"picked":"Iron Wave","floor":10}],"player_experience":133044,"relics_obtained":[{"floor":6,"key":"InkBottle"},{"floor":8,"key":"Ornamental Fan"},{"floor":9,"key":"Pear"}],"event_choices":[{"damage_healed":0,"gold_gain":0,"player_choice":"Ignored","damage_taken":0,"max_hp_gain":0,"max_hp_loss":0,"event_name":"Liars Game","floor":2,"gold_loss":0},{"damage_healed":0,"gold_gain":0,"player_choice":"1 cards matched","damage_taken":0,"max_hp_gain":0,"max_hp_loss":0,"event_name":"Match and Keep!","floor":4,"gold_loss":0,"cards_obtained":["Combust"]}],"is_beta":false,"boss_relics":[],"items_purged_floors":[],"is_endless":false,"potions_floor_spawned":[3,7,8,10],"killed_by":"3 Sentries","ascension_level":3}}