{"host":"6a92uynocv4elkyp","time":1611101473,"event":{"mods":["AchievementEnabler","BaseMod","Infinite Spire","Minty Spire (QoL Compilation)","Quick Restart","StSLib"],"gold_per_floor":[138,174,228,261,303,381,477,588,623,635,288,366,444,531,531,768,768,768],"floor_reached":17,"language":"ENG","playtime":852,"items_purged":[],"score":485,"play_id":"ba41b120-4ff6-4d64-9644-d0e035ab0f32","local_time":"20210120011113","daily_mods":["SealedDeck","Colorless Cards","Heirloom","Flight","DeadlyEvents","Elite Swarm","Midas"],"is_ascension_mode":true,"campfire_choices":[{"floor":10,"key":"REST"},{"floor":15,"key":"REST"}],"circlet_count":0,"master_deck":["AscendersBane","Cold Snap","Stack","Cold Snap","Ball Lightning","Go for the Eyes","Discovery","Gash","Beam Cell","Capacitor","Static Discharge","Self Repair","Go for the Eyes","Glacier","Metamorphosis","Panache","Echo Form","Loop","Machine Learning","Sadistic Nature","Electrodynamics"],"relics":["Cracked Core","infinitespire:Golems Mask","StoneCalendar","MawBank","InkBottle","Blood Vial","infinitespire:CheckeredPen","Lantern","Vajra","StrikeDummy"],"acts_visited":["Exordium","TheCity"],"potions_floor_usage":[6,6,7],"damage_taken":[{"damage":10,"enemies":"Jaw Worm","floor":1,"turns":2},{"damage":15,"enemies":"Small Slimes","floor":2,"turns":2},{"damage":1,"enemies":"2 Louse","floor":3,"turns":3},{"damage":10,"enemies":"Exordium Thugs","floor":4,"turns":4},{"damage":20,"enemies":"Lots of Slimes","floor":5,"turns":3},{"damage":12,"enemies":"Lagavulin","floor":6,"turns":5},{"damage":12,"enemies":"Gremlin Nob","floor":7,"turns":4},{"damage":2,"enemies":"Lagavulin","floor":8,"turns":4},{"damage":22,"enemies":"Gremlin Nob","floor":12,"turns":4},{"damage":14,"enemies":"3 Sentries","floor":13,"turns":4},{"damage":0,"enemies":"Gremlin Nob","floor":14,"turns":3},{"damage":10,"enemies":"Slime Boss","floor":16,"turns":7}],"seed_played":"-490013053890237361","potions_obtained":[{"floor":1,"key":"PowerPotion"},{"floor":4,"key":"EssenceOfSteel"},{"floor":7,"key":"Fruit Juice"},{"floor":12,"key":"SteroidPotion"},{"floor":13,"key":"Explosive Potion"},{"floor":14,"key":"Weak Potion"}],"is_trial":true,"path_per_floor":["M","M","M","M","M","E","E","E","T","R","$","E","E","E","R","B",null],"character_chosen":"DEFECT","items_purchased":["Loop","infinitespire:CheckeredPen"],"campfire_rested":2,"item_purchase_floors":[11,11],"current_hp_per_floor":[54,46,52,49,36,24,24,22,22,44,44,31,19,35,57,63,73,73],"gold":768,"neow_bonus":"","is_daily":false,"chose_seed":false,"campfire_upgraded":0,"win_rate":0.0,"timestamp":1611101473,"path_taken":["M","M","M","M","M","E","E","E","T","R","$","E","E","E","R","BOSS"],"items_purchased_type":["Card","Relic"],"build_version":"2020-12-22","purchased_purges":0,"victory":false,"max_hp_per_floor":[71,71,71,71,71,71,76,76,76,76,76,76,76,76,76,76,76,76],"card_choices":[{"not_picked":["Sweeping Beam","Gash"],"picked":"Self Repair","floor":1},{"not_picked":["Fusion","Sweeping Beam","Compile Driver"],"picked":"SKIP","floor":2},{"not_picked":["Sweeping Beam","Stack","Trip"],"picked":"SKIP","floor":3},{"not_picked":["Sweeping Beam","Stack","Trip"],"picked":"SKIP","floor":3},{"not_picked":["Sweeping Beam","Turbo"],"picked":"Go for the Eyes","floor":4},{"not_picked":["Coolheaded","Multi-Cast"],"picked":"Glacier","floor":5},{"not_picked":["Violence","Thinking Ahead"],"picked":"Metamorphosis","floor":6},{"not_picked":["Violence","Creative AI"],"picked":"Panache","floor":7},{"not_picked":["Meteor Strike","Fission"],"picked":"Echo Form","floor":8},{"not_picked":["Amplify","Creative AI"],"picked":"Machine Learning","floor":12},{"not_picked":["Biased Cognition","Secret Technique"],"picked":"Sadistic Nature","floor":13},{"not_picked":["Amplify","Magnetism","The Bomb"],"picked":"SKIP","floor":14},{"not_picked":["HandOfGreed","Thunder Strike"],"picked":"Electrodynamics","floor":16}],"player_experience":121017,"relics_obtained":[{"floor":6,"key":"StoneCalendar"},{"floor":7,"key":"MawBank"},{"floor":8,"key":"InkBottle"},{"floor":9,"key":"Blood Vial"},{"floor":12,"key":"Lantern"},{"floor":13,"key":"Vajra"},{"floor":14,"key":"StrikeDummy"}],"event_choices":[],"is_beta":false,"boss_relics":[{"not_picked":["Velvet Choker","Ectoplasm","Coffee Dripper"]}],"items_purged_floors":[],"is_endless":false,"potions_floor_spawned":[1,4,7,12,13,14],"ascension_level":20}}