{"host":"ufl0k2so27eic2iy","time":1611150843,"event":{"mods":["BaseMod","Downfall","Minty Spire (QoL Compilation)","StSLib","The Animator"],"gold_per_floor":[99,115,115,127,127,37,62,62,96,114,114,143,154,304,316,420,420,320,339,78,91,108,8,8,39,39,24,38,38,38,64,75,174,174,74,88,134,152,150,160,160,160,235,261,261,281,281,281,301,301,301,335,107,107,107,107],"floor_reached":57,"language":"ENG","playtime":3273,"items_purged":["champ:Strike","champ:Strike","champ:Strike"],"score":1480,"play_id":"d448492c-5360-461b-8774-7caec40f3c40","local_time":"20210120135403","is_ascension_mode":false,"campfire_choices":[{"data":"champ:Execute","floor":1,"key":"SMITH"},{"data":"champ:Taunt","floor":8,"key":"SMITH"},{"floor":18,"key":"RECALL"},{"data":"champ:HoldFirm","floor":23,"key":"SMITH"},{"floor":26,"key":"DIG"},{"floor":30,"key":"DIG"},{"data":"champ:Improvising","floor":35,"key":"SMITH"},{"floor":42,"key":"DIG"},{"floor":47,"key":"DIG"},{"floor":54,"key":"DIG"}],"circlet_count":0,"master_deck":["champ:Defend","champ:Defend","champ:Defend","champ:Defend+1","champ:Execute+1","champ:Taunt+1","champ:FlashCut","champ:Execute+1","champ:Circumvent","champ:Haymaker","champ:FlashCut","champ:TornadoPunch","champ:HoldFirm+1","champ:FlashCut","champ:HoldFirm","champ:FocusedDefense","champ:Endure","champ:GutPunch","champ:BringItOn","champ:Parry","champ:ArenaPreparation","champ:Improvising+1","champ:SetATrap+1","champ:CalledShot+1","champ:ArenaPreparation+1","champ:SkillfulDodge","champ:ShieldWall+1","expansioncontent:Chronoboost+1","champ:ShieldSlam+1","champ:SkillfulDodge+1","champ:ShieldWall+1"],"relics":["champ:ChampionCrown","Shuriken","Omamori","Akabeko","WarpedTongs","Bronze Scales","Sozu","downfall:HeartBlessingGreen","ClockworkSouvenir","downfall:HeartBlessingRed","Shovel","Nunchaku","Kunai","PreservedInsect","SlaversCollar","downfall:HeartBlessingBlue","Turnip","Oddly Smooth Stone","Question Card","Ginger","Frozen Egg 2","War Paint","Potion Belt","Bag of Marbles","champ:DefensiveTrainingManual","Pear"],"acts_visited":["Exordium","TheCity","TheBeyond","TheEnding"],"potions_floor_usage":[56,56,56],"damage_taken":[{"damage":10,"enemies":"2 Louse","floor":2,"turns":3},{"damage":11,"enemies":"Cultist","floor":4,"turns":3},{"damage":30,"enemies":"downfall:FleeingMerchant","floor":6,"turns":4},{"damage":30,"enemies":"Gremlin Nob","floor":9,"turns":4},{"damage":10,"enemies":"Small Slimes","floor":10,"turns":2},{"damage":20,"enemies":"3 Sentries","floor":12,"turns":6},{"damage":10,"enemies":"Blue Slaver","floor":13,"turns":3},{"damage":0,"enemies":"Exordium Wildlife","floor":15,"turns":3},{"damage":46,"enemies":"WA_ARCHETYPE_RETAIN","floor":16,"turns":9},{"damage":0,"enemies":"Spheric Guardian","floor":19,"turns":3},{"damage":20,"enemies":"downfall:FleeingMerchant","floor":20,"turns":4},{"damage":20,"enemies":"Chosen","floor":21,"turns":3},{"damage":0,"enemies":"Snake Plant","floor":22,"turns":3},{"damage":10,"enemies":"Book of Stabbing","floor":25,"turns":4},{"damage":20,"enemies":"downfall:FleeingMerchant","floor":27,"turns":4},{"damage":20,"enemies":"3 Cultists","floor":28,"turns":5},{"damage":20,"enemies":"Slavers","floor":31,"turns":4},{"damage":10,"enemies":"Snecko","floor":32,"turns":4},{"damage":98,"enemies":"DF_ARCHETYPE_CLAW","floor":33,"turns":10},{"damage":15,"enemies":"Orb Walker","floor":36,"turns":3},{"damage":28,"enemies":"2 Orb Walkers","floor":37,"turns":4},{"damage":17,"enemies":"3 Shapes","floor":38,"turns":4},{"damage":38,"enemies":"downfall:FleeingMerchant","floor":39,"turns":2},{"damage":60,"enemies":"Maw","floor":40,"turns":7},{"damage":15,"enemies":"Nemesis","floor":44,"turns":5},{"damage":10,"enemies":"3 Darklings","floor":46,"turns":5},{"damage":23,"enemies":"4 Shapes","floor":49,"turns":3},{"damage":57,"enemies":"SI_POISON_ARCHETYPE","floor":50,"turns":10},{"damage":45,"enemies":"downfall:CharBossMerchant","floor":52,"turns":7},{"damage":95,"enemies":"downfall:NeowBoss","floor":55,"turns":17},{"damage":37,"enemies":"downfall:NeowBossFinal","floor":56,"turns":11}],"seed_played":"-3660734237913858258","potions_obtained":[{"floor":2,"key":"Ancient Potion"},{"floor":10,"key":"hexamod:SoulburnPotion"},{"floor":12,"key":"ColorlessPotion"},{"floor":13,"key":"Regen Potion"}],"is_trial":false,"path_per_floor":["R","M","?","M","T","$","T","R","E","M","?","E","M","?","M","B",null,"R","M","$","M","M","R","T","E","R","$","M","?","R","E","M","B",null,"R","M","?","M","$","M","T","R","?","E","?","M","R","?","M","B",null,"E","$","R","B","B",null],"character_chosen":"THE_CHAMP","items_purchased":["ClockworkSouvenir","Oddly Smooth Stone","champ:SkillfulDodge","champ:ShieldWall+1","champ:DefensiveTrainingManual"],"campfire_rested":0,"item_purchase_floors":[20,39,39,53,53],"current_hp_per_floor":[99,99,99,98,98,98,98,98,88,88,88,88,88,88,88,72,99,99,99,99,99,99,99,99,99,99,99,99,99,99,99,99,76,99,109,109,101,84,81,81,81,81,81,81,71,71,71,71,63,46,109,109,109,119,104,107],"gold":107,"neow_bonus":"TEN_PERCENT_HP_BONUS","is_daily":false,"chose_seed":false,"campfire_upgraded":4,"win_rate":0.0,"timestamp":1611150843,"path_taken":["R","M","?","?","?","$","T","R","E","M","?","E","?","?","M","BOSS","R","M","$","M","M","R","T","E","R","$","M","?","R","E","M","BOSS","R","M","?","M","$","M","T","R","?","E","?","M","R","?","M","BOSS","E","$","R","BOSS","BOSS"],"items_purchased_type":["Relic","Relic","Card","Card","Relic"],"build_version":"2020-12-22","purchased_purges":3,"victory":true,"max_hp_per_floor":[99,99,99,99,99,99,99,99,99,99,99,99,99,99,99,99,99,99,99,99,99,99,99,99,99,99,99,99,99,99,99,99,99,99,109,109,109,109,109,109,109,109,109,109,109,109,109,109,109,109,109,109,109,119,119,119],"card_choices":[{"not_picked":["champ:BringItOn","champ:FanOfKnives"],"picked":"champ:FlashCut","floor":2},{"not_picked":["champ:EnGarde","champ:GutPunch"],"picked":"champ:Circumvent","floor":4},{"not_picked":["champ:DancingMaster","champ:ShieldSlam"],"picked":"champ:Haymaker","floor":6},{"not_picked":["champ:FocusedBerserking","champ:GutPunch"],"picked":"champ:FlashCut","floor":9},{"not_picked":["champ:FalseCounter","champ:FanOfKnives"],"picked":"champ:TornadoPunch","floor":10},{"not_picked":["champ:Circumvent","champ:PerfectedStrike"],"picked":"champ:HoldFirm","floor":12},{"not_picked":["champ:AdrenalArmor","champ:TornadoPunch"],"picked":"champ:FlashCut","floor":13},{"not_picked":["champ:FlashCut","champ:FancyFootwork","champ:BringItOn"],"picked":"SKIP","floor":15},{"not_picked":["champ:MurderStrike","champ:HeavySlash"],"picked":"champ:HoldFirm","floor":16},{"not_picked":["champ:Encircle","champ:FocusedBerserking"],"picked":"champ:FocusedDefense","floor":19},{"not_picked":["champ:HeartStrike","champ:FanOfKnives"],"picked":"champ:Endure","floor":20},{"not_picked":["champ:Backstep","champ:FanOfKnives"],"picked":"champ:GutPunch","floor":21},{"not_picked":["champ:PreciseThrust","champ:Shatter+1"],"picked":"champ:BringItOn","floor":22},{"not_picked":["champ:MurderStrike","champ:RisingSlash","champ:BringItOn+1"],"picked":"SKIP","floor":25},{"not_picked":["champ:StanceDance+1","champ:DefensiveShout"],"picked":"champ:Parry","floor":27},{"not_picked":["champ:Shatter","champ:CrownThrow","champ:Endure"],"picked":"SKIP","floor":28},{"not_picked":["champ:IgnorePain","champ:GutPunch","champ:Shatter"],"picked":"SKIP","floor":31},{"not_picked":["champ:HeartStrike","champ:FlashCut"],"picked":"champ:ArenaPreparation","floor":32},{"not_picked":["champ:LastStand","champ:UltimateStance"],"picked":"champ:Improvising","floor":33},{"not_picked":["champ:Backstep+1","champ:EnGarde","champ:FancyFootwork"],"picked":"SKIP","floor":36},{"not_picked":["champ:GutPunch+1","champ:AdrenalArmor+1"],"picked":"champ:SetATrap+1","floor":37},{"not_picked":["champ:BladeFlurry","champ:EnragedBash+1"],"picked":"champ:CalledShot+1","floor":38},{"not_picked":["champ:EndlessRage+1","champ:EnGarde"],"picked":"champ:ArenaPreparation","floor":39},{"not_picked":["champ:EnragedBash+1","champ:BladeFlurry+1","champ:Improvising"],"picked":"SKIP","floor":40},{"not_picked":["champ:FalseCounter+1","champ:BladeFlurry","champ:PreciseThrust+1"],"picked":"champ:ShieldWall+1","floor":44},{"not_picked":["expansioncontent:AwakenDeath+1","expansioncontent:Hexaburn+1","expansioncontent:HyperBeam"],"picked":"expansioncontent:Chronoboost+1","floor":45},{"not_picked":["champ:Haymaker+1","champ:ShieldSlam+1","champ:BladeFlurry","champ:CalledShot"],"picked":"SKIP","floor":46},{"not_picked":["champ:Haymaker+1","champ:BladeFlurry","champ:CalledShot"],"picked":"champ:ShieldSlam+1","floor":46},{"not_picked":["champ:FocusedDefense+1","champ:GutPunch","champ:SetATrap"],"picked":"champ:SkillfulDodge+1","floor":49},{"not_picked":["champ:ShieldSlam+1","champ:Duel+1","champ:TornadoPunch","champ:FocusedBerserking+1"],"picked":"SKIP","floor":52}],"player_experience":2738754,"relics_obtained":[{"floor":5,"key":"Shuriken"},{"floor":7,"key":"Omamori"},{"floor":9,"key":"Akabeko"},{"floor":12,"key":"Bronze Scales"},{"floor":25,"key":"Shovel"},{"floor":26,"key":"Nunchaku"},{"floor":30,"key":"Kunai"},{"floor":31,"key":"PreservedInsect"},{"floor":37,"key":"Turnip"},{"floor":41,"key":"Question Card"},{"floor":42,"key":"Ginger"},{"floor":43,"key":"Frozen Egg 2"},{"floor":44,"key":"War Paint"},{"floor":47,"key":"Potion Belt"},{"floor":52,"key":"Bag of Marbles"},{"floor":54,"key":"Pear"}],"event_choices":[{"damage_healed":0,"gold_gain":0,"player_choice":"Rummage","damage_taken":0,"relics_obtained":["WarpedTongs"],"max_hp_gain":0,"max_hp_loss":0,"event_name":"Accursed Blacksmith","floor":11,"gold_loss":0,"cards_obtained":["Pain"]},{"damage_healed":0,"gold_gain":0,"player_choice":"Fight","damage_taken":0,"max_hp_gain":0,"max_hp_loss":0,"event_name":"Mysterious Sphere","floor":37,"gold_loss":0},{"cards_removed":["champ:Strike"],"damage_healed":0,"gold_gain":0,"player_choice":"Removed Attack","damage_taken":0,"max_hp_gain":0,"max_hp_loss":0,"event_name":"Falling","floor":48,"gold_loss":0}],"is_beta":false,"boss_relics":[{"not_picked":["Black Star","Velvet Choker"],"picked":"Sozu"},{"not_picked":["Calling Bell","Coffee Dripper"],"picked":"SlaversCollar"}],"items_purged_floors":[6,20,39],"is_endless":false,"potions_floor_spawned":[2,10,12,13,19,28,31,32,33,40,44,46,49],"ascension_level":0}}