{"host":"irrizrmw64do51k7","time":1611155039,"event":{"mods":["AchievementEnabler","BaseMod","BetterRewards","Card Forge","Colored Map","Colored Powertips","Curses Come First","Good Game Mod","Minty Spire (QoL Compilation)","Quick Restart","Shop Mod","StSLib"],"gold_per_floor":[114,134,151,170,245,274,274,300,300,310,327,356,373,386,386,489,489,506,162,194,45,62,89,101,136,182,201,219,254,179,179,179,280,280,299,310,310,310,320,350,368,399,399,411,423,445,482,514,526,538,550,562,29,54,54],"floor_reached":56,"language":"ENG","playtime":2209,"items_purged":[],"score":1885,"play_id":"a6abf9da-ea2f-4ffa-86fa-341508ef50e3","local_time":"20210120070359","is_ascension_mode":true,"campfire_choices":[{"floor":7,"key":"RECALL"},{"data":"Finisher","floor":15,"key":"SMITH"},{"data":"Infinite Blades","floor":32,"key":"SMITH"},{"floor":44,"key":"REST"},{"floor":49,"key":"REST"},{"data":"Infinite Blades","floor":52,"key":"SMITH"}],"circlet_count":0,"master_deck":["Strike_G","Strike_G","Strike_G","Strike_G","Strike_G","Defend_G","Defend_G","Defend_G","Defend_G","Survivor","Neutralize","Phantasmal Killer+1","Footwork+1","Backstab+1","Die Die Die+1","Finisher+1","PiercingWail+1","Terror+1","Backstab+1","Cloak And Dagger+1","All Out Attack","Finisher+1","Catalyst","Dagger Spray","Dagger Throw","Quick Slash","Riddle With Holes","Poisoned Stab+1","Quick Slash","Envenom","Blade Dance","Infinite Blades+1","Poisoned Stab+1","Slice+1","Catalyst","Cloak And Dagger","Bane+1","Caltrops+1","Infinite Blades+1","Sucker Punch","Malaise+1","Parasite","Sucker Punch+1","Slice","Mayhem","Footwork","Corpse Explosion"],"relics":["Ring of the Snake","Hammer of Thor","Seething Fire","Anvil of the Gods","REME:ComplimentaryCards","Ninja Scroll","Tiny Chest","Pear","Sundial","SlaversCollar","PreservedInsect","Sling","Red Mask","Snake Skull","Bag of Marbles","Bronze Scales","Bird Faced Urn","Busted Crown","Matryoshka","Orichalcum","Vajra","MawBank","StrikeDummy","Lantern","Turnip","Whetstone"],"acts_visited":["Exordium","TheCity","TheBeyond","TheEnding"],"potions_floor_usage":[6,41,47,48,50,50,55],"damage_taken":[{"damage":0,"enemies":"Cultist","floor":1,"turns":4},{"damage":0,"enemies":"Jaw Worm","floor":2,"turns":1},{"damage":0,"enemies":"2 Louse","floor":3,"turns":1},{"damage":0,"enemies":"Large Slime","floor":4,"turns":1},{"damage":0,"enemies":"Gremlin Nob","floor":6,"turns":1},{"damage":0,"enemies":"3 Sentries","floor":8,"turns":1},{"damage":0,"enemies":"Looter","floor":10,"turns":1},{"damage":0,"enemies":"Red Slaver","floor":11,"turns":1},{"damage":10,"enemies":"Gremlin Nob","floor":12,"turns":3},{"damage":0,"enemies":"Exordium Thugs","floor":13,"turns":1},{"damage":0,"enemies":"Large Slime","floor":14,"turns":1},{"damage":36,"enemies":"Hexaghost","floor":16,"turns":6},{"damage":2,"enemies":"3 Byrds","floor":18,"turns":4},{"damage":0,"enemies":"Masked Bandits","floor":20,"turns":1},{"damage":0,"enemies":"Chosen","floor":22,"turns":4},{"damage":5,"enemies":"Slavers","floor":23,"turns":2},{"damage":4,"enemies":"3 Cultists","floor":24,"turns":3},{"damage":0,"enemies":"Book of Stabbing","floor":25,"turns":1},{"damage":0,"enemies":"Chosen and Byrds","floor":27,"turns":2},{"damage":2,"enemies":"Cultist and Chosen","floor":28,"turns":3},{"damage":6,"enemies":"Gremlin Leader","floor":29,"turns":2},{"damage":41,"enemies":"Champ","floor":33,"turns":5},{"damage":0,"enemies":"Orb Walker","floor":35,"turns":2},{"damage":8,"enemies":"3 Shapes","floor":36,"turns":1},{"damage":16,"enemies":"Spire Growth","floor":39,"turns":4},{"damage":22,"enemies":"Nemesis","floor":40,"turns":2},{"damage":7,"enemies":"Writhing Mass","floor":41,"turns":5},{"damage":3,"enemies":"Giant Head","floor":42,"turns":4},{"damage":38,"enemies":"4 Shapes","floor":46,"turns":3},{"damage":0,"enemies":"Reptomancer","floor":47,"turns":2},{"damage":3,"enemies":"3 Darklings","floor":48,"turns":3},{"damage":53,"enemies":"Awakened One","floor":50,"turns":8},{"damage":8,"enemies":"Shield and Spear","floor":54,"turns":3},{"damage":70,"enemies":"The Heart","floor":55,"turns":5}],"seed_played":"-2058379060498412090","potions_obtained":[{"floor":3,"key":"CunningPotion"},{"floor":4,"key":"CunningPotion"},{"floor":6,"key":"Swift Potion"},{"floor":8,"key":"Dexterity Potion"},{"floor":12,"key":"DuplicationPotion"},{"floor":20,"key":"Strength Potion"},{"floor":41,"key":"AttackPotion"},{"floor":47,"key":"Fruit Juice"},{"floor":54,"key":"CunningPotion"}],"is_trial":false,"path_per_floor":["M","M","M","M","?","E","R","E","T","M","M","E","M","M","R","B",null,"M","$","?","$","M","E","M","E","T","M","M","E","?","?","R","B",null,"M","M","T","?","M","E","M","E","T","R","$","M","E","M","R","B",null,"R","$","E","B",null],"character_chosen":"THE_SILENT","items_purchased":["PreservedInsect","Sling","Infinite Blades","Snake Skull","Mayhem","Footwork","Turnip"],"campfire_rested":2,"item_purchase_floors":[19,19,19,21,53,53,53],"current_hp_per_floor":[70,70,70,70,59,59,59,59,69,69,69,59,59,59,59,23,71,69,69,69,69,69,64,60,60,60,60,58,52,52,87,87,48,77,77,71,71,71,57,37,36,41,41,67,67,35,41,47,74,31,77,77,77,75,13],"gold":54,"neow_bonus":"TEN_PERCENT_HP_BONUS","is_daily":false,"chose_seed":false,"campfire_upgraded":3,"win_rate":0.0,"timestamp":1611155039,"path_taken":["M","?","?","M","?","E","R","E","T","M","M","E","M","M","R","BOSS","M","$","?","$","M","E","M","E","T","M","M","E","?","?","R","BOSS","M","M","?","?","M","E","M","E","T","R","$","M","E","M","R","BOSS","R","$","E","BOSS"],"items_purchased_type":["Relic","Relic","Card","Relic","Card","Card","Relic"],"build_version":"2020-12-22","purchased_purges":0,"victory":true,"max_hp_per_floor":[77,77,77,77,77,77,77,77,87,87,87,87,87,87,87,87,87,87,87,87,87,87,87,87,87,87,87,87,87,87,87,87,87,87,87,87,87,87,87,87,87,87,87,87,87,87,87,92,92,92,92,92,92,92,92],"card_choices":[{"not_picked":["Deadly Poison","Catalyst"],"picked":"Footwork","floor":1},{"not_picked":["Eviscerate","Prepared"],"picked":"All Out Attack","floor":2},{"not_picked":["Slice","Heel Hook"],"picked":"Finisher","floor":3},{"not_picked":["Outmaneuver","Acrobatics","Calculated Gamble"],"picked":"SKIP","floor":4},{"not_picked":["Riddle With Holes","Skewer"],"picked":"Catalyst","floor":6},{"not_picked":["Tactician","Burst"],"picked":"Dagger Spray","floor":8},{"not_picked":["Dodge and Roll","Backflip"],"picked":"Dagger Throw","floor":10},{"not_picked":["Flying Knee","Prepared"],"picked":"Quick Slash","floor":11},{"not_picked":["Deadly Poison","Leg Sweep"],"picked":"Riddle With Holes","floor":12},{"not_picked":["Underhanded Strike","Flying Knee"],"picked":"Poisoned Stab","floor":13},{"not_picked":["Corpse Explosion","Prepared"],"picked":"Quick Slash","floor":14},{"not_picked":["A Thousand Cuts","Adrenaline"],"picked":"Envenom","floor":16},{"not_picked":["Slice","Bane"],"picked":"Blade Dance","floor":18},{"not_picked":["Outmaneuver","Deflect"],"picked":"Poisoned Stab","floor":20},{"not_picked":["Outmaneuver","Predator"],"picked":"Slice+1","floor":22},{"not_picked":["Deadly Poison+1","Leg Sweep"],"picked":"Catalyst","floor":23},{"not_picked":["Slice+1","Dodge and Roll+1"],"picked":"Cloak And Dagger","floor":24},{"not_picked":["Expertise","Dagger Throw"],"picked":"Bane+1","floor":25},{"not_picked":["Endless Agony","Grand Finale"],"picked":"Caltrops+1","floor":27},{"not_picked":["Reflex","Finisher"],"picked":"Infinite Blades","floor":28},{"not_picked":["Prepared","Dodge and Roll"],"picked":"Sucker Punch","floor":29},{"not_picked":["After Image","Glass Knife"],"picked":"Malaise","floor":33},{"not_picked":["Backflip+1"],"picked":"SKIP","floor":35},{"not_picked":["Concentrate"],"picked":"SKIP","floor":36},{"not_picked":["Underhanded Strike"],"picked":"SKIP","floor":39},{"not_picked":["Tools of the Trade"],"picked":"SKIP","floor":40},{"not_picked":["Dodge and Roll"],"picked":"SKIP","floor":41},{"not_picked":[],"picked":"Sucker Punch+1","floor":42},{"not_picked":["Outmaneuver"],"picked":"SKIP","floor":46},{"not_picked":[],"picked":"Slice","floor":47},{"not_picked":["Predator"],"picked":"SKIP","floor":48},{"not_picked":[],"picked":"Corpse Explosion","floor":54}],"player_experience":472833,"relics_obtained":[{"floor":6,"key":"Ninja Scroll"},{"floor":8,"key":"Tiny Chest"},{"floor":9,"key":"Pear"},{"floor":12,"key":"Sundial"},{"floor":20,"key":"Red Mask"},{"floor":23,"key":"Bag of Marbles"},{"floor":25,"key":"Bronze Scales"},{"floor":29,"key":"Bird Faced Urn"},{"floor":37,"key":"Matryoshka"},{"floor":40,"key":"Orichalcum"},{"floor":42,"key":"Vajra"},{"floor":43,"key":"MawBank"},{"floor":43,"key":"StrikeDummy"},{"floor":47,"key":"Lantern"},{"floor":54,"key":"Whetstone"}],"event_choices":[{"damage_healed":0,"gold_gain":75,"player_choice":"Gather Gold","damage_taken":11,"max_hp_gain":0,"max_hp_loss":0,"event_name":"World of Goop","floor":5,"gold_loss":0},{"damage_healed":0,"gold_gain":0,"player_choice":"Fought Bandits","damage_taken":0,"max_hp_gain":0,"max_hp_loss":0,"event_name":"Masked Bandits","floor":20,"gold_loss":0},{"cards_removed":["Defend_G"],"damage_healed":0,"gold_gain":0,"player_choice":"Gave Gold","damage_taken":0,"max_hp_gain":0,"max_hp_loss":0,"event_name":"Beggar","floor":30,"gold_loss":75},{"damage_healed":35,"gold_gain":0,"player_choice":"Full Heal","damage_taken":0,"max_hp_gain":0,"max_hp_loss":0,"event_name":"Wheel of Change","floor":31,"gold_loss":0},{"damage_healed":0,"gold_gain":0,"player_choice":"Forge","damage_taken":0,"max_hp_gain":0,"max_hp_loss":0,"event_name":"Accursed Blacksmith","floor":38,"gold_loss":0,"cards_upgraded":["Malaise"]}],"is_beta":false,"boss_relics":[{"not_picked":["Snecko Eye","Tiny House"],"picked":"SlaversCollar"},{"not_picked":["Coffee Dripper","Runic Pyramid"],"picked":"Busted Crown"}],"items_purged_floors":[],"is_endless":false,"potions_floor_spawned":[3,4,6,8,12,14,20,25,27,33,36,40,41,47,54],"ascension_level":6}}