{"host":"1zjc08c6hob33401","time":1611155647,"event":{"mods":["AchievementEnabler","Act Like it!","Aspiration","BaseMod","Downfall","Energized Spire","Evolution","Friendly Minions","Gensokyo","GifTheSpireLib","Hubris","Infinite Spire","Jedi Mod","Minty Spire (QoL Compilation)","Pale of the Ancients","Quick Restart","Replay The Spire","Retaliation","Shop Mod","Spire Arcade","StS++","StSLib","Stuff the Spire","The Blue Laboratory","Wandering Minibosses","vexMod","??????REMEMod"],"gold_per_floor":[119,133,153,173,173,173,206,206,206,206,206,216,231,231,247,258,258,361,361,380,380,391,391,391,425,439,454,503,503,533,130,130,145,145,242,242,254,254,194,38,38,38,70,70,70,102,121,192,217,217,217,217,227,241,241,23,23,40,40,121,121,121],"floor_reached":63,"language":"RUS","playtime":4111,"items_purged":["Self Repair"],"score":2268,"play_id":"fbcd5149-938e-4d0a-93e9-4d6c5157eb5c","local_time":"20210120171407","is_ascension_mode":true,"campfire_choices":[{"data":"ReplayTheSpireMod:Fabricate Wheel","floor":6.0,"key":"SMITH"},{"data":"StuffTheSpire:ShieldGenerator","floor":17.0,"key":"SMITH"},{"data":"Buffer","floor":29.0,"key":"SMITH"},{"data":"StuffTheSpire:ShieldGenerator+1","floor":32.0,"key":"SMITH"},{"data":"StuffTheSpire:ShieldGenerator+2","floor":34.0,"key":"SMITH"},{"data":"Gensokyo:UnhurriedMind","floor":42.0,"key":"SMITH"},{"data":"infinitespire:Collect","floor":44.0,"key":"SMITH"},{"data":"hubris:SpecializedCircuitry","floor":51.0,"key":"SMITH"},{"data":"Double Energy","floor":57.0,"key":"SMITH"},{"data":"Skim","floor":59.0,"key":"SMITH"}],"circlet_count":0,"master_deck":["Sweeping Beam","Sweeping Beam","Sweeping Beam","Sweeping Beam","Conserve Battery","Conserve Battery","Double Energy+1","Scrape","jedi:reiji","Echo Form","White Noise","Deflect","Concentrate","Concentrate","StuffTheSpire:Coldhearted","Barrage","Tempest","StuffTheSpire:ShieldGenerator+3","Go for the Eyes","Buffer+1","StuffTheSpire:ShieldGenerator","Echo Form","Barrage","Chill","StuffTheSpire:Coldhearted","Aggregate","hubris:InfiniteBlow+2580","Go for the Eyes+1","Ball Lightning+1","Gash","Rainbow","StSpp:TargetLocked+1","Scrape","Machine Learning","Steam Power+1","Skim+1","infinitespire:Collect+1","Gensokyo:CustomPotion","Gensokyo:UnhurriedMind+1","StuffTheSpire:Plugnplay+1","infinitespire:Fortify","hubris:SpecializedCircuitry+1","Coolheaded+1","Defragment","Barrage+1","jedi:overflow+1","Tempest+1","Skim+1","StuffTheSpire:Coldhearted","Barrage+1","Chaos+1","Steam Power+1","hubris:Ukulele+1","Coolheaded+1"],"relics":["Cracked Core","EVO:Axolotl","REME_ComplimentaryCards","Ring of Peace","ReplayTheSpireMod:Ring of Exchange","Prayer Wheel","StrikeDummy","StSpp:TwinEgg","Replay:Baseball","Replay:Drink Me","StuffTheSpire:Experiment12","aspiration:FetidBarrel","hubris:RGBLights","StuffTheSpire:ForceGauntlet","Replay:Frozen Program","Prayer Wheel","jedi:hotpepper","Strange Spoon","Chameleon Ring","Molten Egg 2","StuffTheSpire:OldFever","Omamori","vexMod:FocusSash","paleoftheancients:Timepiece","paleoftheancients:KeyRelic","Coffee Dripper","CultistMask","paleoftheancients:SoulOfTheWatcher","Strawberry","StuffTheSpire:EmeraldSignet"],"acts_visited":["Gensokyo:Gensokyo","Gensokyo:Gensokyoer","Gensokyo:Gensokyoest","paleoftheancients:PaleOfTheAncients"],"potions_floor_usage":[],"damage_taken":[{"damage":1.0,"enemies":"Gensokyo:Gryphon","floor":1.0,"turns":3.0},{"damage":0.0,"enemies":"Gensokyo:Python","floor":2.0,"turns":2.0},{"damage":0.0,"enemies":"Gensokyo:3_Fairies","floor":3.0,"turns":3.0},{"damage":6.0,"enemies":"Gensokyo:Kitsune","floor":4.0,"turns":2.0},{"damage":30.0,"enemies":"Gensokyo:Aya","floor":7.0,"turns":6.0},{"damage":16.0,"enemies":"Gensokyo:VengefulSpirit","floor":12.0,"turns":6.0},{"damage":0.0,"enemies":"Gensokyo:2_Rabbits","floor":13.0,"turns":4.0},{"damage":0.0,"enemies":"Gensokyo:Kitsune","floor":15.0,"turns":2.0},{"damage":0.0,"enemies":"Gensokyo:VengefulSpirit","floor":16.0,"turns":5.0},{"damage":0.0,"enemies":"Gensokyo:Yukari","floor":18.0,"turns":10.0},{"damage":4.0,"enemies":"Gensokyo:3_Dogs","floor":20.0,"turns":5.0},{"damage":0.0,"enemies":"Gensokyo:2_Gloops","floor":22.0,"turns":4.0},{"damage":0.0,"enemies":"Gensokyo:Reisen","floor":25.0,"turns":3.0},{"damage":0.0,"enemies":"Gensokyo:Wraith","floor":26.0,"turns":3.0},{"damage":0.0,"enemies":"Gensokyo:Slime_Group","floor":27.0,"turns":2.0},{"damage":0.0,"enemies":"Gensokyo:Koishi","floor":30.0,"turns":1.0},{"damage":0.0,"enemies":"Gensokyo:3_Gloops","floor":33.0,"turns":5.0},{"damage":23.0,"enemies":"Gensokyo:Eternal_Rivals","floor":35.0,"turns":6.0},{"damage":0.0,"enemies":"Gensokyo:3_Boulders","floor":37.0,"turns":5.0},{"damage":0.0,"enemies":"Gensokyo:Marisa","floor":43.0,"turns":4.0},{"damage":0.0,"enemies":"Nightmare","floor":46.0,"turns":3.0},{"damage":0.0,"enemies":"Gensokyo:3_Bats","floor":47.0,"turns":4.0},{"damage":0.0,"enemies":"Gensokyo:Marisa","floor":49.0,"turns":2.0},{"damage":0.0,"enemies":"Gensokyo:Scarlet_Devils","floor":52.0,"turns":4.0},{"damage":0.0,"enemies":"Gensokyo:Scarlet_Devils","floor":53.0,"turns":3.0},{"damage":0.0,"enemies":"Gensokyo:Scarlet_Devils","floor":54.0,"turns":2.0},{"damage":0.0,"enemies":"Gensokyo:Scarlet_Devils","floor":58.0,"turns":3.0},{"damage":66,"enemies":"paleoftheancients:N","floor":62,"turns":6}],"seed_played":"-1116685303314766455","potions_obtained":[{"floor":4.0,"key":"blueLaboratory:PolymorphPotion"},{"floor":12.0,"key":"LiquidMemories"},{"floor":18.0,"key":"SteroidPotion"},{"floor":20.0,"key":"StSpp:ScatteredWeakPotion"},{"floor":25.0,"key":"jedi:coolantleak"},{"floor":27.0,"key":"SkillPotion"},{"floor":33.0,"key":"EssenceOfSteel"},{"floor":46.0,"key":"blueLaboratory:NullPotion"},{"floor":48.0,"key":"REME_GoldPotion"},{"floor":48.0,"key":"blueLaboratory:StoneskinPotion"},{"floor":49.0,"key":"blueLaboratory:CorrosionFlask"},{"floor":58.0,"key":"FairyPotion"}],"is_trial":false,"path_per_floor":["M","M","M","M","?","R","E","?","T","PTL","PTL","M","M","?","M","M","R","B",null,"M","?","M","AVR","?","E","M","M","T","R","E","$","R","M","R","B",null,"M","AVR","?","COS","?","R","E","R","T","NM","M","?","E","?","R","B","M","M","?","$","R","M","R","T","?","B",null],"character_chosen":"DEFECT","items_purchased":["StuffTheSpire:ForceGauntlet","Replay:Frozen Program","Strawberry"],"campfire_rested":0,"item_purchase_floors":[31,31,56],"current_hp_per_floor":[74,74,74,68,68,68,38,38,38,38,38,22,22,22,22,22,22,22,52,48,54,54,54,54,54,54,54,54,54,54,54,54,54,54,31,42,42,42,42,42,42,42,46,46,46,46,46,46,46,46,46,46,46,46,46,50,50,50,50,50,50,24],"gold":121,"neow_bonus":"TEN_PERCENT_HP_BONUS","is_daily":false,"chose_seed":false,"campfire_upgraded":10,"win_rate":0.0,"timestamp":1611155647,"path_taken":["M","?","M","M","?","R","E","?","T","PTL","PTL","?","M","?","?","M","R","BOSS","M","?","?","AVR","?","E","?","M","T","R","E","$","R","M","R","BOSS","M","AVR","?","COS","?","R","E","R","T","NM","?","?","E","?","R","BOSS","M","M","?","$","R","M","R","T","?","BOSS"],"items_purchased_type":["Relic","Relic","Relic"],"build_version":"2020-12-22","purchased_purges":1,"victory":true,"max_hp_per_floor":[82,82,82,82,82,82,82,82,82,82,82,82,82,82,82,82,82,82,62,62,62,62,62,62,62,62,62,62,62,62,62,62,62,62,62,46,46,46,46,46,46,46,46,46,46,46,46,46,46,46,46,46,46,46,46,50,50,50,50,50,50,50],"card_choices":[{"not_picked":["Gash","Panic Button"],"picked":"Double Energy","floor":1.0},{"not_picked":["Cold Snap","jedi:sharpshooter"],"picked":"Scrape","floor":2.0},{"not_picked":["StSpp:Pointer","jedi:blockon"],"picked":"jedi:reiji","floor":3.0},{"not_picked":["Beam Cell","StuffTheSpire:LoadUp"],"picked":"jedi:sharpshooter","floor":4.0},{"not_picked":["StuffTheSpire:EventHorizon","StuffTheSpire:SnapShoot"],"picked":"White Noise","floor":7.0},{"not_picked":["Compile Driver","StuffTheSpire:LoadUp"],"picked":"StuffTheSpire:Coldhearted","floor":12.0},{"not_picked":["Compile Driver","Beam Cell"],"picked":"Barrage","floor":12.0},{"not_picked":["Stack","Turbo"],"picked":"Tempest","floor":13.0},{"not_picked":["Double Energy","Cold Snap"],"picked":"StuffTheSpire:ShieldGenerator","floor":13.0},{"not_picked":["Gash","Turbo"],"picked":"Go for the Eyes","floor":15.0},{"not_picked":["Panic Button","Reprogram","StuffTheSpire:Plugnplay"],"picked":"SKIP","floor":15.0},{"not_picked":["Stack","Beam Cell"],"picked":"Buffer","floor":16.0},{"not_picked":["StSpp:Mask","Rebound"],"picked":"StuffTheSpire:ShieldGenerator","floor":16.0},{"not_picked":["jedi:studyfrost","Rainbow","ReplayTheSpireMod:Omega Cannon","jedi:meditation"],"picked":"Echo Form","floor":18.0},{"not_picked":["Conserve Battery","jedi:BurstFrost"],"picked":"Barrage","floor":20.0},{"not_picked":["jedi:BurstFrost","StuffTheSpire:GlassShard"],"picked":"Chill","floor":20.0},{"not_picked":["StuffTheSpire:LoadUp+1","REME_Compress+1"],"picked":"StuffTheSpire:Coldhearted","floor":22.0},{"not_picked":["StuffTheSpire:Plugnplay+1","Steam Power"],"picked":"Aggregate","floor":22.0},{"not_picked":["Steam","StSpp:Mask"],"picked":"Go for the Eyes+1","floor":25.0},{"not_picked":["ReplayTheSpireMod:Calculation Training","Barrage"],"picked":"Ball Lightning+1","floor":26.0},{"not_picked":["ReplayTheSpireMod:Repulse","jedi:BurstFrost"],"picked":"Gash","floor":26.0},{"not_picked":["Barrage+1","Defragment"],"picked":"Rainbow","floor":27.0},{"not_picked":["Ball Lightning","Turbo"],"picked":"StSpp:TargetLocked+1","floor":27.0},{"not_picked":["Hologram","StSpp:Mask"],"picked":"Scrape","floor":30.0},{"not_picked":["jedi:BurstFrost+1","Rebound","Leap"],"picked":"SKIP","floor":33.0},{"not_picked":["StSpp:TargetLocked","ReplayTheSpireMod:Repulse","jedi:blockon"],"picked":"SKIP","floor":33.0},{"not_picked":["Core Surge","jedi:BurstDark"],"picked":"Machine Learning","floor":35.0},{"not_picked":["Stack+1","jedi:BurstLightning"],"picked":"Steam Power+1","floor":37.0},{"not_picked":["Gash","REME_DataAnalysis"],"picked":"Self Repair","floor":37.0},{"not_picked":["Gash","Leap"],"picked":"Skim+1","floor":37.0},{"not_picked":["Gensokyo:BrilliantDragonBullet","Gensokyo:RainbowDanmaku"],"picked":"Gensokyo:UnhurriedMind","floor":41.0},{"not_picked":["Gash+1","Beam Cell+1"],"picked":"StuffTheSpire:Plugnplay+1","floor":43.0},{"not_picked":["infinitespire:FutureSight","ReplayTheSpireMod:Book of Names"],"picked":"infinitespire:Fortify","floor":46.0},{"not_picked":["Barrage+1","Redo+1"],"picked":"hubris:SpecializedCircuitry","floor":46.0},{"not_picked":["StSpp:Mask+1","jedi:markofdeath+1","Barrage+1"],"picked":"Coolheaded+1","floor":47.0},{"not_picked":["Blizzard+1","Beam Cell+1","Darkness+1"],"picked":"Defragment","floor":47.0},{"not_picked":["White Noise","Hologram","Cold Snap+1"],"picked":"Barrage+1","floor":47.0},{"not_picked":["Leap+1","Reprogram"],"picked":"jedi:overflow+1","floor":48.0},{"not_picked":["ReplayRNGCard","Leap+1"],"picked":"Tempest+1","floor":49.0},{"not_picked":["Darkness","Leap"],"picked":"Skim","floor":53.0},{"not_picked":["Panic Button","Lockon+1"],"picked":"StuffTheSpire:Coldhearted","floor":53.0},{"not_picked":["Recycle","Conserve Battery+1"],"picked":"Barrage+1","floor":53.0},{"not_picked":["StSpp:TargetLocked","Hologram"],"picked":"Chaos+1","floor":54.0},{"not_picked":["StuffTheSpire:SnapShoot","Defragment"],"picked":"Steam Power+1","floor":54.0},{"not_picked":["Hyperbeam+1","Reprogram","StSpp:Fierceness+1"],"picked":"SKIP","floor":54.0},{"not_picked":["Self Repair","Cold Snap+1"],"picked":"hubris:Ukulele+1","floor":58.0},{"not_picked":["jedi:BurstFrost+1","StuffTheSpire:GlassShard+1"],"picked":"Coolheaded+1","floor":58.0},{"not_picked":["StuffTheSpire:Plugnplay","Aggregate","Beam Cell+1"],"picked":"SKIP","floor":58.0}],"player_experience":637420,"relics_obtained":[{"floor":5.0,"key":"Ring of Peace"},{"floor":5.0,"key":"ReplayTheSpireMod:Ring of Exchange"},{"floor":7.0,"key":"StrikeDummy"},{"floor":9.0,"key":"StSpp:TwinEgg"},{"floor":25.0,"key":"aspiration:FetidBarrel"},{"floor":28.0,"key":"Nunchaku"},{"floor":30.0,"key":"hubris:RGBLights"},{"floor":43.0,"key":"Chameleon Ring"},{"floor":45.0,"key":"Molten Egg 2"},{"floor":46.0,"key":"StuffTheSpire:OldFever"},{"floor":48.0,"key":"Omamori"},{"floor":49.0,"key":"vexMod:FocusSash"},{"floor":53.0,"key":"paleoftheancients:SoulOfTheWatcher"},{"floor":60.0,"key":"StuffTheSpire:EmeraldSignet"}],"event_choices":[],"is_beta":false,"boss_relics":[{"not_picked":["StSpp:PileOfSugar","ReplayTheSpireMod:DimensionalGlitch"],"picked":"Replay:Drink Me"},{"not_picked":["REME_OnlineShoppingPlatform","aspiration:Nostalgia"],"picked":"jedi:hotpepper"}],"items_purged_floors":[56],"is_endless":false,"potions_floor_spawned":[4,12,18,20,25,27,33,46,49,58],"ascension_level":9}}