{"host":"ao4lxi9bhtts409i","time":1611179381,"event":{"mods":["AchievementEnabler","BaseMod","Colored Map","Colored Powertips","Minty Spire (QoL Compilation)","SuperFastMode"],"gold_per_floor":[219,67,87,162,179,179,208,208,260,260,285,303,321,338,338,338,338],"floor_reached":16,"language":"ENG","playtime":764,"items_purged":[],"score":123,"play_id":"df816813-1baa-45f1-94b7-47b6a93f7799","local_time":"20210120224941","is_ascension_mode":true,"campfire_choices":[{"data":"Loop","floor":6,"key":"SMITH"},{"data":"Sweeping Beam","floor":10,"key":"SMITH"},{"floor":15,"key":"REST"}],"circlet_count":0,"master_deck":["Strike_B","Strike_B","Strike_B","Strike_B","Defend_B+1","Defend_B","Defend_B","Defend_B","Zap+1","Dualcast","Rebound","Creative AI","Loop+1","Sweeping Beam+1","Ball Lightning","Barrage","Redo","Double Energy","Compile Driver"],"relics":["Cracked Core","War Paint","Orichalcum","Incense Burner"],"acts_visited":["Exordium"],"potions_floor_usage":[7,7,7,7,11],"damage_taken":[{"damage":0,"enemies":"Cultist","floor":1,"turns":4},{"damage":8,"enemies":"Jaw Worm","floor":3,"turns":4},{"damage":0,"enemies":"2 Louse","floor":5,"turns":3},{"damage":18,"enemies":"3 Sentries","floor":7,"turns":6},{"damage":10,"enemies":"Gremlin Nob","floor":11,"turns":3},{"damage":3,"enemies":"Looter","floor":12,"turns":2},{"damage":20,"enemies":"Exordium Thugs","floor":13,"turns":4},{"damage":0,"enemies":"Large Slime","floor":14,"turns":4},{"damage":28,"enemies":"The Guardian","floor":16,"turns":9}],"seed_played":"8638708777177580827","potions_obtained":[{"floor":1,"key":"Fire Potion"},{"floor":3,"key":"EntropicBrew"},{"floor":12,"key":"Ancient Potion"},{"floor":13,"key":"SpeedPotion"}],"is_trial":false,"path_per_floor":["M","$","M","?","M","R","E","?","T","R","E","M","M","M","R","B"],"character_chosen":"DEFECT","items_purchased":["Creative AI"],"campfire_rested":1,"item_purchase_floors":[2],"current_hp_per_floor":[75,75,67,56,56,56,38,38,38,38,28,25,5,5,27,0,0],"gold":338,"neow_bonus":"HUNDRED_GOLD","is_daily":false,"chose_seed":false,"campfire_upgraded":2,"win_rate":0.0,"timestamp":1611179381,"path_taken":["M","$","M","?","M","R","E","?","T","R","E","M","M","?","R","BOSS"],"items_purchased_type":["Card"],"build_version":"2020-12-22","purchased_purges":0,"victory":false,"max_hp_per_floor":[75,75,75,75,75,75,75,75,75,75,75,75,75,75,75,75,75],"card_choices":[{"not_picked":["Skim","Double Energy"],"picked":"Rebound","floor":1},{"not_picked":["Cold Snap","Melter"],"picked":"Loop","floor":3},{"not_picked":["Rebound","Cold Snap"],"picked":"Sweeping Beam","floor":5},{"not_picked":["Darkness","Cold Snap"],"picked":"Ball Lightning","floor":7},{"not_picked":["Undo","Cold Snap"],"picked":"Barrage","floor":11},{"not_picked":["Scrape","Hello World"],"picked":"Redo","floor":12},{"not_picked":["Sunder","Go for the Eyes"],"picked":"Double Energy","floor":13},{"not_picked":["Multi-Cast","Darkness"],"picked":"Compile Driver","floor":14}],"player_experience":227944,"relics_obtained":[{"floor":7,"key":"War Paint"},{"floor":9,"key":"Orichalcum"},{"floor":11,"key":"Incense Burner"}],"event_choices":[{"damage_healed":0,"gold_gain":75,"player_choice":"Gather Gold","damage_taken":11,"max_hp_gain":0,"max_hp_loss":0,"event_name":"World of Goop","floor":4,"gold_loss":0},{"damage_healed":0,"gold_gain":0,"player_choice":"0 cards matched","damage_taken":0,"max_hp_gain":0,"max_hp_loss":0,"event_name":"Match and Keep!","floor":8,"gold_loss":0,"cards_obtained":[]}],"is_beta":false,"boss_relics":[],"items_purged_floors":[],"is_endless":false,"potions_floor_spawned":[1,3,12,13],"killed_by":"The Guardian","ascension_level":2}}