{"host":"j4g6ia6asvpyu2b0","time":1611145683,"event":{"mods":["BaseMod","Colored Map","Minty Spire (QoL Compilation)","Permanent Neow","Quick Restart","Relic Stats","StSLib","Unceasing Turn Reminder"],"gold_per_floor":[113,130,141,160,179,205,205,242,242,242,242,268,302,70,70,70,70],"floor_reached":16,"language":"ENG","playtime":357,"items_purged":["Strike_B"],"score":176,"play_id":"1420f8b0-02be-426a-9183-1ae17278ad4b","local_time":"20210120052803","is_ascension_mode":true,"campfire_choices":[{"data":"Loop","floor":7,"key":"SMITH"},{"data":"Storm","floor":10,"key":"SMITH"},{"data":"Apotheosis","floor":15,"key":"SMITH"}],"circlet_count":0,"master_deck":["AscendersBane","Strike_B","Strike_B","Strike_B","Defend_B","Defend_B","Defend_B","Defend_B","Zap","Dualcast","Cold Snap","Loop+1","Cold Snap","Meteor Strike","Storm+1","BootSequence","Echo Form","Ball Lightning","Apotheosis+1"],"relics":["Cracked Core","Toy Ornithopter","Strawberry","CeramicFish","Singing Bowl","DataDisk","Odd Mushroom"],"acts_visited":["Exordium"],"potions_floor_usage":[5,6],"damage_taken":[{"damage":1,"enemies":"Cultist","floor":1,"turns":4},{"damage":0,"enemies":"Small Slimes","floor":2,"turns":2},{"damage":7,"enemies":"Jaw Worm","floor":3,"turns":3},{"damage":0,"enemies":"3 Louse","floor":4,"turns":3},{"damage":5,"enemies":"Blue Slaver","floor":5,"turns":4},{"damage":17,"enemies":"Gremlin Nob","floor":6,"turns":4},{"damage":17,"enemies":"3 Sentries","floor":8,"turns":8},{"damage":24,"enemies":"The Mushroom Lair","floor":13,"turns":5},{"damage":35,"enemies":"Slime Boss","floor":16,"turns":3}],"seed_played":"-6258343505419871532","potions_obtained":[{"floor":1,"key":"Swift Potion"},{"floor":3,"key":"Swift Potion"}],"is_trial":false,"path_per_floor":["M","M","M","M","M","E","R","E","T","R","?","T","?","$","R","B"],"character_chosen":"DEFECT","items_purchased":["Apotheosis"],"campfire_rested":0,"item_purchase_floors":[14],"current_hp_per_floor":[67,67,60,60,60,55,55,38,38,38,35,35,11,11,11,0,0],"gold":70,"neow_bonus":"RANDOM_COMMON_RELIC","is_daily":false,"chose_seed":false,"campfire_upgraded":3,"win_rate":0.0,"timestamp":1611145683,"path_taken":["M","M","M","M","?","E","R","E","T","R","?","?","?","$","R","BOSS"],"items_purchased_type":["Card"],"build_version":"2020-12-22","purchased_purges":1,"victory":false,"max_hp_per_floor":[75,75,75,75,75,82,82,82,82,82,82,82,82,82,82,82,82],"relic_stats":{"Singing Bowl":0,"counters":[9,36],"CeramicFish":27,"obtain_stats":[{"DataDisk":12,"Singing Bowl":11,"Strawberry":6,"CeramicFish":8,"Odd Mushroom":13,"Cracked Core":0,"Toy Ornithopter":0},{"DataDisk":7,"Singing Bowl":7,"Strawberry":6,"CeramicFish":7,"Odd Mushroom":8,"Cracked Core":0,"Toy Ornithopter":0},{"DataDisk":28,"Singing Bowl":28,"Strawberry":20,"CeramicFish":28,"Odd Mushroom":33,"Cracked Core":0,"Toy Ornithopter":0}],"Toy Ornithopter":10},"card_choices":[{"not_picked":["BootSequence","Turbo"],"picked":"Cold Snap","floor":1},{"not_picked":["Steam Power","Hologram"],"picked":"Loop","floor":2},{"not_picked":["Streamline","Sunder"],"picked":"Cold Snap","floor":3},{"not_picked":["Redo","Turbo"],"picked":"Meteor Strike","floor":4},{"not_picked":["Reprogram","Gash"],"picked":"Storm","floor":5},{"not_picked":["Redo","Steam Power"],"picked":"BootSequence","floor":6},{"not_picked":["Sweeping Beam","BootSequence"],"picked":"Echo Form","floor":8},{"not_picked":["Hologram","Barrage"],"picked":"Ball Lightning","floor":13}],"player_experience":877820,"relics_obtained":[{"floor":6,"key":"Strawberry"},{"floor":8,"key":"CeramicFish"},{"floor":12,"key":"DataDisk"},{"floor":13,"key":"Odd Mushroom"}],"event_choices":[{"damage_healed":0,"gold_gain":0,"player_choice":"Success","damage_taken":3,"relics_obtained":["Singing Bowl"],"max_hp_gain":0,"max_hp_loss":0,"event_name":"Scrap Ooze","floor":11,"gold_loss":0},{"damage_healed":0,"gold_gain":0,"player_choice":"Fought Mushrooms","damage_taken":0,"max_hp_gain":0,"max_hp_loss":0,"event_name":"Mushrooms","floor":13,"gold_loss":0}],"is_beta":false,"boss_relics":[],"items_purged_floors":[14],"is_endless":false,"potions_floor_spawned":[1,3,4],"killed_by":"Slime Boss","ascension_level":12}}