{"host":"bm1qfstn98p1odmu","time":1611176830,"event":{"mods":["AchievementEnabler","BaseMod","Bestiary","Block Reminder","Colored Map","Colored Powertips","DeckTracker","Highlight Path","Minty Spire (QoL Compilation)","Relic Stats","Replay The Spire","StSLib"],"gold_per_floor":[110,185,285,301,301,301,333,27,54,73,73,93,108,121,121,121,121],"floor_reached":16,"language":"ENG","playtime":547,"items_purged":["Strike_R"],"score":107,"play_id":"94764c6e-4a0a-49f5-9b08-99528fd828df","local_time":"20210120230710","is_ascension_mode":true,"campfire_choices":[{"data":"Armaments","floor":6,"key":"SMITH"},{"data":"Apotheosis","floor":15,"key":"SMITH"}],"circlet_count":0,"master_deck":["Strike_R","Strike_R","Strike_R+1","Strike_R","Defend_R","Defend_R","Defend_R","Defend_R","Bash+1","Armaments+1","Apotheosis+1","Uppercut","True Grit"],"relics":["Burning Blood","Smiling Mask","Bag of Marbles"],"acts_visited":["Exordium"],"potions_floor_usage":[7,16,16],"damage_taken":[{"damage":2,"enemies":"Small Slimes","floor":1,"turns":4},{"damage":7,"enemies":"2 Louse","floor":4,"turns":2},{"damage":14,"enemies":"Gremlin Nob","floor":7,"turns":4},{"damage":0,"enemies":"Cultist","floor":10,"turns":3},{"damage":9,"enemies":"3 Louse","floor":12,"turns":5},{"damage":2,"enemies":"Looter","floor":13,"turns":3},{"damage":2,"enemies":"2 Fungi Beasts","floor":14,"turns":4},{"damage":66,"enemies":"Fading Forest","floor":16,"turns":10}],"seed_played":"7485306765708157189","potions_obtained":[{"floor":4,"key":"Weak Potion"},{"floor":10,"key":"DistilledChaos"},{"floor":13,"key":"SteroidPotion"}],"is_trial":false,"path_per_floor":["M","?","?","M","?","R","E","$","T","M","?","M","M","M","R_BF","B"],"character_chosen":"IRONCLAD","items_purchased":["Apotheosis","Uppercut"],"campfire_rested":0,"item_purchase_floors":[8,8],"current_hp_per_floor":[88,77,77,76,58,58,50,50,50,56,61,58,62,66,66,0,0],"gold":121,"neow_bonus":"TEN_PERCENT_HP_BONUS","is_daily":false,"chose_seed":false,"campfire_upgraded":2,"win_rate":0.0,"timestamp":1611176830,"path_taken":["M","?","?","?","?","R","E","$","T","M","?","M","M","M","R_BF","BOSS"],"items_purchased_type":["Card","Card"],"build_version":"2020-12-22","purchased_purges":1,"victory":false,"max_hp_per_floor":[88,88,88,88,88,88,88,88,88,88,93,93,93,93,93,93,93],"relic_stats":{"counters":[8,35],"Smiling Mask":25,"obtain_stats":[{"Bag of Marbles":9,"Smiling Mask":7,"Burning Blood":0},{"Bag of Marbles":3,"Smiling Mask":3,"Burning Blood":0},{"Bag of Marbles":10,"Smiling Mask":10,"Burning Blood":0}],"Burning Blood":38},"card_choices":[{"not_picked":["Warcry","Blood for Blood","Power Through"],"picked":"SKIP","floor":1},{"not_picked":["Perfected Strike","ReplayTheSpireMod:Strike From Hell"],"picked":"Armaments","floor":4},{"not_picked":["Infernal Blade","Flex","Bloodletting"],"picked":"SKIP","floor":7},{"not_picked":["Dual Wield","ReplayTheSpireMod:Strike From Hell","Heavy Blade"],"picked":"SKIP","floor":10},{"not_picked":["Cleave","Sword Boomerang"],"picked":"True Grit","floor":12},{"not_picked":["ReplayTheSpireMod:LeadingStrike","Clash","Defy Death"],"picked":"SKIP","floor":13},{"not_picked":["Armaments","Headbutt","Cleave"],"picked":"SKIP","floor":14}],"player_experience":66958,"relics_obtained":[{"floor":7,"key":"Smiling Mask"},{"floor":9,"key":"Bag of Marbles"}],"event_choices":[{"damage_healed":0,"gold_gain":75,"player_choice":"Gather Gold","damage_taken":11,"max_hp_gain":0,"max_hp_loss":0,"event_name":"World of Goop","floor":2,"gold_loss":0},{"damage_healed":0,"gold_gain":100,"player_choice":"Gold","damage_taken":0,"max_hp_gain":0,"max_hp_loss":0,"event_name":"Wheel of Change","floor":3,"gold_loss":0},{"damage_healed":0,"gold_gain":0,"player_choice":"Entered Light","damage_taken":18,"max_hp_gain":0,"max_hp_loss":0,"event_name":"Shining Light","floor":5,"gold_loss":0,"cards_upgraded":["Bash","Strike_R"]},{"damage_healed":0,"gold_gain":0,"player_choice":"Donut","damage_taken":0,"max_hp_gain":5,"max_hp_loss":0,"event_name":"Big Fish","floor":11,"gold_loss":0}],"is_beta":false,"boss_relics":[],"items_purged_floors":[8],"is_endless":false,"potions_floor_spawned":[4,10,13],"killed_by":"Fading Forest","ascension_level":1}}