{"host":"06m9oppdo8i5oa5j","time":1611118092,"event":{"mods":["AchievementEnabler","BaseMod","Block Reminder","Colored Map","Colored Powertips","Minty Spire (QoL Compilation)","Rare Cards Sparkle"],"gold_per_floor":[415,258,269,269,42,69,69,69,69,80,109,109,125,140,140,242,242,252,240,67,85,102,127,127,158,158,176,126,153,153,28,28,123,123,133,133,151,151,163,163,179,208,235,270,270,318,318,345,345,345,345,345,33,58,58],"floor_reached":56,"language":"ENG","playtime":12809,"items_purged":["Shame","Strike_B","Strike_B"],"score":1539,"play_id":"f3df4d86-42ad-44ae-8f17-65aac1e11e57","local_time":"20210119204812","is_ascension_mode":true,"campfire_choices":[{"data":"Blizzard","floor":7.0,"key":"SMITH"},{"data":"Coolheaded","floor":12.0,"key":"SMITH"},{"data":"Multi-Cast","floor":15.0,"key":"SMITH"},{"data":"Defragment","floor":24.0,"key":"SMITH"},{"data":"Loop","floor":30.0,"key":"SMITH"},{"data":"Echo Form","floor":32.0,"key":"SMITH"},{"data":"Self Repair","floor":40.0,"key":"SMITH"},{"floor":47.0,"key":"RECALL"},{"floor":49.0,"key":"REST"},{"data":"Seek","floor":52.0,"key":"SMITH"}],"circlet_count":0,"master_deck":["Strike_B","Defend_B","Defend_B","Defend_B","Zap","Dualcast","Consume+1","Capacitor","Coolheaded","Rebound","Coolheaded+1","Multi-Cast+1","Cold Snap","BootSequence","Blizzard+1","Capacitor","Self Repair+1","Cold Snap","Coolheaded","Echo Form+1","Blizzard","Cold Snap","Defragment+1","Redo+1","Loop+1","Echo Form","Conserve Battery+1","Madness","Madness","Parasite","Seek+1"],"relics":["FrozenCore","Old Coin","Orrery","Vajra","Meat on the Bone","Centennial Puzzle","Pen Nib","Tiny Chest","Ginger","Potion Belt","Inserter","Bag of Marbles","PreservedInsect","Anchor","Ice Cream","Oddly Smooth Stone","CaptainsWheel","White Beast Statue"],"acts_visited":["Exordium","TheCity","TheBeyond","TheEnding"],"potions_floor_usage":[55],"damage_taken":[{"damage":0.0,"enemies":"2 Louse","floor":1.0,"turns":3.0},{"damage":4.0,"enemies":"Jaw Worm","floor":3.0,"turns":4.0},{"damage":14.0,"enemies":"Lagavulin","floor":6.0,"turns":11.0},{"damage":1.0,"enemies":"Cultist","floor":10.0,"turns":3.0},{"damage":41.0,"enemies":"Gremlin Nob","floor":11.0,"turns":5.0},{"damage":12.0,"enemies":"Lots of Slimes","floor":13.0,"turns":4.0},{"damage":0.0,"enemies":"Exordium Wildlife","floor":14.0,"turns":2.0},{"damage":14.0,"enemies":"Hexaghost","floor":16.0,"turns":12.0},{"damage":0.0,"enemies":"Chosen","floor":18.0,"turns":8.0},{"damage":26.0,"enemies":"2 Thieves","floor":19.0,"turns":4.0},{"damage":0.0,"enemies":"Centurion and Healer","floor":21.0,"turns":7.0},{"damage":12.0,"enemies":"Snake Plant","floor":22.0,"turns":7.0},{"damage":27.0,"enemies":"Gremlin Leader","floor":23.0,"turns":10.0},{"damage":0.0,"enemies":"Book of Stabbing","floor":25.0,"turns":8.0},{"damage":4.0,"enemies":"Snecko","floor":27.0,"turns":7.0},{"damage":41.0,"enemies":"Slavers","floor":29.0,"turns":6.0},{"damage":9.0,"enemies":"Automaton","floor":33.0,"turns":13.0},{"damage":19.0,"enemies":"3 Shapes","floor":35.0,"turns":13.0},{"damage":3.0,"enemies":"Orb Walker","floor":37.0,"turns":7.0},{"damage":17.0,"enemies":"Maw","floor":39.0,"turns":9.0},{"damage":1.0,"enemies":"Writhing Mass","floor":41.0,"turns":9.0},{"damage":47.0,"enemies":"Reptomancer","floor":42.0,"turns":8.0},{"damage":0.0,"enemies":"Giant Head","floor":44.0,"turns":10.0},{"damage":16.0,"enemies":"2 Orb Walkers","floor":46.0,"turns":10.0},{"damage":51.0,"enemies":"Reptomancer","floor":48.0,"turns":14.0},{"damage":7.0,"enemies":"Donu and Deca","floor":50.0,"turns":10.0},{"damage":42.0,"enemies":"Shield and Spear","floor":54.0,"turns":12.0},{"damage":60,"enemies":"The Heart","floor":55,"turns":14}],"seed_played":"-6667933023491516556","potions_obtained":[{"floor":1.0,"key":"SkillPotion"},{"floor":6.0,"key":"FearPotion"},{"floor":16.0,"key":"SteroidPotion"},{"floor":18.0,"key":"LiquidBronze"},{"floor":22.0,"key":"Weak Potion"},{"floor":23.0,"key":"Energy Potion"},{"floor":25.0,"key":"PowerPotion"},{"floor":29.0,"key":"DuplicationPotion"},{"floor":37.0,"key":"Dexterity Potion"},{"floor":41.0,"key":"Weak Potion"},{"floor":44.0,"key":"GamblersBrew"}],"is_trial":false,"path_per_floor":["M","$","M","?","$","E","R","?","T","M","E","R","M","M","R","B",null,"M","M","$","M","M","E","R","E","T","M","?","E","R","$","R","B",null,"M","?","M","?","M","R","M","E","T","E","T","?","R","E","R","B",null,"R","$","E","B",null],"character_chosen":"DEFECT","items_purchased":["Capacitor","Coolheaded","Orrery","Blizzard","Defragment","CaptainsWheel"],"campfire_rested":1,"item_purchase_floors":[2,2,5,5,20,53],"current_hp_per_floor":[75,75,71,71,71,57,57,57,57,56,27,27,27,39,39,44,75,75,49,49,63,58,57,57,71,71,74,74,45,45,45,45,55,75,70,70,75,66,63,63,75,60,60,75,75,59,59,40,62,75,75,75,75,65,27],"gold":58,"neow_bonus":"ONE_RARE_RELIC","is_daily":false,"chose_seed":false,"campfire_upgraded":8,"win_rate":0.0,"timestamp":1611118092,"path_taken":["M","$","M","?","$","E","R","?","T","M","E","R","M","?","R","BOSS","M","M","?","M","M","E","R","E","T","M","?","E","R","$","R","BOSS","M","?","M","?","M","R","M","E","T","E","?","?","R","E","R","BOSS","R","$","E","BOSS"],"items_purchased_type":["Card","Card","Relic","Card","Card","Relic"],"build_version":"2020-12-22","purchased_purges":3,"victory":true,"max_hp_per_floor":[75,75,75,75,75,75,75,75,75,75,75,75,75,75,75,75,75,75,75,75,75,75,75,75,75,75,75,75,75,75,75,75,75,75,75,75,75,75,75,75,75,75,75,75,75,75,75,75,75,75,75,75,75,75,75],"card_choices":[{"not_picked":["Coolheaded","Steam"],"picked":"Consume","floor":1.0},{"not_picked":["Steam Power","Tempest"],"picked":"Rebound","floor":3.0},{"not_picked":["Rebound","Reboot"],"picked":"Coolheaded","floor":5.0},{"not_picked":["Doom and Gloom","Reprogram"],"picked":"Multi-Cast","floor":5.0},{"not_picked":["Barrage","Steam"],"picked":"Cold Snap","floor":5.0},{"not_picked":["Hello World","Undo"],"picked":"BootSequence","floor":5.0},{"not_picked":["Rebound","Hello World"],"picked":"Capacitor","floor":6.0},{"not_picked":["Lockon","Steam"],"picked":"Self Repair","floor":10.0},{"not_picked":["Seek","Sweeping Beam"],"picked":"Cold Snap","floor":11.0},{"not_picked":["Ball Lightning","Stack"],"picked":"Coolheaded","floor":13.0},{"not_picked":["Beam Cell","Static Discharge","Steam Power"],"picked":"SKIP","floor":14.0},{"not_picked":["Thunder Strike","Rainbow"],"picked":"Echo Form","floor":16.0},{"not_picked":["Static Discharge","Ball Lightning"],"picked":"Blizzard","floor":18.0},{"not_picked":["Skim","Sweeping Beam+1"],"picked":"Cold Snap","floor":19.0},{"not_picked":["Undo+1","Barrage","Genetic Algorithm+1"],"picked":"SKIP","floor":21.0},{"not_picked":["Undo+1","Barrage","Genetic Algorithm+1"],"picked":"SKIP","floor":21.0},{"not_picked":["Blizzard","Gash+1"],"picked":"Redo+1","floor":22.0},{"not_picked":["BootSequence","Gash","Blizzard"],"picked":"SKIP","floor":23.0},{"not_picked":["Steam","Rip and Tear","Doom and Gloom+1"],"picked":"SKIP","floor":25.0},{"not_picked":["Compile Driver","Static Discharge+1","Rip and Tear"],"picked":"SKIP","floor":27.0},{"not_picked":["Conserve Battery","Scrape"],"picked":"Loop","floor":29.0},{"not_picked":["Electrodynamics","Biased Cognition"],"picked":"Echo Form","floor":33.0},{"not_picked":["Sweeping Beam","Coolheaded"],"picked":"Conserve Battery+1","floor":35.0},{"not_picked":["Conserve Battery+1","Leap","Aggregate"],"picked":"SKIP","floor":37.0},{"not_picked":["Coolheaded","Cold Snap","Heatsinks+1"],"picked":"SKIP","floor":39.0},{"not_picked":["Coolheaded","Cold Snap","Heatsinks+1"],"picked":"SKIP","floor":39.0},{"not_picked":["Scrape","Steam+1","Stack+1"],"picked":"SKIP","floor":41.0},{"not_picked":["Coolheaded+1","Conserve Battery+1"],"picked":"Seek","floor":42.0},{"not_picked":["Steam","Ball Lightning","Go for the Eyes"],"picked":"SKIP","floor":44.0},{"not_picked":["Leap+1","Barrage","Compile Driver"],"picked":"SKIP","floor":48.0},{"not_picked":["Auto Shields","Beam Cell+1","Barrage"],"picked":"SKIP","floor":54.0}],"player_experience":199575,"relics_obtained":[{"floor":6.0,"key":"Vajra"},{"floor":9.0,"key":"Meat on the Bone"},{"floor":11.0,"key":"Centennial Puzzle"},{"floor":23.0,"key":"Pen Nib"},{"floor":25.0,"key":"Tiny Chest"},{"floor":26.0,"key":"Ginger"},{"floor":29.0,"key":"Potion Belt"},{"floor":42.0,"key":"Bag of Marbles"},{"floor":43.0,"key":"PreservedInsect"},{"floor":44.0,"key":"Anchor"},{"floor":46.0,"key":"Ice Cream"},{"floor":48.0,"key":"Oddly Smooth Stone"},{"floor":54.0,"key":"White Beast Statue"}],"event_choices":[{"damage_healed":0.0,"max_hp_gain":0.0,"max_hp_loss":0.0,"gold_gain":0.0,"event_name":"Living Wall","player_choice":"Grow","floor":4.0,"gold_loss":0.0,"damage_taken":0.0,"cards_upgraded":["Consume"]},{"cards_removed":["Strike_B"],"damage_healed":0.0,"max_hp_gain":0.0,"max_hp_loss":0.0,"gold_gain":0.0,"event_name":"Bonfire Elementals","player_choice":"Offered Basic","floor":8.0,"gold_loss":0.0,"damage_taken":0.0},{"damage_healed":0.0,"max_hp_gain":0.0,"max_hp_loss":0.0,"gold_gain":0.0,"event_name":"The Joust","player_choice":"Bet on Owner","floor":28.0,"gold_loss":50.0,"damage_taken":0.0},{"cards_removed":["Defend_B"],"damage_healed":0.0,"max_hp_gain":0.0,"max_hp_loss":0.0,"gold_gain":0.0,"event_name":"Falling","player_choice":"Removed Skill","floor":36.0,"gold_loss":0.0,"damage_taken":0.0},{"damage_healed":0.0,"max_hp_gain":0.0,"max_hp_loss":0.0,"gold_gain":0.0,"event_name":"Winding Halls","player_choice":"Embrace Madness","floor":38.0,"gold_loss":0.0,"damage_taken":9.0,"cards_obtained":["Madness","Madness"]},{"damage_healed":0.0,"max_hp_gain":0.0,"max_hp_loss":0.0,"gold_gain":0.0,"event_name":"Mysterious Sphere","player_choice":"Fight","floor":46.0,"gold_loss":0.0,"damage_taken":0.0}],"is_beta":false,"boss_relics":[{"not_picked":["SacredBark","Cursed Key"],"picked":"FrozenCore"},{"not_picked":["Empty Cage","Astrolabe"],"picked":"Inserter"}],"items_purged_floors":[2,20,31],"is_endless":false,"potions_floor_spawned":[1,6,16,18,22,23,25,29,37,41,44],"ascension_level":4}}