{"host":"5jyeqch4fosnsiz2","time":1611110360,"event":{"mods":["BaseMod","Bestiary","Colored Map","Colored Powertips","Filter the Spire","Minty Spire (QoL Compilation)","Relic Stats","StSLib","Waifu the Spire","ojb\u0027s Better Paths Mod","ojb\u0027s Info Mod"],"gold_per_floor":[119,136,61,77,77,103,114,126,172,472,24,53,3,34,34,137,137,137,83,83,83,28,28,28,28,28,28,28,28,28,28,28,28,28,28,28,28,28,28,28,28],"floor_reached":40,"language":"ENG","playtime":1364,"items_purged":["Strike_R"],"score":442,"play_id":"2a757b36-0b3e-46db-8b8a-c13c646e57b3","local_time":"20210119213920","is_ascension_mode":false,"campfire_choices":[{"data":"Fire Breathing","floor":15.0,"key":"SMITH"},{"data":"Power Through","floor":28.0,"key":"SMITH"},{"data":"Entrench","floor":32.0,"key":"SMITH"}],"circlet_count":0,"master_deck":["Strike_R+1","Strike_R+1","Strike_R+1","Strike_R+1","Defend_R+1","Defend_R+1","Defend_R+1","Bash","Immolate","Intimidate","Shrug It Off","Wild Strike","Twin Strike","Entrench+1","Fire Breathing+1","Immolate","Power Through+1","Fiend Fire","Wild Strike","Dropkick","Flame Barrier+1","Immolate","Impervious","Second Wind","Offering"],"relics":["Burning Blood","Ancient Tea Set","Whetstone","Old Coin","Anchor","Gremlin Horn","Juzu Bracelet","Ectoplasm","Torii","Bird Faced Urn","WingedGreaves","Ornamental Fan","Shuriken","Mark of Pain","Turnip"],"acts_visited":["Exordium","TheCity","TheBeyond"],"potions_floor_usage":[40],"damage_taken":[{"damage":2.0,"enemies":"Cultist","floor":1.0,"turns":4.0},{"damage":3.0,"enemies":"Jaw Worm","floor":2.0,"turns":4.0},{"damage":3.0,"enemies":"2 Louse","floor":4.0,"turns":2.0},{"damage":20.0,"enemies":"Gremlin Nob","floor":6.0,"turns":4.0},{"damage":3.0,"enemies":"Lots of Slimes","floor":7.0,"turns":3.0},{"damage":2.0,"enemies":"Looter","floor":8.0,"turns":2.0},{"damage":13.0,"enemies":"3 Sentries","floor":12.0,"turns":5.0},{"damage":18.0,"enemies":"Gremlin Nob","floor":14.0,"turns":5.0},{"damage":3.0,"enemies":"Slime Boss","floor":16.0,"turns":5.0},{"damage":0.0,"enemies":"Chosen","floor":18.0,"turns":4.0},{"damage":4.0,"enemies":"Shell Parasite","floor":20.0,"turns":3.0},{"damage":10.0,"enemies":"Gremlin Leader","floor":23.0,"turns":4.0},{"damage":64.0,"enemies":"Book of Stabbing","floor":25.0,"turns":7.0},{"damage":11.0,"enemies":"Cultist and Chosen","floor":29.0,"turns":5.0},{"damage":1.0,"enemies":"Chosen and Byrds","floor":30.0,"turns":4.0},{"damage":1.0,"enemies":"Snecko","floor":31.0,"turns":4.0},{"damage":28.0,"enemies":"Collector","floor":33.0,"turns":11.0},{"damage":1,"enemies":"Orb Walker","floor":35,"turns":4},{"damage":22,"enemies":"Mind Bloom Boss Battle","floor":37,"turns":6},{"damage":70,"enemies":"Giant Head","floor":40,"turns":7}],"seed_played":"-8184269105477545106","potions_obtained":[{"floor":1.0,"key":"ElixirPotion"},{"floor":2.0,"key":"Dexterity Potion"},{"floor":7.0,"key":"Strength Potion"},{"floor":12.0,"key":"SteroidPotion"},{"floor":20.0,"key":"Energy Potion"},{"floor":30.0,"key":"SpeedPotion"},{"floor":31.0,"key":"BlessingOfTheForge"},{"floor":39,"key":"Energy Potion"},{"floor":39,"key":"BlessingOfTheForge"}],"is_trial":false,"path_per_floor":["M","M","$","M","$","E","M","M","T","T","$","E","?","E","R","B",null,"M","$","M","?","?","E","?","E","T","?","R","M","M","M","R","B",null,"M","$","?","?","?","E"],"character_chosen":"IRONCLAD","items_purchased":["Fire Breathing","Immolate","Anchor","Power Through","Wild Strike"],"campfire_rested":0,"item_purchase_floors":[11,11,11,11,19],"current_hp_per_floor":[60,63,63,66,66,52,55,59,59,59,59,52,52,40,40,43,80,80,80,80,80,80,76,76,20,20,20,20,17,24,31,31,11,80,80,80,66,66,66,0,0],"gold":28,"neow_bonus":"THREE_RARE_CARDS","is_daily":false,"chose_seed":false,"campfire_upgraded":3,"win_rate":0.0,"timestamp":1611110360,"path_taken":["M","M","$","M","$","E","M","M","T","?","$","E","?","E","R","BOSS","M","$","M","?","?","E","?","E","T","?","R","M","M","M","R","BOSS","M","$","?","?","?","E"],"items_purchased_type":["Card","Card","Relic","Card","Card"],"build_version":"2020-12-22","purchased_purges":1,"victory":false,"max_hp_per_floor":[80,80,80,80,80,80,80,80,80,80,80,80,80,80,80,80,80,80,80,80,80,80,80,80,80,80,80,80,80,80,80,80,80,80,80,80,80,80,80,80,80],"relic_stats":{"Gremlin Horn":[11,11],"Torii":20,"counters":[20,93],"Ornamental Fan":[36],"Shuriken":[9],"Bird Faced Urn":[14],"Ectoplasm":308,"Turnip":[0],"Juzu Bracelet":2,"Whetstone":["Strike_R","Strike_R"],"obtain_stats":[{"Gremlin Horn":12,"Torii":22,"Juzu Bracelet":14,"Whetstone":9,"Ancient Tea Set":6,"Burning Blood":0,"Old Coin":10,"Anchor":11,"Ornamental Fan":26,"Shuriken":27,"Bird Faced Urn":23,"Ectoplasm":17,"WingedGreaves":25,"Mark of Pain":34,"Turnip":37},{"Gremlin Horn":7,"Torii":11,"Juzu Bracelet":8,"Whetstone":6,"Ancient Tea Set":4,"Burning Blood":0,"Old Coin":6,"Anchor":6,"Ornamental Fan":13,"Shuriken":13,"Bird Faced Urn":12,"Ectoplasm":9,"WingedGreaves":13,"Mark of Pain":17,"Turnip":19},{"Gremlin Horn":24,"Torii":41,"Juzu Bracelet":29,"Whetstone":19,"Ancient Tea Set":14,"Burning Blood":0,"Old Coin":19,"Anchor":19,"Ornamental Fan":52,"Shuriken":52,"Bird Faced Urn":45,"Ectoplasm":34,"WingedGreaves":52,"Mark of Pain":76,"Turnip":86}],"Burning Blood":101},"card_choices":[{"not_picked":["Fiend Fire","Juggernaut"],"picked":"Immolate","floor":0.0},{"not_picked":["Twin Strike","Uppercut"],"picked":"Intimidate","floor":1.0},{"not_picked":["Iron Wave","Flex"],"picked":"Shrug It Off","floor":2.0},{"not_picked":["Intimidate","Warcry"],"picked":"Wild Strike","floor":4.0},{"not_picked":["Body Slam","Havoc","Inflame"],"picked":"SKIP","floor":6.0},{"not_picked":["Whirlwind","Havoc"],"picked":"Twin Strike","floor":7.0},{"not_picked":["Fiend Fire","Perfected Strike"],"picked":"Entrench","floor":8.0},{"not_picked":["Clash","Spot Weakness","Sword Boomerang"],"picked":"SKIP","floor":12.0},{"not_picked":["Hemokinesis","Carnage","Iron Wave"],"picked":"SKIP","floor":14.0},{"not_picked":["Limit Break","Immolate"],"picked":"Fiend Fire","floor":16.0},{"not_picked":["Twin Strike","Disarm","Perfected Strike"],"picked":"SKIP","floor":18.0},{"not_picked":["Wild Strike","Rupture"],"picked":"Dropkick","floor":20.0},{"not_picked":["Havoc","Dropkick","Juggernaut"],"picked":"SKIP","floor":23.0},{"not_picked":["Bludgeon","Heavy Blade"],"picked":"Flame Barrier+1","floor":25.0},{"not_picked":["Armaments","Heavy Blade","Clothesline"],"picked":"SKIP","floor":29.0},{"not_picked":["Iron Wave","Clash"],"picked":"Immolate","floor":30.0},{"not_picked":["True Grit","Sword Boomerang+1","Pummel"],"picked":"SKIP","floor":31.0},{"not_picked":["Demon Form","Fiend Fire"],"picked":"Impervious","floor":33.0},{"not_picked":["Body Slam","Ghostly Armor+1","Burning Pact+1"],"picked":"SKIP","floor":35},{"not_picked":["Feel No Pain+1","Spot Weakness+1"],"picked":"Second Wind","floor":37}],"player_experience":309753,"relics_obtained":[{"floor":6.0,"key":"Ancient Tea Set"},{"floor":9.0,"key":"Whetstone"},{"floor":10.0,"key":"Old Coin"},{"floor":12.0,"key":"Gremlin Horn"},{"floor":14.0,"key":"Juzu Bracelet"},{"floor":23.0,"key":"Bird Faced Urn"},{"floor":25.0,"key":"WingedGreaves"},{"floor":26.0,"key":"Ornamental Fan"},{"floor":37,"key":"Turnip"}],"event_choices":[{"cards_removed":["Defend_R"],"damage_healed":0.0,"max_hp_gain":0.0,"max_hp_loss":0.0,"gold_gain":0.0,"event_name":"The Cleric","player_choice":"Card Removal","floor":13.0,"gold_loss":50.0,"damage_taken":0.0},{"damage_healed":0.0,"max_hp_gain":0.0,"max_hp_loss":0.0,"gold_gain":0.0,"event_name":"Back to Basics","player_choice":"Simplicity","floor":21.0,"gold_loss":0.0,"damage_taken":0.0,"cards_upgraded":["Strike_R","Strike_R","Defend_R","Defend_R","Defend_R"]},{"damage_healed":0.0,"max_hp_gain":0.0,"max_hp_loss":0.0,"gold_gain":0.0,"event_name":"WeMeetAgain","player_choice":"Paid Gold","floor":22.0,"gold_loss":55.0,"damage_taken":0.0,"relics_obtained":["Torii"]},{"damage_healed":0.0,"max_hp_gain":0.0,"max_hp_loss":0.0,"gold_gain":0.0,"event_name":"Ghosts","player_choice":"Ignored","floor":24.0,"gold_loss":0.0,"damage_taken":0.0},{"damage_healed":0.0,"max_hp_gain":0.0,"max_hp_loss":0.0,"gold_gain":0.0,"event_name":"The Mausoleum","player_choice":"Opened","floor":27.0,"gold_loss":0.0,"damage_taken":0.0,"relics_obtained":["Shuriken"]},{"damage_healed":0,"gold_gain":0,"player_choice":"Fight","damage_taken":0,"max_hp_gain":0,"max_hp_loss":0,"event_name":"MindBloom","floor":37,"gold_loss":0},{"damage_healed":0,"gold_gain":0,"player_choice":"1 cards matched","damage_taken":0,"max_hp_gain":0,"max_hp_loss":0,"event_name":"Match and Keep!","floor":38,"gold_loss":0,"cards_obtained":["Offering"]},{"damage_healed":0,"gold_gain":0,"player_choice":"Got Potions","damage_taken":0,"max_hp_gain":0,"max_hp_loss":0,"event_name":"Lab","floor":39,"gold_loss":0}],"is_beta":false,"boss_relics":[{"not_picked":["Black Star","SacredBark"],"picked":"Ectoplasm"},{"not_picked":["Coffee Dripper","Black Blood"],"picked":"Mark of Pain"}],"items_purged_floors":[3],"is_endless":false,"potions_floor_spawned":[1,2,7,12,20,30,31],"killed_by":"Giant Head","ascension_level":0}}