{"host":"36t3qd3wjvajtu1z","time":1611182536,"event":{"mods":["AchievementEnabler","BaseMod","Block Reminder","Colored Powertips","Minty Spire (QoL Compilation)","Permanent Neow","Quick Restart","Random Character Button","Rare Cards Sparkle","Relic Stats","Slay-I","StSLib"],"gold_per_floor":[116,134,146,161,173,205,218,218,218,218,25,50,60,90,90,187,187,205,205,65,75,90,125,145,145,145,164,174,174,2,2,2,100,100,110,125,142,159,159,159,184,184,184,217,233,3,21,31,31,31],"floor_reached":51,"language":"ENG","playtime":3121,"items_purged":["Strike_B","Dualcast"],"score":925,"play_id":"65f4c62f-da5b-4024-92b3-f1cebb5e26c1","local_time":"20210120144216","is_ascension_mode":true,"campfire_choices":[{"data":"Consume","floor":8,"key":"SMITH"},{"data":"Zap","floor":10,"key":"SMITH"},{"floor":15,"key":"REST"},{"data":"Fission","floor":25,"key":"SMITH"},{"data":"Loop","floor":29,"key":"SMITH"},{"data":"Multi-Cast","floor":32,"key":"SMITH"},{"data":"Loop","floor":40,"key":"SMITH"},{"floor":49,"key":"REST"}],"circlet_count":0,"master_deck":["Zap+1","Rebound","Melter","FTL","Coolheaded","Consume+1","Loop+1","Seek","Coolheaded","Fission+1","Multi-Cast+1","Loop+1","Self Repair","Core Surge","Go for the Eyes+1","Reinforced Body","Double Energy+1","Leap","Leap","Electrodynamics+1","Coolheaded","Steam","Steam Power","Thunder Strike","Echo Form+1","Redo+1","Static Discharge+1","Chaos+1","Glacier+1","Tempest+1","Static Discharge+1","Mayhem+1","Conserve Battery","Conserve Battery+1"],"relics":["Cracked Core","Incense Burner","Strawberry","Cables","Oddly Smooth Stone","Pandora\u0027s Box","Frozen Egg 2","StrikeDummy","Lee\u0027s Waffle","Philosopher\u0027s Stone","Kunai","Mummified Hand","Symbiotic Virus"],"acts_visited":["Exordium","TheCity","TheBeyond"],"potions_floor_usage":[6,12,12,22,23,44,50,50,50,50,50,50],"damage_taken":[{"damage":1,"enemies":"Cultist","floor":1,"turns":3},{"damage":7,"enemies":"Small Slimes","floor":2,"turns":2},{"damage":0,"enemies":"Jaw Worm","floor":3,"turns":2},{"damage":4,"enemies":"2 Fungi Beasts","floor":4,"turns":2},{"damage":7,"enemies":"Exordium Wildlife","floor":5,"turns":3},{"damage":8,"enemies":"Gremlin Nob","floor":6,"turns":3},{"damage":2,"enemies":"Exordium Thugs","floor":7,"turns":4},{"damage":10,"enemies":"3 Sentries","floor":12,"turns":4},{"damage":2,"enemies":"3 Louse","floor":13,"turns":2},{"damage":8,"enemies":"Hexaghost","floor":16,"turns":11},{"damage":10,"enemies":"Chosen","floor":18,"turns":4},{"damage":18,"enemies":"3 Byrds","floor":21,"turns":5},{"damage":0,"enemies":"Snecko","floor":22,"turns":6},{"damage":37,"enemies":"Slavers","floor":23,"turns":5},{"damage":11,"enemies":"Centurion and Healer","floor":24,"turns":6},{"damage":2,"enemies":"Cultist and Chosen","floor":27,"turns":6},{"damage":9,"enemies":"Snecko","floor":28,"turns":6},{"damage":14,"enemies":"Automaton","floor":33,"turns":6},{"damage":0,"enemies":"Orb Walker","floor":35,"turns":3},{"damage":3,"enemies":"3 Darklings","floor":36,"turns":2},{"damage":12,"enemies":"4 Shapes","floor":37,"turns":2},{"damage":0,"enemies":"Transient","floor":38,"turns":5},{"damage":20,"enemies":"Giant Head","floor":41,"turns":8},{"damage":0,"enemies":"Reptomancer","floor":44,"turns":7},{"damage":41,"enemies":"3 Darklings","floor":45,"turns":3},{"damage":28,"enemies":"Writhing Mass","floor":47,"turns":4},{"damage":24,"enemies":"Transient","floor":48,"turns":5},{"damage":24,"enemies":"Donu and Deca","floor":50,"turns":6}],"seed_played":"3663335664466660981","potions_obtained":[{"floor":3,"key":"Fire Potion"},{"floor":4,"key":"LiquidBronze"},{"floor":12,"key":"BlessingOfTheForge"},{"floor":21,"key":"DistilledChaos"},{"floor":24,"key":"PotionOfCapacity"},{"floor":27,"key":"EntropicBrew"},{"floor":28,"key":"DuplicationPotion"},{"floor":44,"key":"Ancient Potion"}],"is_trial":false,"path_per_floor":["M","M","M","M","M","E","M","R","T","R","$","E","M","?","R","B",null,"M","?","$","M","M","E","M","R","T","M","M","R","$","?","R","B",null,"M","M","M","M","?","R","E","?","T","E","M","$","M","M","R","B",null],"character_chosen":"DEFECT","items_purchased":["Energy Potion","Loop","Reinforced Body","Lee\u0027s Waffle","Steam","Mayhem+1","Conserve Battery"],"campfire_rested":2,"item_purchase_floors":[11,11,20,30,30,46,46],"current_hp_per_floor":[53,46,46,42,35,34,32,32,32,32,32,22,20,20,44,36,71,68,82,82,71,78,48,44,44,44,49,47,47,89,89,89,75,86,86,89,84,89,89,89,83,83,83,89,55,55,27,10,36,12],"gold":31,"neow_bonus":"ONE_RARE_RELIC","is_daily":false,"chose_seed":false,"campfire_upgraded":6,"win_rate":0.0,"timestamp":1611182536,"path_taken":["M","?","M","?","M","E","M","R","T","R","$","E","M","?","R","BOSS","M","?","$","M","M","E","?","R","T","M","M","R","$","?","R","BOSS","M","M","M","M","?","R","E","?","T","E","M","$","M","M","R","BOSS"],"items_purchased_type":["Potion","Card","Card","Relic","Card","Card","Card"],"build_version":"2020-12-22","purchased_purges":2,"victory":true,"max_hp_per_floor":[75,75,75,75,75,82,82,82,82,82,82,82,82,82,82,82,82,82,82,82,82,82,82,82,82,82,82,82,82,89,89,89,89,89,89,89,89,89,89,89,89,89,89,89,89,89,89,89,89,89],"relic_stats":{"Lee\u0027s Waffle":42,"counters":[28,125],"Mummified Hand":[35],"Pandora\u0027s Box":["Multi-Cast","Loop","Self Repair","Core Surge","Melter","Hello World","Gash"],"Kunai":[7],"obtain_stats":[{"Lee\u0027s Waffle":30,"Oddly Smooth Stone":12,"Incense Burner":0,"Frozen Egg 2":23,"Cables":9,"Mummified Hand":43,"Strawberry":6,"Pandora\u0027s Box":17,"Philosopher\u0027s Stone":34,"Kunai":41,"Cracked Core":0,"StrikeDummy":26,"Symbiotic Virus":44},{"Lee\u0027s Waffle":17,"Oddly Smooth Stone":8,"Incense Burner":0,"Frozen Egg 2":14,"Cables":7,"Mummified Hand":23,"Strawberry":6,"Pandora\u0027s Box":10,"Philosopher\u0027s Stone":18,"Kunai":23,"Cracked Core":0,"StrikeDummy":15,"Symbiotic Virus":24},{"Lee\u0027s Waffle":74,"Oddly Smooth Stone":23,"Incense Burner":0,"Frozen Egg 2":56,"Cables":19,"Mummified Hand":100,"Strawberry":15,"Pandora\u0027s Box":36,"Philosopher\u0027s Stone":80,"Kunai":100,"Cracked Core":0,"StrikeDummy":62,"Symbiotic Virus":107}],"Cables":[86,55,27,2,2]},"card_choices":[{"not_picked":["Turbo","Redo"],"picked":"Rebound","floor":1},{"not_picked":["Leap","Beam Cell"],"picked":"Melter","floor":2},{"not_picked":["Leap","Reprogram"],"picked":"FTL","floor":3},{"not_picked":["Reinforced Body","Leap"],"picked":"Coolheaded","floor":4},{"not_picked":["Beam Cell","Rip and Tear"],"picked":"Ball Lightning","floor":5},{"not_picked":["Thunder Strike","Beam Cell","Darkness"],"picked":"SKIP","floor":6},{"not_picked":["Force Field","Rebound"],"picked":"Consume","floor":7},{"not_picked":["Lockon","Redo"],"picked":"Seek","floor":12},{"not_picked":["Ball Lightning","Streamline"],"picked":"Coolheaded","floor":13},{"not_picked":["Machine Learning","Rainbow"],"picked":"Fission","floor":16},{"not_picked":["Barrage","FTL"],"picked":"Go for the Eyes+1","floor":18},{"not_picked":["Barrage","Ball Lightning"],"picked":"Double Energy+1","floor":21},{"not_picked":["Steam","Gash+1"],"picked":"Leap","floor":22},{"not_picked":["Steam","Stack"],"picked":"Leap","floor":23},{"not_picked":["Stack+1","Turbo+1","Barrage+1"],"picked":"SKIP","floor":24},{"not_picked":["Hello World+1","Redo+1"],"picked":"Electrodynamics+1","floor":27},{"not_picked":["Go for the Eyes+1","Ball Lightning"],"picked":"Coolheaded","floor":28},{"not_picked":["Electrodynamics+1","Buffer+1"],"picked":"Echo Form+1","floor":33},{"not_picked":["Storm+1","Coolheaded"],"picked":"Redo+1","floor":35},{"not_picked":["Ball Lightning","Beam Cell+1"],"picked":"Static Discharge+1","floor":36},{"not_picked":["Turbo","Cold Snap+1","Rebound"],"picked":"SKIP","floor":37},{"not_picked":["Blizzard","Rip and Tear"],"picked":"Chaos+1","floor":38},{"not_picked":["Ball Lightning+1","Compile Driver"],"picked":"Glacier+1","floor":41},{"not_picked":["Compile Driver+1","Redo+1"],"picked":"Tempest+1","floor":44},{"not_picked":["Ball Lightning","Rip and Tear+1"],"picked":"Static Discharge+1","floor":45},{"not_picked":["Conserve Battery","Barrage","Scrape+1"],"picked":"SKIP","floor":47},{"not_picked":["Ball Lightning+1","Go for the Eyes"],"picked":"Conserve Battery+1","floor":48}],"player_experience":356440,"relics_obtained":[{"floor":6,"key":"Strawberry"},{"floor":9,"key":"Cables"},{"floor":12,"key":"Oddly Smooth Stone"},{"floor":23,"key":"Frozen Egg 2"},{"floor":26,"key":"StrikeDummy"},{"floor":41,"key":"Kunai"},{"floor":43,"key":"Mummified Hand"},{"floor":44,"key":"Symbiotic Virus"}],"event_choices":[{"damage_healed":0,"gold_gain":30,"player_choice":"Searched \u00271\u0027 times","damage_taken":0,"max_hp_gain":0,"max_hp_loss":0,"event_name":"Dead Adventurer","floor":14,"gold_loss":0},{"cards_removed":["Hello World"],"damage_healed":14,"gold_gain":0,"player_choice":"Offered Uncommon","damage_taken":0,"max_hp_gain":0,"max_hp_loss":0,"event_name":"Bonfire Elementals","floor":19,"gold_loss":0},{"damage_healed":0,"gold_gain":0,"cards_transformed":["Gash","Melter"],"player_choice":"Became Test Subject","damage_taken":0,"max_hp_gain":0,"max_hp_loss":0,"event_name":"Drug Dealer","floor":31,"gold_loss":0,"cards_obtained":["Steam Power","Thunder Strike"]},{"cards_removed":["Ball Lightning"],"damage_healed":0,"gold_gain":0,"player_choice":"Removed Attack","damage_taken":0,"max_hp_gain":0,"max_hp_loss":0,"event_name":"Falling","floor":39,"gold_loss":0},{"damage_healed":0,"gold_gain":0,"player_choice":"Ignored","damage_taken":0,"max_hp_gain":0,"max_hp_loss":0,"event_name":"Tomb of Lord Red Mask","floor":42,"gold_loss":0}],"is_beta":false,"boss_relics":[{"not_picked":["Nuclear Battery","Fusion Hammer"],"picked":"Pandora\u0027s Box"},{"not_picked":["SacredBark","Empty Cage"],"picked":"Philosopher\u0027s Stone"}],"items_purged_floors":[11,20],"is_endless":false,"potions_floor_spawned":[3,4,12,21,24,27,28,35,41,44,47,48],"ascension_level":5}}