{"host":"e6sgj53qqwx3piqv","time":1611161167,"event":{"mods":["AchievementEnabler","Aspiration","BaseMod","BetterRewards","Colored Powertips","Downfall","Hermit","Highlight Path","Hubris","Infinite Spire","Minty Spire (QoL Compilation)","Quick Restart","Rare Cards Sparkle","Shop Mod","StSLib","The Cursed","The Disciple","The Jungle","The Runesmith"],"gold_per_floor":[99,163,163,183,183,199,199,217,233,264,264,281,281,281,291,291,291,291],"floor_reached":16,"language":"ENG","playtime":678,"items_purged":[],"score":102,"play_id":"038a0ebf-e509-472f-b126-e84c0ae9ca1e","local_time":"20210120114607","is_ascension_mode":false,"campfire_choices":[{"data":"bronze:Replicate","floor":1,"key":"SMITH"},{"floor":11,"key":"REST"},{"data":"bronze:Virus","floor":13,"key":"SMITH"}],"circlet_count":0,"master_deck":["bronze:Strike","bronze:Strike","bronze:Strike","bronze:Strike","bronze:Defend","bronze:Defend","bronze:Defend","bronze:Defend","bronze:Replicate+1","bronze:Goto","bronze:DelayedSlice","bronze:DelayedSlice","bronze:FineTuning","bronze:DelayedGuard","bronze:DelayedSlice","bronze:Virus+1","bronze:Invalidate","bronze:Allocate"],"relics":["bronze:BronzeCore","Eternal Feather","hubris:Icosahedron","Bottled Flame","Ornamental Fan"],"acts_visited":["Exordium"],"potions_floor_usage":[16,16,16,16,16],"damage_taken":[{"damage":40,"enemies":"Lagavulin Event","floor":2,"turns":8},{"damage":5,"enemies":"2 Louse","floor":4,"turns":2},{"damage":1,"enemies":"Small Slimes","floor":6,"turns":2},{"damage":0,"enemies":"Cultist","floor":8,"turns":2},{"damage":3,"enemies":"3 Louse","floor":9,"turns":2},{"damage":28,"enemies":"Lagavulin","floor":10,"turns":6},{"damage":4,"enemies":"Red Slaver","floor":12,"turns":2},{"damage":11,"enemies":"Lots of Slimes","floor":15,"turns":2},{"damage":77,"enemies":"WA_ARCHETYPE_RETAIN","floor":16,"turns":7}],"seed_played":"4778911937303135443","potions_obtained":[{"floor":2,"key":"SteroidPotion"},{"floor":6,"key":"Swift Potion"},{"floor":12,"key":"hexamod:SoulburnPotion"},{"floor":15,"key":"EntropicBrew"}],"is_trial":false,"path_per_floor":["R","?","?","M","?","M","T","M","M","E","R","M","R","?","M","B"],"character_chosen":"THE_AUTOMATON","items_purchased":[],"campfire_rested":1,"item_purchase_floors":[],"current_hp_per_floor":[77,37,45,40,40,39,39,39,36,8,40,36,45,45,34,0,0,0],"gold":291,"neow_bonus":"TEN_PERCENT_HP_BONUS","is_daily":false,"chose_seed":false,"campfire_upgraded":2,"win_rate":0.0,"timestamp":1611161167,"path_taken":["R","?","?","?","?","M","T","M","M","E","R","M","R","?","M","BOSS"],"items_purchased_type":[],"build_version":"2020-12-22","purchased_purges":0,"victory":false,"max_hp_per_floor":[77,77,77,77,77,77,77,77,77,77,77,77,77,77,77,77,77,77],"card_choices":[{"not_picked":["bronze:Fortify","bronze:Shield"],"picked":"bronze:DelayedSlice","floor":2},{"not_picked":["bronze:ForceShield","bronze:Iterate"],"picked":"bronze:DelayedSlice","floor":4},{"not_picked":["bronze:BronzeArmor","bronze:Overload"],"picked":"bronze:FineTuning","floor":6},{"not_picked":["bronze:DarkDash","bronze:BuggyMess"],"picked":"bronze:DelayedGuard","floor":8},{"not_picked":["bronze:Branch","bronze:ItsAFeature"],"picked":"bronze:DelayedSlice","floor":9},{"not_picked":["bronze:Overheat","bronze:BuggyMess"],"picked":"bronze:Virus","floor":10},{"not_picked":["bronze:DelayedSlice","bronze:ChosenStrike"],"picked":"bronze:Invalidate","floor":12},{"not_picked":["bronze:WildBeam","bronze:Branch"],"picked":"bronze:Allocate","floor":15}],"player_experience":203079,"relics_obtained":[{"floor":2,"key":"Eternal Feather"},{"floor":7,"key":"Bottled Flame"},{"floor":10,"key":"Ornamental Fan"}],"event_choices":[],"is_beta":false,"boss_relics":[],"items_purged_floors":[],"is_endless":false,"potions_floor_spawned":[2,6,12,15],"killed_by":"WA_ARCHETYPE_RETAIN","ascension_level":0}}