{"host":"g5ztulhog0otympt","time":1611167567,"event":{"mods":["AchievementEnabler","BaseMod","Downfall","Hermit","Minty Spire (QoL Compilation)","StSLib","The Cursed"],"gold_per_floor":[117,117,67,67,80,114,172,187,187,199,199,229,239,254,254,355,355,368,384,299,313,12,12,12,12,12],"floor_reached":25,"language":"ENG","playtime":629,"items_purged":[],"score":263,"play_id":"860c72b6-843a-4722-a296-79bf38ad2381","local_time":"20210120203247","is_ascension_mode":false,"campfire_choices":[{"floor":11,"key":"REST"},{"floor":15,"key":"REST"},{"floor":23,"key":"REST"}],"circlet_count":0,"master_deck":["Strike_G","Strike_G","Strike_G","Strike_G","Strike_G","Defend_G","Defend_G","Defend_G","Defend_G","Defend_G","Survivor","Neutralize","Slice","Writhe","Die Die Die+1","Dagger Spray","Noxious Fumes","Blur","Poisoned Stab","Dagger Spray","Die Die Die","PiercingWail","Cloak And Dagger"],"relics":["Ring of the Snake","Blood Vial","Darkstone Periapt","Pantograph","Juzu Bracelet","Matryoshka","Mango","Black Star","Dead Branch","Lizard Tail"],"acts_visited":["Exordium","TheCity"],"potions_floor_usage":[7,16,16,25],"damage_taken":[{"damage":1,"enemies":"Cultist","floor":1,"turns":4},{"damage":0,"enemies":"2 Louse","floor":5,"turns":2},{"damage":19,"enemies":"Gremlin Nob","floor":6,"turns":5},{"damage":20,"enemies":"Gremlin Nob","floor":7,"turns":4},{"damage":0,"enemies":"Small Slimes","floor":8,"turns":1},{"damage":0,"enemies":"3 Louse","floor":10,"turns":3},{"damage":35,"enemies":"Lagavulin","floor":12,"turns":8},{"damage":9,"enemies":"Red Slaver","floor":13,"turns":3},{"damage":16,"enemies":"Large Slime","floor":14,"turns":5},{"damage":47,"enemies":"The Guardian","floor":16,"turns":10},{"damage":0,"enemies":"3 Byrds","floor":18,"turns":2},{"damage":29,"enemies":"Shell Parasite","floor":19,"turns":7},{"damage":44,"enemies":"Snake Plant","floor":21,"turns":6},{"damage":61,"enemies":"Book of Stabbing","floor":25,"turns":7}],"seed_played":"-3168408378757439098","potions_obtained":[{"floor":6,"key":"champ:CounterPotion"},{"floor":7,"key":"CunningPotion"},{"floor":13,"key":"Poison Potion"},{"floor":14,"key":"champ:CounterPotion"},{"floor":19,"key":"SteroidPotion"}],"is_trial":false,"path_per_floor":["M","?","?","?","M","E","?","M","T","M","R","E","M","M","R","B",null,"M","M","?","M","$","R","?","E"],"character_chosen":"THE_SILENT","items_purchased":["Lizard Tail"],"campfire_rested":3,"item_purchase_floors":[22],"current_hp_per_floor":[69,87,87,87,88,69,51,53,53,55,81,62,55,41,71,51,102,102,73,73,31,31,61,61,2,2],"gold":12,"neow_bonus":"RANDOM_COMMON_RELIC","is_daily":false,"chose_seed":false,"campfire_upgraded":0,"win_rate":0.0,"timestamp":1611167567,"path_taken":["M","?","?","?","M","E","?","M","T","M","R","E","M","M","R","BOSS","M","M","?","M","$","R","?","E"],"items_purchased_type":["Relic"],"build_version":"2020-12-22","purchased_purges":0,"victory":false,"max_hp_per_floor":[70,88,88,88,88,88,88,88,88,88,88,102,102,102,102,102,102,102,102,102,102,102,102,102,102,102],"card_choices":[{"not_picked":["Quick Slash","PiercingWail"],"picked":"Slice","floor":1},{"not_picked":["Acrobatics","Backflip"],"picked":"Die Die Die","floor":5},{"not_picked":["Adrenaline","Endless Agony"],"picked":"Dagger Spray","floor":6},{"not_picked":["PiercingWail","Footwork"],"picked":"Noxious Fumes","floor":7},{"not_picked":["Acrobatics","Well Laid Plans","Deadly Poison"],"picked":"SKIP","floor":8},{"not_picked":["Endless Agony","Catalyst"],"picked":"Blur","floor":10},{"not_picked":["Dagger Throw","Flechettes"],"picked":"Poisoned Stab","floor":12},{"not_picked":["Sucker Punch","Blade Dance","Backflip"],"picked":"SKIP","floor":13},{"not_picked":["Slice","Riddle With Holes"],"picked":"Dagger Spray","floor":14},{"not_picked":["Glass Knife","Bullet Time"],"picked":"Die Die Die","floor":16},{"not_picked":["Sucker Punch+1","Outmaneuver","Dagger Throw"],"picked":"SKIP","floor":18},{"not_picked":["Well Laid Plans+1","Blur"],"picked":"PiercingWail","floor":19},{"not_picked":["Choke+1","Infinite Blades"],"picked":"Cloak And Dagger","floor":21}],"player_experience":112589,"relics_obtained":[{"floor":6,"key":"Pantograph"},{"floor":9,"key":"Matryoshka"},{"floor":12,"key":"Mango"}],"event_choices":[{"cards_removed":["Decay"],"damage_healed":0,"gold_gain":0,"player_choice":"Card Removal","damage_taken":0,"max_hp_gain":0,"max_hp_loss":0,"event_name":"The Cleric","floor":3,"gold_loss":50},{"cards_removed":["Regret"],"damage_healed":0,"gold_gain":0,"player_choice":"Forget","damage_taken":0,"max_hp_gain":0,"max_hp_loss":0,"event_name":"Living Wall","floor":4,"gold_loss":0},{"damage_healed":0,"gold_gain":0,"player_choice":"Searched \u00273\u0027 times","damage_taken":0,"relics_obtained":["Juzu Bracelet"],"max_hp_gain":0,"max_hp_loss":0,"event_name":"Dead Adventurer","floor":7,"gold_loss":0},{"damage_healed":0,"gold_gain":0,"player_choice":"Obtained Relic","damage_taken":0,"relics_obtained":["Dead Branch"],"max_hp_gain":0,"max_hp_loss":0,"event_name":"Addict","floor":20,"gold_loss":85},{"damage_healed":0,"gold_gain":0,"player_choice":"Upgraded","damage_taken":0,"max_hp_gain":0,"max_hp_loss":0,"event_name":"Upgrade Shrine","floor":24,"gold_loss":0,"cards_upgraded":["Die Die Die"]}],"is_beta":false,"boss_relics":[{"not_picked":["Snecko Eye","Sozu"],"picked":"Black Star"}],"items_purged_floors":[],"is_endless":false,"potions_floor_spawned":[6,7,13,14,19],"killed_by":"Book of Stabbing","ascension_level":0}}