{"host":"uyrebrj0204enqpc","time":1611176291,"event":{"mods":["Act Like it!","Bard","BaseMod","Block Reminder","Challenge The Spire","Colored Map","Colored Powertips","DeckTracker","Downfall","GifTheSpireLib","HexUI Lib","Highlight Path","Hubris","Infinite Spire","Minty Spire (QoL Compilation)","Pale of the Ancients","Quick Restart","Random Character Button","Relic Sorter","Relic Stats","Shop Mod","StSLib","The Blue Laboratory","The Bug Knight","The Cursed","The Jungle","The Marked","Wandering Minibosses"],"gold_per_floor":[109,109,109,109,120,148,158,158,158,158,193,206,206,223,223,326,326,336,261,261,201,201],"floor_reached":21,"language":"ENG","playtime":1132,"items_purged":[],"score":276,"play_id":"89e4c8b5-0062-45d3-881f-c9a2da270681","local_time":"20210120155811","is_ascension_mode":true,"campfire_choices":[{"data":"theMarked:SoldierOfQuellstein","floor":8.0,"key":"SMITH"},{"data":"theMarked:Convert","floor":10.0,"key":"SMITH"},{"data":"theMarked:Defend","floor":13.0,"key":"SMITH"},{"data":"theMarked:Defend","floor":15.0,"key":"SMITH"}],"circlet_count":0,"master_deck":["theMarked:Strike","theMarked:Strike","theMarked:Strike+1","theMarked:Defend+1","theMarked:Defend+1","theMarked:Defend+1","theMarked:SoldierOfQuellstein+1","theMarked:Convert+1","theMarked:EternalStudent","theMarked:UnarmedFury","theMarked:TakeCover","theMarked:Levitate"],"relics":["theMarked:ArtifactOfAir","NeowsBlessing","hubris:Towel","Bottled Lightning","Ornamental Fan","Lizard Tail","hubris:CrackedHourglass"],"acts_visited":["Exordium","TheCity"],"potions_floor_usage":[],"damage_taken":[{"damage":0.0,"enemies":"Jaw Worm","floor":1.0,"turns":1.0},{"damage":0.0,"enemies":"Small Slimes","floor":5.0,"turns":1.0},{"damage":0.0,"enemies":"Lagavulin","floor":6.0,"turns":1.0},{"damage":2.0,"enemies":"2 Louse","floor":7.0,"turns":2.0},{"damage":16.0,"enemies":"Gremlin Nob","floor":11.0,"turns":3.0},{"damage":0.0,"enemies":"Gremlin Gang","floor":12.0,"turns":3.0},{"damage":0.0,"enemies":"2 Fungi Beasts","floor":14.0,"turns":3.0},{"damage":58.0,"enemies":"Slime Boss","floor":16.0,"turns":11.0},{"damage":23.0,"enemies":"3 Byrds","floor":18.0,"turns":8.0},{"damage":33,"enemies":"2 Thieves","floor":21,"turns":7}],"seed_played":"6436802982550484358","potions_obtained":[{"floor":5.0,"key":"FearPotion"},{"floor":12.0,"key":"blueLaboratory:BottleOfRum"},{"floor":16.0,"key":"BlessingOfTheForge"}],"is_trial":false,"path_per_floor":["M","?","?","?","M","E","M","R","T","R","E","M","R","M","R","B",null,"M","?","?","M"],"character_chosen":"THE_DEFAULT","items_purchased":[],"campfire_rested":0,"item_purchase_floors":[],"current_hp_per_floor":[63,56,56,42,42,42,40,40,40,40,24,24,24,24,24,6,54,31,31,31,0,0],"gold":201,"neow_bonus":"THREE_ENEMY_KILL","is_daily":false,"chose_seed":false,"campfire_upgraded":4,"win_rate":0.0,"timestamp":1611176291,"path_taken":["M","?","?","?","M","E","M","R","T","R","E","M","R","M","R","BOSS","M","?","?","?"],"items_purchased_type":[],"build_version":"2020-12-22","purchased_purges":0,"victory":false,"max_hp_per_floor":[70,70,70,70,70,70,70,70,70,70,70,70,70,70,70,70,70,70,70,70,70,70],"relic_stats":{"Lizard Tail":35,"counters":[10,40],"Ornamental Fan":[44],"obtain_stats":[{"theMarked:ArtifactOfAir":0,"Lizard Tail":11,"NeowsBlessing":0,"Ornamental Fan":9,"Bottled Lightning":6,"hubris:Towel":3,"hubris:CrackedHourglass":17},{"theMarked:ArtifactOfAir":0,"Lizard Tail":5,"NeowsBlessing":0,"Ornamental Fan":4,"Bottled Lightning":3,"hubris:Towel":1,"hubris:CrackedHourglass":8},{"theMarked:ArtifactOfAir":0,"Lizard Tail":8,"NeowsBlessing":0,"Ornamental Fan":5,"Bottled Lightning":3,"hubris:Towel":1,"hubris:CrackedHourglass":25}]},"card_choices":[{"not_picked":["theMarked:ResourceFulStrike","theMarked:BanishingStrike"],"picked":"theMarked:Convert","floor":1.0},{"not_picked":["theMarked:WastefulDefense","theMarked:Parkour","theMarked:WardOff"],"picked":"SKIP","floor":5.0},{"not_picked":["theMarked:ParalyzingBlade","theMarked:Standoff"],"picked":"theMarked:EternalStudent","floor":6.0},{"not_picked":["theMarked:HeritageOfTheMarked","theMarked:Static","theMarked:WastefulDefense"],"picked":"SKIP","floor":7.0},{"not_picked":["theMarked:Improvise","theMarked:WastefulDefense"],"picked":"theMarked:UnarmedFury","floor":11.0},{"not_picked":["theMarked:Parkour","theMarked:ElectricStrings","theMarked:Electrocute"],"picked":"SKIP","floor":12.0},{"not_picked":["theMarked:Frustration","theMarked:TunnelVision"],"picked":"theMarked:TakeCover","floor":14.0},{"not_picked":["theMarked:MuscleMemory","theMarked:Vacuum"],"picked":"theMarked:Levitate","floor":16.0},{"not_picked":["theMarked:SwordAndMagic+1","theMarked:ChainLightning","theMarked:Improvise"],"picked":"SKIP","floor":18.0}],"player_experience":1088835,"relics_obtained":[{"floor":6.0,"key":"Bottled Lightning"},{"floor":9.0,"key":"Ornamental Fan"},{"floor":11.0,"key":"Lizard Tail"}],"event_choices":[{"cards_removed":["theMarked:Defend"],"damage_healed":0.0,"max_hp_gain":0.0,"max_hp_loss":0.0,"gold_gain":0.0,"event_name":"Golden Wing","player_choice":"Card Removal","floor":2.0,"gold_loss":0.0,"damage_taken":7.0},{"damage_healed":0.0,"max_hp_gain":0.0,"max_hp_loss":0.0,"gold_gain":0.0,"event_name":"Shining Light","player_choice":"Entered Light","floor":4.0,"gold_loss":0.0,"damage_taken":14.0,"cards_upgraded":["theMarked:Defend","theMarked:Strike"]},{"cards_removed":["theMarked:Strike"],"damage_healed":0.0,"max_hp_gain":0.0,"max_hp_loss":0.0,"gold_gain":0.0,"event_name":"Beggar","player_choice":"Gave Gold","floor":19.0,"gold_loss":75.0,"damage_taken":0.0},{"cards_removed":["theMarked:Strike"],"damage_healed":0.0,"max_hp_gain":0.0,"max_hp_loss":0.0,"gold_gain":0.0,"event_name":"Purifier","player_choice":"Purged","floor":20.0,"gold_loss":0.0,"damage_taken":0.0}],"is_beta":false,"boss_relics":[{"not_picked":["hubris:Backtick","theMarked:Eyepatch"],"picked":"hubris:CrackedHourglass"}],"items_purged_floors":[],"is_endless":false,"potions_floor_spawned":[5,12,16],"killed_by":"2 Thieves","ascension_level":6}}