{"host":"sav7uxregyirlf69","time":1611149824,"event":{"mods":["AchievementEnabler","BaseMod","Colored Map","DeckTracker","Keyboard Shortcuts","Minty Spire (QoL Compilation)","READ ME - Guardian Mod","StSLib","SuperFastMode"],"gold_per_floor":[119,119,133,145,145,145,162,172,172,190,190,265,291,291,291,291,291],"floor_reached":16,"language":"KOR","playtime":312,"items_purged":[],"score":204,"play_id":"b0d335e7-9ace-4185-b1a9-dd0c85612b76","local_time":"20210120223704","is_ascension_mode":true,"campfire_choices":[{"data":"Dark Embrace","floor":6.0,"key":"SMITH"},{"floor":11.0,"key":"REST"},{"floor":15.0,"key":"REST"}],"circlet_count":0,"master_deck":["AscendersBane","Strike_R","Strike_R","Strike_R","Strike_R","Defend_R","Defend_R","Defend_R","Defend_R","Bash","Dark Embrace+1","Shrug It Off","Seeing Red","True Grit","Havoc","Fiend Fire"],"relics":["Burning Blood","Dead Branch","Peace Pipe","Question Card","Paper Frog"],"acts_visited":["Exordium"],"potions_floor_usage":[],"damage_taken":[{"damage":2.0,"enemies":"Jaw Worm","floor":1.0,"turns":3.0},{"damage":17.0,"enemies":"Small Slimes","floor":3.0,"turns":5.0},{"damage":6.0,"enemies":"2 Louse","floor":4.0,"turns":4.0},{"damage":29.0,"enemies":"Gremlin Gang","floor":7.0,"turns":5.0},{"damage":3.0,"enemies":"Blue Slaver","floor":8.0,"turns":4.0},{"damage":14.0,"enemies":"2 Fungi Beasts","floor":10.0,"turns":5.0},{"damage":18.0,"enemies":"3 Sentries","floor":13.0,"turns":7.0},{"damage":39,"enemies":"Slime Boss","floor":16,"turns":3}],"seed_played":"-1507650683667473278","potions_obtained":[{"floor":1.0,"key":"BlessingOfTheForge"},{"floor":8.0,"key":"ColorlessPotion"}],"is_trial":false,"path_per_floor":["M","?","M","M","?","R","M","M","T","M","R","?","E","?","R","B"],"character_chosen":"IRONCLAD","items_purchased":[],"campfire_rested":2,"item_purchase_floors":[],"current_hp_per_floor":[54,59,48,48,43,43,20,23,23,15,39,28,16,9,33,0,0],"gold":291,"neow_bonus":"ONE_RARE_RELIC","is_daily":false,"chose_seed":false,"campfire_upgraded":1,"win_rate":0.0,"timestamp":1611149824,"path_taken":["M","?","M","M","?","R","M","M","T","M","R","?","E","?","R","BOSS"],"items_purchased_type":[],"build_version":"2020-12-22","purchased_purges":0,"victory":false,"max_hp_per_floor":[75,80,80,80,80,80,80,80,80,80,80,80,80,80,80,80,80],"card_choices":[{"not_picked":["Evolve","Headbutt"],"picked":"Dark Embrace","floor":1.0},{"not_picked":["Burning Pact","Body Slam"],"picked":"Shrug It Off","floor":3.0},{"not_picked":["Burning Pact","Pommel Strike","Flex"],"picked":"SKIP","floor":4.0},{"not_picked":["Wild Strike","Ghostly Armor"],"picked":"Seeing Red","floor":7.0},{"not_picked":["Berserk","Combust"],"picked":"True Grit","floor":8.0},{"not_picked":["Perfected Strike","Headbutt","Hemokinesis"],"picked":"Havoc","floor":10.0},{"not_picked":["Shrug It Off","Sword Boomerang","Iron Wave"],"picked":"Fiend Fire","floor":13.0}],"player_experience":1333447,"relics_obtained":[{"floor":9.0,"key":"Question Card"},{"floor":13.0,"key":"Paper Frog"}],"event_choices":[{"damage_healed":0.0,"max_hp_gain":5.0,"max_hp_loss":0.0,"gold_gain":0.0,"event_name":"Big Fish","player_choice":"Donut","floor":2.0,"gold_loss":0.0,"damage_taken":0.0},{"damage_healed":0.0,"max_hp_gain":0.0,"max_hp_loss":0.0,"gold_gain":0.0,"event_name":"Scrap Ooze","player_choice":"Success","floor":5.0,"gold_loss":0.0,"damage_taken":5.0,"relics_obtained":["Peace Pipe"]},{"damage_healed":0.0,"max_hp_gain":0.0,"max_hp_loss":0.0,"gold_gain":75.0,"event_name":"World of Goop","player_choice":"Gather Gold","floor":12.0,"gold_loss":0.0,"damage_taken":11.0},{"cards_removed":["Strike_R"],"damage_healed":0.0,"max_hp_gain":0.0,"max_hp_loss":0.0,"gold_gain":0.0,"event_name":"Golden Wing","player_choice":"Card Removal","floor":14.0,"gold_loss":0.0,"damage_taken":7.0}],"is_beta":false,"boss_relics":[],"items_purged_floors":[],"is_endless":false,"potions_floor_spawned":[1,8],"killed_by":"Slime Boss","ascension_level":20}}