{"host":"f5n4tidiz2n5sooh","time":1611110084,"event":{"mods":["BaseMod","Colored Map","Minty Spire (QoL Compilation)","Relic Stats","Slay the Relics Exporter","StSLib"],"gold_per_floor":[12,31,44,119,135,135,169,169,222,222,0,0,0,0,0,0,0],"floor_reached":16,"language":"ENG","playtime":520,"items_purged":["Strike_G"],"score":196,"play_id":"7b2e8124-4981-4857-b867-68cac18c8694","local_time":"20210119203444","is_ascension_mode":true,"campfire_choices":[{"data":"Crippling Poison","floor":6,"key":"SMITH"},{"floor":8,"key":"REST"},{"floor":10,"key":"DIG"},{"floor":15,"key":"DIG"}],"circlet_count":0,"master_deck":["AscendersBane","Strike_G","Strike_G","Strike_G","Strike_G","Defend_G","Defend_G","Defend_G","Defend_G","Defend_G","Survivor","Neutralize","Crippling Poison+1","Quick Slash","Terror","Blade Dance","Noxious Fumes"],"relics":["Ring of the Snake","Shovel","Ornamental Fan","Anchor","Bag of Preparation","Golden Idol","Bottled Lightning"],"acts_visited":["Exordium"],"potions_floor_usage":[7,7,13,16,16],"damage_taken":[{"damage":9,"enemies":"Small Slimes","floor":1,"turns":4},{"damage":2,"enemies":"2 Louse","floor":2,"turns":2},{"damage":0,"enemies":"Cultist","floor":3,"turns":3},{"damage":3,"enemies":"2 Fungi Beasts","floor":5,"turns":4},{"damage":33,"enemies":"Lagavulin","floor":7,"turns":9},{"damage":29,"enemies":"The Guardian","floor":16,"turns":9}],"seed_played":"1247909789190312524","potions_obtained":[{"floor":1,"key":"SpeedPotion"},{"floor":5,"key":"DistilledChaos"},{"floor":7,"key":"Fruit Juice"},{"floor":13,"key":"Explosive Potion"}],"is_trial":false,"path_per_floor":["M","M","M","?","M","R","E","R","T","R","$","?","?","$","R","B"],"character_chosen":"THE_SILENT","items_purchased":["Noxious Fumes","Energy Potion"],"campfire_rested":1,"item_purchase_floors":[11,11],"current_hp_per_floor":[50,48,48,37,34,34,1,20,20,20,20,20,25,25,25,0,0],"gold":0,"neow_bonus":"ONE_RARE_RELIC","is_daily":false,"chose_seed":false,"campfire_upgraded":1,"win_rate":0.0,"timestamp":1611110084,"path_taken":["M","M","M","?","M","R","E","R","T","R","$","?","?","$","R","BOSS"],"items_purchased_type":["Card","Potion"],"build_version":"2020-12-22","purchased_purges":1,"victory":false,"max_hp_per_floor":[66,66,66,66,66,66,66,66,66,66,66,60,65,65,65,65,65],"relic_stats":{"Shovel":2,"counters":[6,31],"Ornamental Fan":[12],"Golden Idol":0,"Bag of Preparation":[2],"obtain_stats":[{"Anchor":9,"Shovel":0,"Ornamental Fan":7,"Golden Idol":12,"Bag of Preparation":10,"Bottled Lightning":15,"Ring of the Snake":0},{"Anchor":5,"Shovel":0,"Ornamental Fan":5,"Golden Idol":5,"Bag of Preparation":5,"Bottled Lightning":5,"Ring of the Snake":0},{"Anchor":22,"Shovel":0,"Ornamental Fan":22,"Golden Idol":22,"Bag of Preparation":22,"Bottled Lightning":22,"Ring of the Snake":0}],"Ring of the Snake":[12]},"card_choices":[{"not_picked":["Endless Agony","Dodge and Roll"],"picked":"Crippling Poison","floor":1},{"not_picked":["Catalyst","Deflect"],"picked":"Quick Slash","floor":2},{"not_picked":["Slice","Endless Agony","Distraction"],"picked":"SKIP","floor":3},{"not_picked":["Choke","Prepared"],"picked":"Terror","floor":5},{"not_picked":["Caltrops","Distraction"],"picked":"Blade Dance","floor":7}],"player_experience":2020103,"relics_obtained":[{"floor":7,"key":"Ornamental Fan"},{"floor":9,"key":"Anchor"},{"floor":10,"key":"Bag of Preparation"},{"floor":15,"key":"Bottled Lightning"}],"event_choices":[{"damage_healed":0,"gold_gain":75,"player_choice":"Gather Gold","damage_taken":11,"max_hp_gain":0,"max_hp_loss":0,"event_name":"World of Goop","floor":4,"gold_loss":0},{"damage_healed":0,"gold_gain":0,"player_choice":"Lose Max HP","damage_taken":0,"relics_obtained":["Golden Idol"],"max_hp_gain":0,"max_hp_loss":6,"event_name":"Golden Idol","floor":12,"gold_loss":0},{"damage_healed":0,"gold_gain":0,"player_choice":"Got Potions","damage_taken":0,"max_hp_gain":0,"max_hp_loss":0,"event_name":"Lab","floor":13,"gold_loss":0}],"is_beta":false,"boss_relics":[],"items_purged_floors":[11],"is_endless":false,"potions_floor_spawned":[1,5,7],"killed_by":"The Guardian","ascension_level":20}}