{"host":"xc18ixkpjvqrt8st","time":1611115811,"event":{"mods":["Act Like it!","BaseMod","Better Match","Better Third Choice","Conspire","Hallownest","Hermit","Hubris","Infinite Spire","Minty Spire (QoL Compilation)","Replay The Spire","Robot Space Explorer","Shop Mod","Spicy Shops","StSLib","The Animator","The Jungle","The Marked"],"gold_per_floor":[117,132,132,132,152,191,191,228,228,228,228,254,283,3,3,104,104,147,155,2,21,57,57,77,77,103,103,29,44,44,44,86,88,88,90,90],"floor_reached":35,"language":"ENG","playtime":1611,"items_purged":[],"score":278,"play_id":"6b1127c9-f0d9-4f73-a5df-b12a2b67d261","local_time":"20210119221011","is_ascension_mode":true,"campfire_choices":[{"floor":7,"key":"REST"},{"floor":10,"key":"REST"},{"floor":23,"key":"REST"},{"floor":25,"key":"REST"},{"floor":34,"key":"RECALL"}],"circlet_count":0,"master_deck":["animator:Strike_FullmetalAlchemist","animator:Defend_FullmetalAlchemist","animator:Strike","animator:Strike","animator:Strike","animator:Defend","animator:Defend","animator:Defend","animator:ElricEdward+1","animator:ElricAlphonse","animator:Konayuki","animator:Viivi","animator:Kazuma","animator:RoyMustang","animator:Pride","hubris:Gluttony","Languid","infinitespire:Gouge","animator:RoryMercury","animator:WinryRockbell","animator:Biyorigo","animator:UneriGinkaku","animator:Gillette","animator:Greed","AbeCurse","animator:Scar","animator:Aqua","animator:Priestess","animator:MaesHughes","animator:Konayuki","animator:Kuribayashi","animator:Pride","animator:Priestess"],"relics":["animator:LivingPicture","animator:TheMissingPiece","NeowsBlessing","infinitespire:Midas Blood","Champion Belt","Pear","Abe\u0027s Treasure","Enchiridion","ClockworkSouvenir","Red Mask","hubris:BottledHeart"],"acts_visited":["Exordium","TheCity"],"potions_floor_usage":[6,6,8,24,35],"damage_taken":[{"damage":0,"enemies":"2 Louse","floor":1,"turns":1},{"damage":0,"enemies":"Jaw Worm","floor":2,"turns":1},{"damage":0,"enemies":"Cultist","floor":5,"turns":1},{"damage":32,"enemies":"Lagavulin","floor":6,"turns":6},{"damage":22,"enemies":"3 Sentries","floor":8,"turns":6},{"damage":4,"enemies":"Blue Slaver","floor":12,"turns":4},{"damage":0,"enemies":"3 Louse","floor":13,"turns":2},{"damage":10,"enemies":"Slime Boss","floor":16,"turns":10},{"damage":9,"enemies":"conspire:FuzzyDice","floor":18,"turns":6},{"damage":16,"enemies":"Shell Parasite","floor":21,"turns":4},{"damage":18,"enemies":"Centurion and Healer","floor":22,"turns":7},{"damage":16,"enemies":"Shelled Parasite and Fungi","floor":24,"turns":5},{"damage":5,"enemies":"Snecko","floor":29,"turns":4},{"damage":42,"enemies":"Masked Bandits","floor":32,"turns":3},{"damage":9,"enemies":"conspire:MysteriousRune","floor":35,"turns":9}],"seed_played":"-4977993977723357511","potions_obtained":[{"floor":1,"key":"animator:FalseLifePotion"},{"floor":2,"key":"DuplicationPotion"},{"floor":5,"key":"Death Potion"},{"floor":12,"key":"Toxic Potion"},{"floor":21,"key":"Weak Potion"},{"floor":22,"key":"PowerPotion"},{"floor":29,"key":"Adrenaline Potion"}],"is_trial":false,"path_per_floor":["M","M","?","?","M","E","R","E","T","R","?","M","M","$","R","B",null,"M","?","$","M","M","R","M","R","T","?","$","M","PTL","PTL","?","?","R","B"],"character_chosen":"THE_ANIMATOR","items_purchased":["animator:Biyorigo","animator:UneriGinkaku","animator:Gillette","ClockworkSouvenir","animator:Konayuki","animator:Kuribayashi"],"campfire_rested":4,"item_purchase_floors":[14,14,14,20,28,28],"current_hp_per_floor":[66,66,66,69,69,37,57,36,46,70,70,66,66,66,80,71,81,72,56,56,40,24,48,36,60,60,83,83,78,78,78,36,1,1,0,0],"gold":90,"neow_bonus":"THREE_ENEMY_KILL","is_daily":false,"chose_seed":false,"campfire_upgraded":0,"win_rate":0.0,"timestamp":1611115811,"path_taken":["M","M","?","?","M","E","R","E","T","R","?","M","?","$","R","BOSS","M","?","$","M","M","R","M","R","T","?","?","M","PTL","PTL","?","?","R","BOSS"],"items_purchased_type":["Card","Card","Card","Relic","Card","Card"],"build_version":"2020-12-22","purchased_purges":0,"victory":false,"max_hp_per_floor":[66,66,66,69,69,69,69,70,80,80,80,80,80,80,80,81,81,81,81,81,81,81,81,83,83,83,83,83,83,83,83,83,1,1,1,1],"card_choices":[{"not_picked":["animator:Sonic","animator:Kazuma"],"picked":"animator:Konayuki","floor":1},{"not_picked":["animator:AcuraTooru","animator:ChaikaBohdan"],"picked":"animator:Viivi","floor":2},{"not_picked":["animator:Scar","animator:Gluttony"],"picked":"animator:Kazuma","floor":5},{"not_picked":["animator:ElricAlphonse","animator:ElricEdward"],"picked":"animator:RoyMustang","floor":6},{"not_picked":["animator:AcuraAkari","animator:Fredrika"],"picked":"animator:Pride","floor":8},{"not_picked":["ReplayTheSpireMod:??????????????????????","infinitespire:Starlight"],"picked":"infinitespire:Gouge","floor":11},{"not_picked":["animator:Melzalgald","animator:Mitsurugi"],"picked":"animator:RoryMercury","floor":12},{"not_picked":["animator:Scar","animator:Spearman"],"picked":"animator:WinryRockbell","floor":13},{"not_picked":["animator:Envy","animator:ItamiYouji"],"picked":"animator:Greed","floor":16},{"not_picked":["animator:Gluttony","animator:MaesHughes"],"picked":"animator:Scar","floor":18},{"not_picked":["animator:TsurugaMeisai+1","animator:ZankiKiguchi"],"picked":"animator:Aqua","floor":21},{"not_picked":["animator:Kuribayashi","animator:Nanami"],"picked":"animator:Priestess","floor":22},{"not_picked":["animator:Melzalgald","animator:MetalKnight+1"],"picked":"animator:MaesHughes","floor":24},{"not_picked":["animator:ElricEdward","animator:WinryRockbell"],"picked":"animator:Pride","floor":29},{"not_picked":["animator:AcuraAkari+1","animator:LizardPriest"],"picked":"animator:Priestess","floor":32}],"player_experience":565045,"relics_obtained":[{"floor":6,"key":"infinitespire:Midas Blood"},{"floor":8,"key":"Champion Belt"},{"floor":9,"key":"Pear"},{"floor":19,"key":"Enchiridion"},{"floor":32,"key":"Red Mask"}],"event_choices":[{"damage_healed":0,"gold_gain":0,"player_choice":"Leave","damage_taken":0,"max_hp_gain":0,"max_hp_loss":0,"event_name":"The Cleric","floor":3,"gold_loss":0},{"damage_healed":0,"gold_gain":0,"player_choice":"Obtained Book","damage_taken":16,"max_hp_gain":0,"max_hp_loss":0,"event_name":"Cursed Tome","floor":19,"gold_loss":0},{"damage_healed":27,"gold_gain":0,"player_choice":"Heal","damage_taken":0,"max_hp_gain":0,"max_hp_loss":0,"event_name":"The Library","floor":27,"gold_loss":0},{"damage_healed":0,"gold_gain":0,"player_choice":"Fought Bandits","damage_taken":0,"max_hp_gain":0,"max_hp_loss":0,"event_name":"Masked Bandits","floor":32,"gold_loss":0}],"is_beta":false,"boss_relics":[{"not_picked":["Replay:Wanted Poster","Astrolabe"],"picked":"Abe\u0027s Treasure"}],"items_purged_floors":[],"is_endless":false,"potions_floor_spawned":[1,2,5,12,21,22,29],"killed_by":"conspire:MysteriousRune","ascension_level":1}}