{"host":"ewfe3cr33ktd9xzj","time":1611112736,"event":{"mods":["AchievementEnabler","Arknights The Spire","BaseMod","Colored Map","Custom Start","DeckTracker","Minty Spire (QoL Compilation)","Permanent Neow","Quick Restart","Rare Cards Sparkle","StSLib","everything is the same but u backflip on backflip"],"gold_per_floor":[112,37,37,54,73,73,106,116,167,167,167,197,207,219,219,318,318,318,318],"floor_reached":18,"language":"KOR","playtime":792,"items_purged":["ats:Strike C"],"score":172,"play_id":"b2cccaa0-2dd2-4b7f-8006-67f8ea5cb666","local_time":"20210120121856","is_ascension_mode":false,"campfire_choices":[{"data":"ats:Closed Bolt Burst Fire","floor":6.0,"key":"SMITH"},{"data":"ats:Cat Scratch","floor":10.0,"key":"SMITH"},{"data":"ats:Soul Rend","floor":15.0,"key":"SMITH"}],"circlet_count":0,"master_deck":["ats:Strike G","ats:Armor Crushing Shot","ats:Defend+1","ats:Defend+1","ats:Defend","ats:Emotion Absorption","ats:Cat Scratch+1","ats:Revitalization","ats:Closed Bolt Burst Fire+1","ats:Shell Defense","ats:Soul Rend+1","ats:Healing Strengthening","ats:Fractured Body","ats:Soul Rend+1","ats:Charging Defense+1","ats:Thermite Blade+1"],"relics":["Philosopher\u0027s Stone","ats:Originium","Pantograph","Akabeko","Centennial Puzzle","Astrolabe"],"acts_visited":["Exordium","TheCity"],"potions_floor_usage":[16,18],"damage_taken":[{"damage":5.0,"enemies":"Cultist","floor":1.0,"turns":4.0},{"damage":0.0,"enemies":"Small Slimes","floor":4.0,"turns":4.0},{"damage":6.0,"enemies":"2 Louse","floor":5.0,"turns":4.0},{"damage":26.0,"enemies":"Gremlin Nob","floor":7.0,"turns":5.0},{"damage":2.0,"enemies":"Exordium Wildlife","floor":8.0,"turns":4.0},{"damage":25.0,"enemies":"Lagavulin","floor":12.0,"turns":7.0},{"damage":7.0,"enemies":"3 Louse","floor":13.0,"turns":5.0},{"damage":0.0,"enemies":"Exordium Thugs","floor":14.0,"turns":4.0},{"damage":18,"enemies":"Slime Boss","floor":16,"turns":9},{"damage":9,"enemies":"3 Byrds","floor":18,"turns":3}],"seed_played":"-6144310925774672596","potions_obtained":[{"floor":7.0,"key":"PowerPotion"},{"floor":8.0,"key":"Explosive Potion"},{"floor":12.0,"key":"SkillPotion"},{"floor":16,"key":"LiquidMemories"}],"is_trial":false,"path_per_floor":["M","$","?","M","M","R","E","M","T","R","?","E","M","M","R","B",null,"M"],"character_chosen":"DOCTOR_CLASS","items_purchased":[],"campfire_rested":0,"item_purchase_floors":[],"current_hp_per_floor":[67,67,53,53,52,52,29,30,30,30,30,28,37,45,45,71,72,63,63],"gold":318,"neow_bonus":"BOSS_RELIC","is_daily":false,"chose_seed":false,"campfire_upgraded":3,"win_rate":0.0,"timestamp":1611112736,"path_taken":["M","$","?","M","M","R","E","M","T","R","?","E","M","M","R","BOSS","M"],"items_purchased_type":[],"build_version":"2020-12-22","purchased_purges":1,"victory":false,"max_hp_per_floor":[72,72,72,72,72,72,72,72,72,72,72,72,72,72,72,72,72,72,72],"card_choices":[{"not_picked":["ats:Ignite","ats:Flexible Camouflage"],"picked":"ats:Cat Scratch","floor":1.0},{"not_picked":["ats:Explosion Area Strengthen","ats:Powerful Strike"],"picked":"ats:Revitalization","floor":4.0},{"not_picked":["ats:Explosion Area Strengthen","ats:Beaten Up"],"picked":"ats:Closed Bolt Burst Fire","floor":5.0},{"not_picked":["ats:Poison Spread","ats:Cat Scratch","ats:Automatic Cover"],"picked":"SKIP","floor":7.0},{"not_picked":["ats:Poison Spread","ats:Cat Scratch","ats:Automatic Cover"],"picked":"SKIP","floor":7.0},{"not_picked":["ats:Poison Spread","ats:Cat Scratch","ats:Automatic Cover"],"picked":"SKIP","floor":7.0},{"not_picked":["ats:Consecutive Shot Auto","ats:Defend Order"],"picked":"ats:Shell Defense","floor":8.0},{"not_picked":["ats:Thermite Blade","ats:Assault Order"],"picked":"ats:Soul Rend","floor":12.0},{"not_picked":["ats:Consecutive Shot Auto","ats:Explosion Area Strengthen"],"picked":"ats:Healing Strengthening","floor":13.0},{"not_picked":["ats:Song Of Battle","ats:Revitalization","ats:Childhood Dance"],"picked":"SKIP","floor":14.0},{"not_picked":["ats:Roar Of Ursus","ats:Soul Rend"],"picked":"ats:Fractured Body","floor":16}],"player_experience":46151,"relics_obtained":[{"floor":7.0,"key":"ats:Originium"},{"floor":7.0,"key":"Pantograph"},{"floor":9.0,"key":"Akabeko"},{"floor":12.0,"key":"ats:Originium"},{"floor":12.0,"key":"Centennial Puzzle"}],"event_choices":[{"damage_healed":0.0,"max_hp_gain":0.0,"max_hp_loss":0.0,"gold_gain":0.0,"event_name":"Shining Light","player_choice":"Entered Light","floor":3.0,"gold_loss":0.0,"damage_taken":14.0,"cards_upgraded":["ats:Defend","ats:Defend"]},{"damage_healed":0.0,"max_hp_gain":0.0,"max_hp_loss":0.0,"gold_gain":0.0,"event_name":"Liars Game","player_choice":"Ignored","floor":11.0,"gold_loss":0.0,"damage_taken":0.0}],"is_beta":false,"boss_relics":[{"not_picked":["Empty Cage","Runic Pyramid"],"picked":"Astrolabe"}],"items_purged_floors":[2],"is_endless":false,"potions_floor_spawned":[7,8,12,16],"killed_by":"3 Byrds","ascension_level":0}}