{"host":"wshh0nphwn6jv7vj","time":1611178979,"event":{"mods":["BaseMod","Bestiary","Minty Spire (QoL Compilation)","Relic Stats"],"gold_per_floor":[160,173,248,173,12,12,32,67,67,67,83,95,95,153,153,153,153],"floor_reached":16,"language":"ENG","playtime":1127,"items_purged":[],"score":185,"play_id":"c95432b8-b0a0-4d0f-82cc-180df7faa1a1","local_time":"20210120164259","is_ascension_mode":true,"campfire_choices":[{"data":"Zap","floor":6,"key":"SMITH"},{"data":"Glacier","floor":13,"key":"SMITH"},{"floor":15,"key":"REST"}],"circlet_count":0,"master_deck":["AscendersBane","Strike_B","Strike_B","Strike_B","Defend_B","Defend_B","Defend_B","Defend_B","Zap+1","Dualcast+1","Glacier+1","Cold Snap","Coolheaded","Redo","Compile Driver","Parasite","Blizzard","Redo"],"relics":["Tiny House","Frozen Eye","Darkstone Periapt","Happy Flower","Sundial"],"acts_visited":["Exordium"],"potions_floor_usage":[7,8,8,8,12],"damage_taken":[{"damage":1,"enemies":"2 Louse","floor":1,"turns":4},{"damage":1,"enemies":"Jaw Worm","floor":2,"turns":5},{"damage":0,"enemies":"Small Slimes","floor":7,"turns":5},{"damage":46,"enemies":"Gremlin Nob","floor":8,"turns":6},{"damage":10,"enemies":"3 Louse","floor":11,"turns":5},{"damage":3,"enemies":"Gremlin Gang","floor":12,"turns":4},{"damage":56,"enemies":"Gremlin Nob","floor":14,"turns":7},{"damage":29,"enemies":"Hexaghost","floor":16,"turns":16}],"seed_played":"-1046387372336196406","potions_obtained":[{"floor":0,"key":"Weak Potion"},{"floor":1,"key":"EntropicBrew"},{"floor":7,"key":"Strength Potion"},{"floor":12,"key":"FairyPotion"}],"is_trial":false,"path_per_floor":["M","M","?","?","$","R","M","E","T","?","M","M","R","?","R","B"],"character_chosen":"DEFECT","items_purchased":["Frozen Eye"],"campfire_rested":1,"item_purchase_floors":[5],"current_hp_per_floor":[68,67,56,56,56,56,56,10,10,35,25,22,22,2,26,0,0],"gold":153,"neow_bonus":"BOSS_RELIC","is_daily":false,"chose_seed":false,"campfire_upgraded":2,"win_rate":0.0,"timestamp":1611178979,"path_taken":["M","M","?","?","$","R","M","E","T","?","M","M","R","?","R","BOSS"],"items_purchased_type":["Relic"],"build_version":"2020-12-22","purchased_purges":0,"victory":false,"max_hp_per_floor":[76,76,76,76,76,76,76,76,76,82,82,82,82,82,82,82,82],"relic_stats":{"Darkstone Periapt":6,"Happy Flower":[10],"counters":[8,52],"Sundial":[2],"obtain_stats":[{"Darkstone Periapt":8,"Frozen Eye":5,"Tiny House":0,"Happy Flower":9,"Sundial":14,"Cracked Core":0},{"Darkstone Periapt":4,"Frozen Eye":2,"Tiny House":0,"Happy Flower":4,"Sundial":7,"Cracked Core":0},{"Darkstone Periapt":20,"Frozen Eye":9,"Tiny House":0,"Happy Flower":20,"Sundial":36,"Cracked Core":0}]},"card_choices":[{"not_picked":["Steam Power","Hello World"],"picked":"Glacier","floor":0},{"not_picked":["Go for the Eyes","Reprogram"],"picked":"Cold Snap","floor":1},{"not_picked":["Chaos","Chill"],"picked":"Coolheaded","floor":2},{"not_picked":["Double Energy","Recycle"],"picked":"Redo","floor":7},{"not_picked":["Melter","Barrage"],"picked":"Compile Driver","floor":8},{"not_picked":["Beam Cell","Static Discharge"],"picked":"Blizzard","floor":11},{"not_picked":["Doom and Gloom","Rip and Tear"],"picked":"Redo","floor":12}],"player_experience":1596867,"relics_obtained":[{"floor":8,"key":"Darkstone Periapt"},{"floor":9,"key":"Happy Flower"},{"floor":14,"key":"Sundial"}],"event_choices":[{"damage_healed":0,"gold_gain":75,"player_choice":"Gather Gold","damage_taken":11,"max_hp_gain":0,"max_hp_loss":0,"event_name":"World of Goop","floor":3,"gold_loss":0},{"cards_removed":["Strike_B"],"damage_healed":0,"gold_gain":0,"player_choice":"Card Removal","damage_taken":0,"max_hp_gain":0,"max_hp_loss":0,"event_name":"The Cleric","floor":4,"gold_loss":75},{"damage_healed":19,"gold_gain":0,"player_choice":"Healed and dodged fight","damage_taken":0,"max_hp_gain":0,"max_hp_loss":0,"event_name":"Mushrooms","floor":10,"gold_loss":0,"cards_obtained":["Parasite"]},{"damage_healed":0,"gold_gain":0,"player_choice":"Searched \u00271\u0027 times","damage_taken":0,"max_hp_gain":0,"max_hp_loss":0,"event_name":"Dead Adventurer","floor":14,"gold_loss":0}],"is_beta":false,"boss_relics":[],"items_purged_floors":[],"is_endless":false,"potions_floor_spawned":[1,7,12],"killed_by":"Hexaghost","ascension_level":17}}