{"host":"gbjphby09ecsfbbs","time":1611130745,"event":{"mods":["AchievementEnabler","BaseMod","Downfall","GifTheSpireLib","Minty Spire (QoL Compilation)","StSLib","The Animator","The Bug Knight","The Cursed","The Saiyan","The Servant 0.9.4","Yuri Mod"],"gold_per_floor":[99,113,129,129,304,315,340,366,380,380,108,138,138,156,174,174,174,174],"floor_reached":16,"language":"ENG","playtime":1890,"items_purged":["Doubt"],"score":137,"play_id":"e786917d-e904-4deb-a6b8-a02a7e65dcad","local_time":"20210120001905","is_ascension_mode":false,"campfire_choices":[{"floor":1.0,"key":"RECALL"},{"floor":13,"key":"REST"}],"circlet_count":0,"master_deck":["Guardian:Strike_Guardian","Guardian:Strike_Guardian","Guardian:Strike_Guardian","Guardian:Defend_Guardian","Guardian:Defend_Guardian","Guardian:Defend_Guardian","Guardian:Defend_Guardian","Guardian:CurlUp","Guardian:TwinSlam","Guardian:Reroute","Guardian:Gem_Blue","Guardian:RollAttack","Guardian:Planning","Guardian:Preprogram","Guardian:Gem_Cyan","Guardian:BodySlam","expansioncontent:GuardianWhirl","Guardian:ShieldSpikes","Guardian:TimeBomb","Guardian:ChargeCore","Guardian:Gem_Crimson"],"relics":["Guardian:ModeShifter","Mango","Shovel","Du-Vu Doll"],"acts_visited":["Exordium"],"potions_floor_usage":[11,16,16,16],"damage_taken":[{"damage":10.0,"enemies":"Small Slimes","floor":2.0,"turns":6.0},{"damage":5.0,"enemies":"2 Louse","floor":3.0,"turns":3.0},{"damage":13,"enemies":"Jaw Worm","floor":6,"turns":7},{"damage":24,"enemies":"Lagavulin","floor":8,"turns":9},{"damage":15,"enemies":"Large Slime","floor":9,"turns":6},{"damage":0,"enemies":"downfall:FleeingMerchant","floor":11,"turns":4},{"damage":36,"enemies":"3 Sentries","floor":12,"turns":9},{"damage":16,"enemies":"Exordium Thugs","floor":14,"turns":5},{"damage":10,"enemies":"Red Slaver","floor":15,"turns":4},{"damage":18,"enemies":"IC_STATUS_ARCHETYPE","floor":16,"turns":2}],"seed_played":"-695967717297215625","potions_obtained":[{"floor":3.0,"key":"Regen Potion"},{"floor":8,"key":"PowerPotion"},{"floor":12,"key":"SpeedPotion"},{"floor":14,"key":"GamblersBrew"}],"is_trial":false,"path_per_floor":["R","M","M","?","?","M","T","E","M","?","$","E","R","M","M","B"],"character_chosen":"GUARDIAN","items_purchased":["Guardian:BodySlam","expansioncontent:GuardianWhirl","Guardian:ShieldSpikes"],"campfire_rested":1,"item_purchase_floors":[11,11,11],"current_hp_per_floor":[88,78,73,73,73,60,60,50,35,32,44,8,38,22,12,0,0,0],"gold":174,"neow_bonus":"TEN_PERCENT_HP_BONUS","is_daily":false,"chose_seed":false,"campfire_upgraded":0,"win_rate":0.0,"timestamp":1611130745,"path_taken":["R","M","M","?","?","M","T","E","M","?","$","E","R","M","M","BOSS"],"items_purchased_type":["Card","Card","Card"],"build_version":"2020-12-22","purchased_purges":1,"victory":false,"max_hp_per_floor":[88,88,88,88,88,88,88,102,102,102,102,102,102,102,102,102,102,102],"card_choices":[{"not_picked":["Guardian:BodySlam","Guardian:Planning"],"picked":"Guardian:Reroute","floor":2.0},{"not_picked":["Guardian:Planning","Guardian:WalkerClaw"],"picked":"Guardian:Gem_Blue","floor":3.0},{"not_picked":["Guardian:PolyBeam","Guardian:Reroute"],"picked":"Guardian:RollAttack","floor":6},{"not_picked":["Guardian:ShieldCharger","Guardian:BronzeArmor"],"picked":"Guardian:Planning","floor":8},{"not_picked":["Guardian:VentSteam","Guardian:RollAttack"],"picked":"Guardian:Preprogram","floor":9},{"not_picked":["Guardian:VentSteam","Guardian:TemporalStrike"],"picked":"Guardian:Gem_Cyan","floor":11},{"not_picked":["Guardian:Harden","Guardian:FloatingOrbs"],"picked":"Guardian:TimeBomb","floor":12},{"not_picked":["Guardian:Suspension","Guardian:HyperBeam_Guardian"],"picked":"Guardian:ChargeCore","floor":14},{"not_picked":["Guardian:PolyBeam","Guardian:PrimingBeam"],"picked":"Guardian:Gem_Crimson","floor":15}],"player_experience":94493,"relics_obtained":[{"floor":8,"key":"Mango"},{"floor":12,"key":"Du-Vu Doll"}],"event_choices":[{"cards_removed":["Guardian:Strike_Guardian"],"damage_healed":0,"gold_gain":0,"player_choice":"Card Removal","damage_taken":0,"max_hp_gain":0,"max_hp_loss":0,"event_name":"The Cleric","floor":4,"gold_loss":0},{"damage_healed":0,"gold_gain":0,"player_choice":"Success","damage_taken":3,"relics_obtained":["Shovel"],"max_hp_gain":0,"max_hp_loss":0,"event_name":"Scrap Ooze","floor":10,"gold_loss":0}],"is_beta":false,"boss_relics":[],"items_purged_floors":[11],"is_endless":false,"potions_floor_spawned":[3,8,12,14],"killed_by":"IC_STATUS_ARCHETYPE","ascension_level":0}}