{"host":"6azrrw3tf7wb0f4b","time":1611104289,"event":{"mods":["BaseMod","DeckTracker","Minty Spire (QoL Compilation)","SuperFastMode"],"gold_per_floor":[118,118,135,146,146,146,159,14,14,14,25,45,61,90,90,161,161,175,100,111,126,126,126],"floor_reached":22,"language":"KOR","playtime":702,"items_purged":["Defend_B"],"score":355,"play_id":"3789e126-6632-4f6a-8b3b-82ea20217185","local_time":"20210120095809","is_ascension_mode":true,"campfire_choices":[{"data":"Zap","floor":6,"key":"SMITH"},{"data":"Dramatic Entrance","floor":10,"key":"SMITH"},{"data":"Coolheaded","floor":15,"key":"SMITH"}],"circlet_count":0,"master_deck":["AscendersBane","Strike_B","Strike_B","Strike_B","Defend_B","Defend_B","Defend_B","Zap+1","Dualcast+1","Turbo","Cold Snap","Glacier","BootSequence","Dramatic Entrance+1","Melter","Coolheaded+1","Cold Snap","Hello World","Biased Cognition","Ball Lightning","Barrage"],"relics":["Cracked Core","PreservedInsect","Pantograph","StrikeDummy","Inserter"],"acts_visited":["Exordium","TheCity"],"potions_floor_usage":[18,22],"damage_taken":[{"damage":4,"enemies":"Jaw Worm","floor":1,"turns":3},{"damage":0,"enemies":"Cultist","floor":3,"turns":4},{"damage":1,"enemies":"2 Louse","floor":4,"turns":2},{"damage":0,"enemies":"Lots of Slimes","floor":7,"turns":3},{"damage":0,"enemies":"3 Louse","floor":11,"turns":2},{"damage":6,"enemies":"Large Slime","floor":12,"turns":6},{"damage":0,"enemies":"2 Fungi Beasts","floor":13,"turns":2},{"damage":0,"enemies":"3 Sentries","floor":14,"turns":3},{"damage":6,"enemies":"The Guardian","floor":16,"turns":14},{"damage":12,"enemies":"3 Byrds","floor":18,"turns":6},{"damage":8,"enemies":"Shell Parasite","floor":20,"turns":6},{"damage":31,"enemies":"Cultist and Chosen","floor":21,"turns":6},{"damage":32,"enemies":"Masked Bandits","floor":22,"turns":3}],"seed_played":"-2287090882003816575","potions_obtained":[{"floor":4,"key":"Dexterity Potion"},{"floor":12,"key":"Weak Potion"},{"floor":16,"key":"GamblersBrew"},{"floor":18,"key":"FearPotion"}],"is_trial":false,"path_per_floor":["M","?","M","M","?","R","M","$","T","R","M","M","M","E","R","B",null,"M","$","M","M","?"],"character_chosen":"DEFECT","items_purchased":["PreservedInsect"],"campfire_rested":0,"item_purchase_floors":[8],"current_hp_per_floor":[64,64,64,63,63,63,63,63,63,63,63,57,57,57,57,69,74,62,62,54,23,0,0],"gold":126,"neow_bonus":"UPGRADE_CARD","is_daily":false,"chose_seed":false,"campfire_upgraded":3,"win_rate":0.0,"timestamp":1611104289,"path_taken":["M","?","?","M","?","R","M","$","T","R","M","?","M","E","R","BOSS","M","$","M","M","?"],"items_purchased_type":["Relic"],"build_version":"2020-12-22","purchased_purges":1,"victory":false,"max_hp_per_floor":[75,75,75,75,75,75,75,75,75,75,75,75,75,75,75,75,75,75,75,75,75,75,75],"card_choices":[{"not_picked":["Leap","Conserve Battery"],"picked":"Turbo","floor":1},{"not_picked":["Rebound","Redo"],"picked":"Glacier","floor":3},{"not_picked":["Redo","Compile Driver"],"picked":"BootSequence","floor":4},{"not_picked":["Compile Driver","Steam Power"],"picked":"Melter","floor":7},{"not_picked":["Streamline","Steam Power"],"picked":"Coolheaded","floor":11},{"not_picked":["Leap","Scrape"],"picked":"Cold Snap","floor":12},{"not_picked":["Fusion","Chaos"],"picked":"Hello World","floor":13},{"not_picked":["Auto Shields","Coolheaded","Fission"],"picked":"SKIP","floor":14},{"not_picked":["Reboot","Buffer"],"picked":"Biased Cognition","floor":16},{"not_picked":["Turbo","BootSequence"],"picked":"Ball Lightning","floor":18},{"not_picked":["Sweeping Beam","Rebound+1","Go for the Eyes"],"picked":"SKIP","floor":20},{"not_picked":["Turbo","Beam Cell+1"],"picked":"Barrage","floor":21}],"player_experience":729656,"relics_obtained":[{"floor":9,"key":"Pantograph"},{"floor":14,"key":"StrikeDummy"}],"event_choices":[{"damage_healed":0,"gold_gain":0,"cards_transformed":["Strike_B"],"player_choice":"Transformed","damage_taken":0,"max_hp_gain":0,"max_hp_loss":0,"event_name":"Transmorgrifier","floor":2,"gold_loss":0,"cards_obtained":["Cold Snap"]},{"damage_healed":0,"gold_gain":0,"player_choice":"1 cards matched","damage_taken":0,"max_hp_gain":0,"max_hp_loss":0,"event_name":"Match and Keep!","floor":5,"gold_loss":0,"cards_obtained":["Dramatic Entrance"]},{"damage_healed":0,"gold_gain":0,"player_choice":"Fought Bandits","damage_taken":0,"max_hp_gain":0,"max_hp_loss":0,"event_name":"Masked Bandits","floor":22,"gold_loss":0}],"is_beta":false,"boss_relics":[{"not_picked":["Nuclear Battery","SacredBark"],"picked":"Inserter"}],"items_purged_floors":[19],"is_endless":false,"potions_floor_spawned":[4,12,14,16,18,21],"killed_by":"Masked Bandits","ascension_level":13}}