{"host":"ni5mix2lh3q94rpg","time":1611137821,"event":{"mods":["AchievementEnabler","Act Like it!","BaseMod","Better Altar","Better Note","Better Silent Start","Better Skull","Better Third Choice","Better Vampires","Card Forge","Colored Map","Colored Powertips","Custom Start","Displayed Cursed Tome","Gensokyo","GifTheSpireLib","Hermit","Highlight Path","Marisa????????","Minty Spire (QoL Compilation)","Remilia??????","Shop Mod","Spicy Shops","Spire Arcade","StS++","StSLib","The Cursed","The Servant 0.9.4","Transform Curses","everything is the same but u backflip on backflip","slay the spire mod where everything is the same but ironclad has a cowboy hat","??????REMEMod"],"gold_per_floor":[116,116,116,116,42,42,74,74,74,74,74,101,173,203,203,203,203],"floor_reached":16,"language":"ENG","playtime":599,"items_purged":[],"score":146,"play_id":"f6cd8ae1-9a76-44f2-bd62-7ba1075a92b0","local_time":"20210120131701","is_ascension_mode":true,"campfire_choices":[{"data":"MysteriousBeam","floor":6.0,"key":"SMITH"},{"data":"Gensokyo:MarisaTwilightSpark","floor":8.0,"key":"SMITH"},{"data":"Gensokyo:CrescentMoonSlash","floor":11.0,"key":"SMITH"},{"data":"WitchOfGreed","floor":15.0,"key":"SMITH"}],"circlet_count":0,"master_deck":["AscendersBane","Strike_MRS","Strike_MRS","Strike_MRS","Defend_MRS","Defend_MRS","Defend_MRS","Defend_MRS","MasterSpark","MysteriousBeam+1","Gensokyo:MarisaTwilightSpark+1","ShootTheMoon","GasGiant","Gensokyo:CrescentMoonSlash+1","WitchOfGreed+1","MagicChant+1"],"relics":["MiniHakkero","Hammer of Thor","Seething Fire","Anvil of the Gods","Nunchaku","Strawberry","Gensokyo:OccultBall","Oddly Smooth Stone","Centennial Puzzle","Kunai","Bottled Flame","Toxic Egg 2"],"acts_visited":[],"potions_floor_usage":[],"damage_taken":[{"damage":7.0,"enemies":"Gensokyo:Python","floor":1.0,"turns":4.0},{"damage":2.0,"enemies":"Gensokyo:Mamizou","floor":7.0,"turns":5.0},{"damage":14.0,"enemies":"Gensokyo:Aya","floor":12.0,"turns":4.0},{"damage":0.0,"enemies":"Gensokyo:3_Fairies","floor":14.0,"turns":4.0},{"damage":0,"enemies":"Gensokyo:Reimu","floor":16,"turns":1}],"seed_played":"1665429293736651802","potions_obtained":[{"floor":1.0,"key":"FearPotion"},{"floor":14.0,"key":"ColorlessPotion"},{"floor":14.0,"key":"PowerPotion"}],"is_trial":false,"path_per_floor":["M","?","?","?","$","R","E","R","T","?","R","E","T","M","R","B"],"character_chosen":"MARISA","items_purchased":["Oddly Smooth Stone"],"campfire_rested":0,"item_purchase_floors":[5],"current_hp_per_floor":[61,61,58,58,58,58,56,56,56,48,48,34,34,34,34,34,34],"gold":203,"neow_bonus":"RANDOM_COMMON_RELIC","is_daily":false,"chose_seed":false,"campfire_upgraded":4,"win_rate":0.0,"timestamp":1611137821,"path_taken":["M","?","?","?","?","R","E","R","T","?","R","E","?","?","R","BOSS"],"items_purchased_type":["Relic"],"build_version":"2020-12-22","purchased_purges":0,"victory":false,"max_hp_per_floor":[75,75,82,82,82,82,82,82,82,82,82,82,82,82,82,82,82],"card_choices":[{"not_picked":["OpenUniverse","EnergyRecoil"],"picked":"MysteriousBeam","floor":1.0},{"not_picked":["GasGiant","Orbital","BigCrunch"],"picked":"SKIP","floor":7.0},{"not_picked":["Orbital","BigCrunch"],"picked":"GasGiant","floor":7.0},{"not_picked":["ChargeUpSpray","AsteroidBelt"],"picked":"WitchOfGreed","floor":12.0},{"not_picked":["WitchLeyline","StarlightTyphoon+1"],"picked":"MagicChant+1","floor":14.0}],"player_experience":841240,"relics_obtained":[{"floor":7.0,"key":"Centennial Puzzle"},{"floor":9.0,"key":"Kunai"},{"floor":12.0,"key":"Bottled Flame"},{"floor":13.0,"key":"Toxic Egg 2"}],"event_choices":[],"is_beta":false,"boss_relics":[],"items_purged_floors":[],"is_endless":false,"potions_floor_spawned":[1,14],"killed_by":"Gensokyo:Reimu","ascension_level":10}}