{"host":"appz8zkad29u9482","time":1611186508,"event":{"mods":["2.2 Compatiblity","Act Like it!","Aspiration","BaseMod","Beaked The Cultist","Better Altar","Better Match","Better Note","Better Sensory Stone","Better Skull","Better Third Choice","BetterRewards","CapriCore","Chen","Conspire","Disable Question Mark Monsters","Energized Spire","Gensokyo","GifTheSpireLib","Gold Saver","Halation","Hermit","Hubris","Infinite Spire","Jedi Mod","Marisa????????","Minty Spire (QoL Compilation)","Permanent Neow","Reimu??????","Replay The Spire","Spicy Shops","StSLib","Strawberry Spire","Stuff the Spire","The Administrix","The Bug Knight","The Construct","The Cursed","The Hierophant","The Immortal","The Servant 0.9.4","yUi"],"gold_per_floor":[16,16,34,49,42,74,74,90,90,133,145,145,145],"floor_reached":12,"language":"ENG","playtime":691,"items_purged":[],"score":99,"play_id":"927e8259-0142-4e4b-9c2d-acc4ec35b09a","local_time":"20210120134828","is_ascension_mode":true,"campfire_choices":[{"floor":7,"key":"REST"}],"circlet_count":0,"master_deck":["Strike_MRS","Strike_MRS","Strike_MRS","Strike_MRS","Defend_MRS","Defend_MRS","Defend_MRS","Defend_MRS","MasterSpark","UpSweep","TreasureHunter","OpenUniverse","Pain","WitchLeyline","MagicChant","EventHorizon","IllusionStar","MagicAbsorber","OneTimeOff","Occultation"],"relics":["MiniHakkero","WarpedTongs","ReplayTheSpireMod:TigerMarble","halation:VictoryRuler","Matryoshka","aspiration:TomeofQuesting"],"acts_visited":["Exordium"],"potions_floor_usage":[6,10,12],"damage_taken":[{"damage":3,"enemies":"Small Slimes","floor":1,"turns":3},{"damage":3,"enemies":"Cultist","floor":3,"turns":3},{"damage":12,"enemies":"infinitespire:Voidling","floor":4,"turns":2},{"damage":31,"enemies":"strawberrySpire:EnergyPylons","floor":6,"turns":7},{"damage":18,"enemies":"Exordium Thugs","floor":8,"turns":2},{"damage":22,"enemies":"Lagavulin","floor":10,"turns":5},{"damage":3,"enemies":"Large Slime","floor":11,"turns":2},{"damage":13,"enemies":"strawberrySpire:EnergyPylons","floor":12,"turns":3}],"seed_played":"-437191040731057922","potions_obtained":[{"floor":1,"key":"BlessingOfTheForge"},{"floor":4,"key":"Milkshake"},{"floor":10,"key":"Strength Potion"}],"is_trial":false,"path_per_floor":["M","?","M","M","$","E","R","M","T","E","M","E"],"character_chosen":"MARISA","items_purchased":["EventHorizon"],"campfire_rested":1,"item_purchase_floors":[5],"current_hp_per_floor":[72,72,69,57,57,26,48,30,30,8,5,0,0],"gold":145,"neow_bonus":"THREE_RARE_CARDS","is_daily":false,"chose_seed":false,"campfire_upgraded":0,"win_rate":0.0,"timestamp":1611186508,"path_taken":["M","?","?","M","?","E","R","M","T","E","?","E"],"items_purchased_type":["Card"],"build_version":"2020-12-22","purchased_purges":0,"victory":false,"max_hp_per_floor":[75,75,75,75,75,75,75,75,75,75,75,75,75],"card_choices":[{"not_picked":["BinaryStars","BigCrunch"],"picked":"TreasureHunter","floor":0},{"not_picked":["UnstableBomb","DoubleSpark"],"picked":"OpenUniverse","floor":1},{"not_picked":["EarthLightRay","MeteoricShower"],"picked":"WitchLeyline","floor":3},{"not_picked":["SporeBomb","PulseMagic"],"picked":"MagicChant","floor":4},{"not_picked":["GrandCross","ChargingUp"],"picked":"IllusionStar","floor":6},{"not_picked":["LuminesStrike","AsteroidBelt"],"picked":"MagicAbsorber","floor":8},{"not_picked":["GrandCross","LuminesStrike"],"picked":"OneTimeOff","floor":10},{"not_picked":["OrrerysSun","PowerUp"],"picked":"Occultation","floor":11}],"player_experience":574446,"relics_obtained":[{"floor":6,"key":"ReplayTheSpireMod:TigerMarble"},{"floor":6,"key":"halation:VictoryRuler"},{"floor":9,"key":"Matryoshka"},{"floor":10,"key":"aspiration:TomeofQuesting"}],"event_choices":[{"damage_healed":0,"gold_gain":0,"player_choice":"Rummage","damage_taken":0,"relics_obtained":["WarpedTongs"],"max_hp_gain":0,"max_hp_loss":0,"event_name":"Accursed Blacksmith","floor":2,"gold_loss":0,"cards_obtained":["Pain"]}],"is_beta":false,"boss_relics":[],"items_purged_floors":[],"is_endless":false,"potions_floor_spawned":[1,4,10],"killed_by":"strawberrySpire:EnergyPylons","ascension_level":2}}