{"host":"359hz4210ybch7ku","time":1611115768,"event":{"mods":["BaseMod","Block Reminder","Colored Map","Colored Powertips","Highlight Path","Minty Spire (QoL Compilation)","Slay the Relics Exporter","StSLib"],"gold_per_floor":[109,109,130,55,74,114,114,135,208,208,208,208,233,233,233,363,363,383,42,58,58,58,58,87,87,87,106,106,121,121,73,73,178,178,191,191,43,60,79,105,105,105,105],"floor_reached":42,"language":"ENG","playtime":2529,"items_purged":["Strike_G","Accuracy+1","Parasite"],"score":539,"play_id":"a94cd78d-0ea1-4b08-be59-c2e140b74ac5","local_time":"20210119200928","is_ascension_mode":true,"campfire_choices":[{"data":"Bane","floor":7,"key":"SMITH"},{"data":"Calculated Gamble","floor":10,"key":"SMITH"},{"data":"Bane","floor":15,"key":"SMITH"},{"data":"Adrenaline","floor":23,"key":"SMITH"},{"floor":25,"key":"REST"},{"data":"Poisoned Stab","floor":28,"key":"SMITH"},{"floor":32,"key":"REST"},{"data":"Burst","floor":41,"key":"SMITH"}],"circlet_count":0,"master_deck":["Strike_G","Strike_G","Defend_G","Defend_G","Defend_G","Defend_G+1","Survivor+1","Neutralize","Noxious Fumes+1","Bane+1","Calculated Gamble+1","Poisoned Stab","Bane+1","Adrenaline+1","Night Terror+1","Endless Agony+1","Tactician+1","Poisoned Stab+1","Prepared+1","Blade Dance","Burst+1","Bouncing Flask+1","Discovery","Deadly Poison","Parasite","Expertise+1","PiercingWail+1"],"relics":["Ring of the Snake","NeowsBlessing","Bloody Idol","Unceasing Top","Paper Crane","Astrolabe","Bottled Lightning","MealTicket","Kunai","Busted Crown","Nunchaku"],"acts_visited":["Exordium","TheCity","TheBeyond"],"potions_floor_usage":[16,16,33],"damage_taken":[{"damage":0,"enemies":"Jaw Worm","floor":1,"turns":1},{"damage":0,"enemies":"Small Slimes","floor":3,"turns":1},{"damage":0,"enemies":"Cultist","floor":5,"turns":1},{"damage":20,"enemies":"3 Sentries","floor":6,"turns":8},{"damage":11,"enemies":"3 Louse","floor":8,"turns":4},{"damage":8,"enemies":"Blue Slaver","floor":13,"turns":4},{"damage":15,"enemies":"Hexaghost","floor":16,"turns":9},{"damage":6,"enemies":"Chosen","floor":18,"turns":3},{"damage":7,"enemies":"3 Byrds","floor":20,"turns":4},{"damage":31,"enemies":"Slavers","floor":24,"turns":6},{"damage":14,"enemies":"Centurion and Healer","floor":27,"turns":4},{"damage":12,"enemies":"Snake Plant","floor":29,"turns":4},{"damage":55,"enemies":"Champ","floor":33,"turns":12},{"damage":8,"enemies":"Orb Walker","floor":35,"turns":3},{"damage":23,"enemies":"3 Shapes","floor":38,"turns":4},{"damage":18,"enemies":"Writhing Mass","floor":39,"turns":3},{"damage":41,"enemies":"Nemesis","floor":40,"turns":7},{"damage":20,"enemies":"Reptomancer","floor":42,"turns":2}],"seed_played":"5746010282272138626","potions_obtained":[{"floor":6,"key":"Ancient Potion"},{"floor":13,"key":"LiquidBronze"},{"floor":16,"key":"Dexterity Potion"},{"floor":18,"key":"BlessingOfTheForge"},{"floor":27,"key":"FairyPotion"},{"floor":35,"key":"SpeedPotion"},{"floor":40,"key":"Dexterity Potion"}],"is_trial":false,"path_per_floor":["M","?","M","$","M","E","R","M","T","R","?","?","M","?","R","B",null,"M","$","M","$","?","R","E","R","T","M","R","M","?","$","R","B",null,"M","?","$","M","M","E","R","E"],"character_chosen":"THE_SILENT","items_purchased":["Bottled Lightning","Blade Dance","Deadly Poison"],"campfire_rested":2,"item_purchase_floors":[19,31,37],"current_hp_per_floor":[70,65,65,65,65,45,45,34,34,34,50,50,42,29,29,14,65,59,59,52,52,52,52,26,45,45,36,36,29,29,44,63,13,65,62,62,62,44,31,16,16,0,0],"gold":105,"neow_bonus":"THREE_ENEMY_KILL","is_daily":false,"chose_seed":false,"campfire_upgraded":6,"win_rate":0.0,"timestamp":1611115768,"path_taken":["M","?","M","$","M","E","R","M","T","R","?","?","?","?","R","BOSS","M","$","M","$","?","R","E","R","T","M","R","M","?","$","R","BOSS","M","?","$","M","M","E","R","E"],"items_purchased_type":["Relic","Card","Card"],"build_version":"2020-12-22","purchased_purges":3,"victory":false,"max_hp_per_floor":[70,65,65,65,65,65,65,65,65,65,65,65,65,65,65,65,65,65,65,65,65,65,65,65,65,65,65,65,65,65,65,65,65,65,65,65,62,62,62,62,62,62,62],"card_choices":[{"not_picked":["Poisoned Stab","Deflect"],"picked":"Noxious Fumes","floor":1},{"not_picked":["Riddle With Holes","Reflex"],"picked":"Bane","floor":3},{"not_picked":["Slice","Tactician"],"picked":"Calculated Gamble","floor":5},{"not_picked":["Quick Slash","Deadly Poison"],"picked":"Poisoned Stab","floor":6},{"not_picked":["Dagger Throw","Setup","Expertise"],"picked":"SKIP","floor":8},{"not_picked":["Cloak And Dagger","Outmaneuver"],"picked":"Bane","floor":13},{"not_picked":["Burst","Grand Finale"],"picked":"Adrenaline","floor":16},{"not_picked":["Bane","Flying Knee"],"picked":"Tactician+1","floor":18},{"not_picked":["Deflect","Dodge and Roll","Dagger Throw+1"],"picked":"SKIP","floor":20},{"not_picked":["Expertise+1","Slice","Infinite Blades"],"picked":"SKIP","floor":24},{"not_picked":["Underhanded Strike","Dagger Throw"],"picked":"Poisoned Stab","floor":27},{"not_picked":["Corpse Explosion","Flechettes+1"],"picked":"Prepared+1","floor":29},{"not_picked":["Tools of the Trade","Venomology"],"picked":"Burst","floor":33},{"not_picked":[],"picked":"Bouncing Flask+1","floor":35},{"not_picked":[],"picked":"Discovery","floor":36},{"not_picked":["Choke"],"picked":"SKIP","floor":38},{"not_picked":[],"picked":"Expertise+1","floor":39},{"not_picked":[],"picked":"PiercingWail+1","floor":40}],"player_experience":235716,"relics_obtained":[{"floor":6,"key":"Unceasing Top"},{"floor":9,"key":"Paper Crane"},{"floor":24,"key":"MealTicket"},{"floor":26,"key":"Kunai"},{"floor":40,"key":"Nunchaku"}],"event_choices":[{"damage_healed":0,"gold_gain":0,"player_choice":"Lose Max HP","damage_taken":0,"relics_obtained":["Golden Idol"],"max_hp_gain":0,"max_hp_loss":5,"event_name":"Golden Idol","floor":2,"gold_loss":0},{"damage_healed":16,"gold_gain":0,"player_choice":"Healed and dodged fight","damage_taken":0,"max_hp_gain":0,"max_hp_loss":0,"event_name":"Mushrooms","floor":11,"gold_loss":0,"cards_obtained":["Parasite"]},{"damage_healed":0,"gold_gain":0,"player_choice":"Upgraded","damage_taken":0,"max_hp_gain":0,"max_hp_loss":0,"event_name":"Upgrade Shrine","floor":12,"gold_loss":0,"cards_upgraded":["Noxious Fumes"]},{"damage_healed":0,"gold_gain":0,"player_choice":"Entered Light","damage_taken":13,"max_hp_gain":0,"max_hp_loss":0,"event_name":"Shining Light","floor":14,"gold_loss":0,"cards_upgraded":["Defend_G","Survivor"]},{"damage_healed":0,"gold_gain":0,"player_choice":"Gave Idol","damage_taken":0,"relics_obtained":["Bloody Idol"],"max_hp_gain":0,"max_hp_loss":0,"event_name":"Forgotten Altar","floor":22,"relics_lost":["Golden Idol"],"gold_loss":0},{"damage_healed":0,"gold_gain":0,"player_choice":"Ignored","damage_taken":0,"max_hp_gain":0,"max_hp_loss":0,"event_name":"Vampires","floor":30,"gold_loss":0},{"damage_healed":0,"gold_gain":0,"player_choice":"Memory 1","damage_taken":0,"max_hp_gain":0,"max_hp_loss":0,"event_name":"SensoryStone","floor":36,"gold_loss":0}],"is_beta":false,"boss_relics":[{"not_picked":["SlaversCollar","Ring of the Serpent"],"picked":"Astrolabe"},{"not_picked":["Sozu","Coffee Dripper"],"picked":"Busted Crown"}],"items_purged_floors":[4,19,37],"is_endless":false,"potions_floor_spawned":[6,13,16,18,27,35,40],"killed_by":"Reptomancer","ascension_level":3}}