{"host":"y89x8uui45kcjy42","time":1611100894,"event":{"mods":["2.2 Compatiblity","BaseMod","CapriCore","Colored Map","Colored Powertips","Custom Start","Friendly Minions","Keyboard Shortcuts","Minty Spire (QoL Compilation)","Relic Stats","Replay The Spire","Slay the Relics Exporter","StSLib","SuperFastMode","Uncapped"],"gold_per_floor":[14,25,35,55,73,108,108,108,108,134,59,59,59,78,78,155,155,174,652,612,632,649,655,655],"floor_reached":23,"language":"KOR","playtime":796,"items_purged":["Defend_G"],"score":481,"play_id":"79864b4d-ef93-474a-ba1d-e82d958b3d80","local_time":"20210120090134","is_ascension_mode":true,"campfire_choices":[{"data":"Noxious Fumes","floor":7,"key":"SMITH"},{"data":"Footwork","floor":8,"key":"SMITH"},{"data":"Toxin Wave","floor":12,"key":"SMITH"},{"data":"Bouncing Flask","floor":15,"key":"SMITH"}],"circlet_count":0,"master_deck":["Strike_G","Defend_G","Defend_G","Survivor","Neutralize","Toxin Wave","Slice","Footwork+1","Toxin Wave+1","Accuracy","Noxious Fumes+1","Bouncing Flask+1","Corpse Explosion","ReplayTheSpireMod:Tripwire","Crow Ritual","Acrobatics"],"relics":["Coffee Dripper","Pear","WingedGreaves","Bottled Lightning","Snake Skull","SacredBark","Potion Belt","Membership Card","Pet Ghost","Replay:Bandana"],"acts_visited":["Exordium","TheCity"],"potions_floor_usage":[5,6,16,21,22,22],"damage_taken":[{"damage":0,"enemies":"2 Louse","floor":1,"turns":2},{"damage":0,"enemies":"Cultist","floor":2,"turns":4},{"damage":0,"enemies":"Small Slimes","floor":3,"turns":3},{"damage":11,"enemies":"Looter","floor":4,"turns":3},{"damage":18,"enemies":"Large Slime","floor":5,"turns":4},{"damage":20,"enemies":"Replay:BlueRogue","floor":6,"turns":5},{"damage":20,"enemies":"3 Sentries","floor":10,"turns":7},{"damage":0,"enemies":"Exordium Wildlife","floor":14,"turns":2},{"damage":39,"enemies":"Fading Forest","floor":16,"turns":13},{"damage":7,"enemies":"Chosen","floor":18,"turns":4},{"damage":22,"enemies":"2 Thieves","floor":21,"turns":2},{"damage":0,"enemies":"Snecko","floor":22,"turns":5},{"damage":37,"enemies":"Book of Stabbing","floor":23,"turns":3}],"seed_played":"-7996505538108517869","potions_obtained":[{"floor":3,"key":"Poison Potion"},{"floor":4,"key":"Fire Potion"},{"floor":10,"key":"Languid Potion"},{"floor":16,"key":"Dexterity Potion"},{"floor":20,"key":"LiquidMemories"},{"floor":20,"key":"CultistPotion"},{"floor":21,"key":"Energy Potion"}],"is_trial":false,"path_per_floor":["M","M","M","M","M","E","R","R","T","E","?","R","?","M","R","B",null,"M","$","?","M","M","E"],"character_chosen":"THE_SILENT","items_purchased":["Membership Card","Pet Ghost","Replay:Bandana","Energy Potion","Crow Ritual"],"campfire_rested":0,"item_purchase_floors":[19,19,19,19,19],"current_hp_per_floor":[59,59,59,48,30,76,76,76,76,56,56,56,61,61,61,22,66,59,59,59,37,37,0,0],"gold":655,"neow_bonus":"TRANSFORM_TWO_CARDS","is_daily":false,"chose_seed":false,"campfire_upgraded":4,"win_rate":0.0,"timestamp":1611100894,"path_taken":["M","M","M","M","M","E","R","R","T","E","?","R","?","M","R","BOSS","M","$","?","M","?","E"],"items_purchased_type":["Relic","Relic","Relic","Potion","Card"],"build_version":"2020-12-22","purchased_purges":1,"victory":false,"max_hp_per_floor":[66,66,66,66,66,76,76,76,76,76,76,76,81,81,81,81,81,81,81,81,81,81,81,81],"relic_stats":{"counters":[13,57],"Snake Skull":[75],"obtain_stats":[{"Potion Belt":17,"Replay:Bandana":19,"Pear":6,"SacredBark":17,"WingedGreaves":7,"Snake Skull":14,"Coffee Dripper":0,"Bottled Lightning":10,"Membership Card":19,"Pet Ghost":19,"Ring of the Snake":0},{"Potion Belt":9,"Replay:Bandana":10,"Pear":6,"SacredBark":9,"WingedGreaves":6,"Snake Skull":8,"Coffee Dripper":0,"Bottled Lightning":7,"Membership Card":10,"Pet Ghost":10,"Ring of the Snake":0},{"Potion Belt":43,"Replay:Bandana":47,"Pear":21,"SacredBark":43,"WingedGreaves":21,"Snake Skull":30,"Coffee Dripper":0,"Bottled Lightning":28,"Membership Card":47,"Pet Ghost":47,"Ring of the Snake":0}]},"card_choices":[{"not_picked":["Dagger Throw","Eviscerate"],"picked":"Footwork","floor":1},{"not_picked":["Blur","Catalyst"],"picked":"Toxin Wave","floor":2},{"not_picked":["Slice","Hidden Blade","Outmaneuver"],"picked":"SKIP","floor":3},{"not_picked":["Infinite Blades","Leg Sweep"],"picked":"Accuracy","floor":4},{"not_picked":["Poisoned Stab","Backflip","Skewer"],"picked":"SKIP","floor":5},{"not_picked":["ReplayTheSpireMod:Exploit Weakness","Envenom"],"picked":"Noxious Fumes","floor":6},{"not_picked":["Toxin Wave","Caltrops","Quick Slash"],"picked":"SKIP","floor":10},{"not_picked":["ReplayTheSpireMod:The Works","Dodge and Roll"],"picked":"Bouncing Flask","floor":14},{"not_picked":["Atom Bomb","Unload"],"picked":"Corpse Explosion","floor":16},{"not_picked":["All Out Attack","Skewer"],"picked":"ReplayTheSpireMod:Tripwire","floor":18},{"not_picked":["Poisoned Stab","Endless Agony"],"picked":"Acrobatics","floor":21},{"not_picked":["Heel Hook","Acrobatics","All Out Attack"],"picked":"SKIP","floor":22}],"player_experience":632650,"relics_obtained":[{"floor":6,"key":"Pear"},{"floor":10,"key":"Bottled Lightning"}],"event_choices":[{"cards_removed":["Strike_G"],"damage_healed":0,"gold_gain":0,"player_choice":"Card Removal","damage_taken":0,"max_hp_gain":0,"max_hp_loss":0,"event_name":"The Cleric","floor":11,"gold_loss":75},{"damage_healed":0,"gold_gain":0,"player_choice":"Donut","damage_taken":0,"max_hp_gain":5,"max_hp_loss":0,"event_name":"Big Fish","floor":13,"gold_loss":0},{"damage_healed":0,"gold_gain":0,"player_choice":"Bought 3 Potions","damage_taken":0,"max_hp_gain":0,"max_hp_loss":0,"event_name":"The Woman in Blue","floor":20,"gold_loss":0}],"is_beta":false,"boss_relics":[{"not_picked":["Ectoplasm","Painkiller Herb"],"picked":"SacredBark"}],"items_purged_floors":[19],"is_endless":false,"potions_floor_spawned":[3,4,10,16,21],"killed_by":"Book of Stabbing","ascension_level":20}}