{"host":"J","time":1611176667,"event":{"mods":["AchievementEnabler","BaseMod","Block Reminder","Highlight Path","Minty Spire (QoL Compilation)","Permanent Neow","Quick Restart","Relic Stats","UnlockEverythingMod"],"gold_per_floor":[117,131,81,98,118,144,160,160,160,191,204,230,290,308,308,413,413,433,451,15,15,29,29,45,61,61,61,77,77,104,104,104],"floor_reached":31,"language":"ENG","playtime":2498,"items_purged":[],"score":390,"play_id":"8a465455-2c00-464f-ad66-913c17ce3023","local_time":"20210120220427","is_ascension_mode":true,"campfire_choices":[{"data":"Reprogram","floor":8.0,"key":"SMITH"},{"data":"1","floor":15.0,"key":"LIFT"},{"floor":23.0,"key":"REST"},{"data":"2","floor":27.0,"key":"LIFT"},{"floor":29.0,"key":"REST"}],"circlet_count":0,"master_deck":["Zap","Dualcast","FTL","Beam Cell","Go for the Eyes","Steam","Gash","Reprogram+1","Conserve Battery","Double Energy","Creative AI","Gash","Buffer","Reboot","All For One","Storm","Thunder Strike","Fusion","Compile Driver","Rip and Tear","Steam+1","Apotheosis","Steam","Gash","Reprogram+1","Steam","FTL+1"],"relics":["Cracked Core","Ice Cream","InkBottle","Incense Burner","Girya","Question Card","Pandora\u0027s Box","Shuriken","Mummified Hand","Art of War"],"acts_visited":["Exordium","TheCity"],"potions_floor_usage":[31],"damage_taken":[{"damage":0.0,"enemies":"2 Louse","floor":1.0,"turns":1.0},{"damage":0.0,"enemies":"Small Slimes","floor":2.0,"turns":2.0},{"damage":0.0,"enemies":"Cultist","floor":4.0,"turns":3.0},{"damage":4.0,"enemies":"Exordium Wildlife","floor":5.0,"turns":3.0},{"damage":18.0,"enemies":"Gremlin Nob","floor":6.0,"turns":4.0},{"damage":0.0,"enemies":"Large Slime","floor":7.0,"turns":5.0},{"damage":10.0,"enemies":"Lagavulin","floor":10.0,"turns":6.0},{"damage":0.0,"enemies":"2 Fungi Beasts","floor":11.0,"turns":3.0},{"damage":12.0,"enemies":"Gremlin Nob","floor":12.0,"turns":5.0},{"damage":0.0,"enemies":"3 Sentries","floor":13.0,"turns":8.0},{"damage":2.0,"enemies":"3 Louse","floor":14.0,"turns":4.0},{"damage":16.0,"enemies":"Hexaghost","floor":16.0,"turns":11.0},{"damage":24.0,"enemies":"2 Thieves","floor":18.0,"turns":3.0},{"damage":15.0,"enemies":"Spheric Guardian","floor":19.0,"turns":4.0},{"damage":12.0,"enemies":"Cultist and Chosen","floor":22.0,"turns":4.0},{"damage":12.0,"enemies":"Sentry and Sphere","floor":24.0,"turns":3.0},{"damage":5.0,"enemies":"Snake Plant","floor":25.0,"turns":3.0},{"damage":11.0,"enemies":"Shelled Parasite and Fungi","floor":28.0,"turns":3.0},{"damage":18.0,"enemies":"Gremlin Leader","floor":30.0,"turns":3.0},{"damage":0,"enemies":"Snecko","floor":31,"turns":3}],"seed_played":"-3529411426223057880","potions_obtained":[{"floor":2.0,"key":"Fruit Juice"},{"floor":6.0,"key":"Strength Potion"},{"floor":7.0,"key":"Explosive Potion"},{"floor":10.0,"key":"SmokeBomb"},{"floor":12.0,"key":"DistilledChaos"},{"floor":13.0,"key":"Swift Potion"},{"floor":28.0,"key":"PowerPotion"},{"floor":30.0,"key":"AttackPotion"}],"is_trial":false,"path_per_floor":["M","M","?","M","M","E","M","R","T","E","M","E","?","M","R","B",null,"M","M","$","?","M","R","M","M","T","R","M","R","E","M"],"character_chosen":"DEFECT","items_purchased":["Apotheosis","Shuriken"],"campfire_rested":2,"item_purchase_floors":[20,20],"current_hp_per_floor":[68,68,68,68,64,46,46,46,46,41,41,29,29,27,27,11,61,37,22,22,22,10,33,21,16,16,16,5,28,10,10,10],"gold":104,"neow_bonus":"ONE_RARE_RELIC","is_daily":false,"chose_seed":false,"campfire_upgraded":1,"win_rate":0.0,"timestamp":1611176667,"path_taken":["M","M","?","M","M","E","M","R","T","E","M","E","?","M","R","BOSS","M","M","$","?","M","R","M","M","T","R","M","R","E","?"],"items_purchased_type":["Card","Relic"],"build_version":"2020-12-18","purchased_purges":0,"victory":false,"max_hp_per_floor":[75,75,72,72,72,72,72,72,72,77,77,77,77,77,77,77,77,77,77,77,77,77,77,77,77,77,77,77,77,77,77,77],"relic_stats":{"counters":[20,81],"Shuriken":[15],"Mummified Hand":[8],"Pandora\u0027s Box":["Reboot","All For One","Storm","Thunder Strike","Fusion","Meteor Strike","Compile Driver","Rip and Tear"],"Art of War":[0],"Question Card":10,"obtain_stats":[{"Ice Cream":0,"Girya":12,"Shuriken":20,"Mummified Hand":26,"Pandora\u0027s Box":17,"Incense Burner":10,"Art of War":30,"Cracked Core":0,"Question Card":13,"InkBottle":6},{"Ice Cream":0,"Girya":9,"Shuriken":14,"Mummified Hand":17,"Pandora\u0027s Box":12,"Incense Burner":7,"Art of War":19,"Cracked Core":0,"Question Card":9,"InkBottle":5},{"Ice Cream":0,"Girya":32,"Shuriken":62,"Mummified Hand":72,"Pandora\u0027s Box":55,"Incense Burner":24,"Art of War":78,"Cracked Core":0,"Question Card":32,"InkBottle":13}],"InkBottle":[28]},"card_choices":[{"not_picked":["Chaos","Sweeping Beam"],"picked":"FTL","floor":1.0},{"not_picked":["Glacier","Conserve Battery"],"picked":"Beam Cell","floor":2.0},{"not_picked":["Stack","Lockon"],"picked":"Go for the Eyes","floor":4.0},{"not_picked":["Stack","Hologram"],"picked":"Steam","floor":5.0},{"not_picked":["Ball Lightning","Reprogram"],"picked":"Gash","floor":6.0},{"not_picked":["Redo","Beam Cell"],"picked":"Reprogram","floor":7.0},{"not_picked":["Leap","Cold Snap","Meteor Strike"],"picked":"SKIP","floor":10.0},{"not_picked":["Tempest","Turbo"],"picked":"Conserve Battery","floor":11.0},{"not_picked":["Sweeping Beam","Cold Snap"],"picked":"Double Energy","floor":12.0},{"not_picked":["Tempest","Coolheaded","Melter"],"picked":"Creative AI","floor":13.0},{"not_picked":["Chill","Hologram","Sunder"],"picked":"Gash","floor":14.0},{"not_picked":["Amplify","Seek","Multi-Cast"],"picked":"Buffer","floor":16.0},{"not_picked":["BootSequence+1","Capacitor","Steam","Rebound"],"picked":"SKIP","floor":18.0},{"not_picked":["BootSequence","Ball Lightning","Coolheaded"],"picked":"Steam+1","floor":19.0},{"not_picked":["Core Surge","Turbo+1","BootSequence"],"picked":"Gash","floor":22.0},{"not_picked":["BootSequence","Redo","Leap"],"picked":"Reprogram+1","floor":24.0},{"not_picked":["Static Discharge","Streamline","Sweeping Beam"],"picked":"Steam","floor":25.0},{"not_picked":["Tempest+1","Melter","Recycle","Chill"],"picked":"SKIP","floor":28.0},{"not_picked":["Barrage","Loop","Turbo"],"picked":"FTL+1","floor":30.0}],"player_experience":169089,"relics_obtained":[{"floor":6.0,"key":"InkBottle"},{"floor":10.0,"key":"Incense Burner"},{"floor":12.0,"key":"Girya"},{"floor":26.0,"key":"Mummified Hand"},{"floor":30.0,"key":"Art of War"}],"event_choices":[{"cards_removed":["Parasite"],"damage_healed":0.0,"max_hp_gain":0.0,"max_hp_loss":0.0,"gold_gain":0.0,"event_name":"The Cleric","player_choice":"Card Removal","floor":3.0,"gold_loss":50.0,"damage_taken":0.0},{"damage_healed":0.0,"max_hp_gain":0.0,"max_hp_loss":0.0,"gold_gain":0.0,"event_name":"Dead Adventurer","player_choice":"Searched \u00272\u0027 times","floor":13.0,"gold_loss":0.0,"damage_taken":0.0,"relics_obtained":["Question Card"]},{"damage_healed":0.0,"max_hp_gain":0.0,"max_hp_loss":0.0,"gold_gain":0.0,"cards_transformed":["Meteor Strike"],"event_name":"Transmorgrifier","player_choice":"Transformed","floor":21.0,"gold_loss":0.0,"damage_taken":0.0,"cards_obtained":["Steam"]}],"is_beta":true,"boss_relics":[{"not_picked":["Velvet Choker","Cursed Key"],"picked":"Pandora\u0027s Box"}],"items_purged_floors":[],"is_endless":false,"potions_floor_spawned":[2,6,7,10,12,13,28,30],"killed_by":"Snecko","ascension_level":6}}