{"host":"sav7uxregyirlf69","time":1611134642,"event":{"mods":["AchievementEnabler","BaseMod","Colored Map","DeckTracker","Keyboard Shortcuts","Minty Spire (QoL Compilation)","READ ME - Guardian Mod","StSLib","SuperFastMode"],"gold_per_floor":[12,12,22,22,36,36,62,62,62,77,92,92,104,124,124,124,124],"floor_reached":16,"language":"KOR","playtime":326,"items_purged":[],"score":204,"play_id":"94c873e6-5463-4c9e-9e1a-abf1b577b4d6","local_time":"20210120182402","is_ascension_mode":true,"campfire_choices":[{"data":"Deadly Poison","floor":6,"key":"SMITH"},{"floor":8,"key":"REST"},{"floor":12,"key":"REST"},{"data":"Adrenaline","floor":15,"key":"SMITH"}],"circlet_count":0,"master_deck":["AscendersBane","Strike_G","Strike_G","Strike_G","Defend_G","Defend_G","Defend_G","Defend_G","Survivor","Neutralize","Calculated Gamble","Leg Sweep","Cloak And Dagger","Endless Agony","Deadly Poison+1","Adrenaline+1","Heel Hook","Poisoned Stab","Deadly Poison"],"relics":["Ring of the Snake","White Beast Statue","PreservedInsect","Odd Mushroom"],"acts_visited":["Exordium"],"potions_floor_usage":[7,13,16],"damage_taken":[{"damage":9,"enemies":"Jaw Worm","floor":1,"turns":9},{"damage":9,"enemies":"Small Slimes","floor":3,"turns":4},{"damage":0,"enemies":"2 Louse","floor":5,"turns":3},{"damage":38,"enemies":"Gremlin Nob","floor":7,"turns":5},{"damage":0,"enemies":"Exordium Wildlife","floor":10,"turns":3},{"damage":12,"enemies":"3 Louse","floor":11,"turns":6},{"damage":0,"enemies":"Gremlin Gang","floor":13,"turns":2},{"damage":17,"enemies":"The Mushroom Lair","floor":14,"turns":5},{"damage":15,"enemies":"Hexaghost","floor":16,"turns":7}],"seed_played":"3807894829281510600","potions_obtained":[{"floor":1,"key":"Dexterity Potion"},{"floor":5,"key":"CunningPotion"},{"floor":7,"key":"Strength Potion"},{"floor":11,"key":"AttackPotion"},{"floor":13,"key":"CunningPotion"}],"is_trial":false,"path_per_floor":["M","?","M","?","M","R","E","R","T","M","M","R","M","?","R","B"],"character_chosen":"THE_SILENT","items_purchased":[],"campfire_rested":2,"item_purchase_floors":[],"current_hp_per_floor":[50,50,41,41,41,41,3,22,22,22,10,29,29,12,12,0,0],"gold":124,"neow_bonus":"TRANSFORM_TWO_CARDS","is_daily":false,"chose_seed":false,"campfire_upgraded":2,"win_rate":0.0,"timestamp":1611134642,"path_taken":["M","?","M","?","M","R","E","R","T","M","M","R","M","?","R","BOSS"],"items_purchased_type":[],"build_version":"2020-12-22","purchased_purges":0,"victory":false,"max_hp_per_floor":[66,66,66,66,66,66,66,66,66,66,66,66,66,66,66,66,66],"card_choices":[{"not_picked":["Skewer","Accuracy"],"picked":"Cloak And Dagger","floor":1},{"not_picked":["Finisher","Quick Slash"],"picked":"Deadly Poison","floor":3},{"not_picked":["Deflect","Dodge and Roll","Bane"],"picked":"SKIP","floor":5},{"not_picked":["Tools of the Trade","PiercingWail"],"picked":"Adrenaline","floor":7},{"not_picked":["Bane","Terror","Dagger Throw"],"picked":"SKIP","floor":10},{"not_picked":["Cloak And Dagger","PiercingWail"],"picked":"Heel Hook","floor":11},{"not_picked":["Quick Slash","Deflect"],"picked":"Poisoned Stab","floor":13},{"not_picked":["Backflip","Cloak And Dagger"],"picked":"Deadly Poison","floor":14}],"player_experience":1328428,"relics_obtained":[{"floor":7,"key":"White Beast Statue"},{"floor":9,"key":"PreservedInsect"},{"floor":14,"key":"Odd Mushroom"}],"event_choices":[{"damage_healed":0,"gold_gain":0,"cards_transformed":["Defend_G"],"player_choice":"Change","damage_taken":0,"max_hp_gain":0,"max_hp_loss":0,"event_name":"Living Wall","floor":2,"gold_loss":0,"cards_obtained":["Endless Agony"]},{"damage_healed":0,"gold_gain":0,"player_choice":"Ignored","damage_taken":0,"max_hp_gain":0,"max_hp_loss":0,"event_name":"Liars Game","floor":4,"gold_loss":0},{"damage_healed":0,"gold_gain":0,"player_choice":"Fought Mushrooms","damage_taken":0,"max_hp_gain":0,"max_hp_loss":0,"event_name":"Mushrooms","floor":14,"gold_loss":0}],"is_beta":false,"boss_relics":[],"items_purged_floors":[],"is_endless":false,"potions_floor_spawned":[1,5,7,10,11,13,14],"killed_by":"Hexaghost","ascension_level":20}}