{"host":"eemx8njkng76fu5x","time":1611170875,"event":{"mods":["2.2 Compatiblity","BaseMod","Colored Map","Downfall","Minty Spire (QoL Compilation)","Permanent Neow","StSLib","Unceasing Turn Reminder","Unknown Chances"],"gold_per_floor":[99,111,129,148,161,161,237,38,54,89,89,157,19,51,66,66,66,66],"floor_reached":16,"language":"ENG","playtime":857,"items_purged":[],"score":146,"play_id":"f532b3f6-5a10-45d8-bb84-a3dd4d98fea3","local_time":"20210121032755","is_ascension_mode":true,"campfire_choices":[{"data":"bronze:Goto","floor":1.0,"key":"SMITH"},{"data":"bronze:BuggyMess","floor":11.0,"key":"SMITH"}],"circlet_count":0,"master_deck":["bronze:Strike","bronze:Strike","bronze:Strike","bronze:Strike","bronze:Defend","bronze:Defend","bronze:Defend","bronze:Defend","bronze:Replicate","bronze:Goto+1","bronze:NullPointer","bronze:BuggyMess","bronze:Shield","bronze:MaxOutput","bronze:SpaghettiCode","bronze:MaxOutput","bronze:BuggyMess+1","bronze:Shell","bronze:Refactor","bronze:BugBarrage+1","bronze:Assembly","bronze:BitShift","bronze:ItsAFeature"],"relics":["bronze:BronzeCore","Tiny Chest","Sundial","bronze:SilverBullet","Strawberry","Molten Egg 2","Toy Ornithopter"],"acts_visited":["Exordium"],"potions_floor_usage":[15,16],"damage_taken":[{"damage":1.0,"enemies":"Cultist","floor":2.0,"turns":4.0},{"damage":0.0,"enemies":"Jaw Worm","floor":3.0,"turns":3.0},{"damage":0.0,"enemies":"Small Slimes","floor":4.0,"turns":3.0},{"damage":8.0,"enemies":"3 Louse","floor":5.0,"turns":4.0},{"damage":0.0,"enemies":"downfall:FleeingMerchant","floor":8.0,"turns":4.0},{"damage":7.0,"enemies":"Red Slaver","floor":9.0,"turns":5.0},{"damage":10.0,"enemies":"3 Sentries","floor":10.0,"turns":6.0},{"damage":4.0,"enemies":"downfall:FleeingMerchant","floor":13.0,"turns":4.0},{"damage":20,"enemies":"Gremlin Nob","floor":14,"turns":3},{"damage":1,"enemies":"Gremlin Gang","floor":15,"turns":3},{"damage":0,"enemies":"SI_SHIV_ARCHETYPE","floor":16,"turns":1}],"seed_played":"2583657430368931186","potions_obtained":[{"floor":2.0,"key":"BlessingOfTheForge"},{"floor":5.0,"key":"Fire Potion"},{"floor":9.0,"key":"Fire Potion"},{"floor":10.0,"key":"DuplicationPotion"}],"is_trial":false,"path_per_floor":["R","M","M","M","M","?","T","$","M","E","R","T","$","E","M","B"],"character_chosen":"THE_AUTOMATON","items_purchased":["bronze:MaxOutput","bronze:SilverBullet","bronze:BugBarrage+1","bronze:Assembly"],"campfire_rested":0,"item_purchase_floors":[8,8,13,13],"current_hp_per_floor":[63,62,62,62,54,54,54,54,47,44,44,44,40,20,24,29,29,29],"gold":66,"neow_bonus":"RANDOM_COMMON_RELIC","is_daily":false,"chose_seed":false,"campfire_upgraded":2,"win_rate":0.0,"timestamp":1611170875,"path_taken":["R","M","M","M","?","?","T","?","M","E","R","?","$","E","M","BOSS"],"items_purchased_type":["Card","Relic","Card","Card"],"build_version":"2020-12-22","purchased_purges":0,"victory":false,"max_hp_per_floor":[70,70,70,70,70,70,70,70,70,77,77,77,77,77,77,77,77,77],"card_choices":[{"not_picked":["bronze:Shield","bronze:BugBarrage"],"picked":"bronze:NullPointer","floor":2.0},{"not_picked":["bronze:Iterate","bronze:BronzeArmor"],"picked":"bronze:BuggyMess","floor":3.0},{"not_picked":["bronze:DelayedGuard","bronze:BugBarrage"],"picked":"bronze:Shield","floor":4.0},{"not_picked":["bronze:WildBeam","bronze:Deprecate"],"picked":"bronze:MaxOutput","floor":5.0},{"not_picked":["bronze:Flail","bronze:Backtrace","bronze:FollowUp"],"picked":"SKIP","floor":8.0},{"not_picked":["bronze:Safeguard","bronze:Constructor"],"picked":"bronze:BuggyMess","floor":9.0},{"not_picked":["bronze:WildBeam","bronze:Branch"],"picked":"bronze:Shell","floor":10.0},{"not_picked":["bronze:Repair","bronze:Branch+1"],"picked":"bronze:Refactor","floor":13.0},{"not_picked":["bronze:Overload","bronze:Library"],"picked":"bronze:BitShift","floor":14},{"not_picked":["bronze:Turbo","bronze:Separator+1"],"picked":"bronze:ItsAFeature","floor":15}],"player_experience":516663,"relics_obtained":[{"floor":7.0,"key":"Sundial"},{"floor":10.0,"key":"Strawberry"},{"floor":12.0,"key":"Molten Egg 2"},{"floor":14,"key":"Toy Ornithopter"}],"event_choices":[],"is_beta":false,"boss_relics":[],"items_purged_floors":[],"is_endless":false,"potions_floor_spawned":[2,5,9,10],"killed_by":"SI_SHIV_ARCHETYPE","ascension_level":6}}