{"host":"e1pm3b7xpcm97e5w","time":1611153489,"event":{"mods":["BaseMod","Better Skull","Googly Eyes","Minty Spire (QoL Compilation)","Relic Stats","Shop Mod","Spicy Shops","StSLib"],"gold_per_floor":[112,112,262,68,78,78,89,105,132,132,163,163,183,193,193,267,267,280,300,318,335,151,178,178,204,204,217,245,245,280,280,280,362,362,375,386,139,139,154,154,186,486,509,526,551,415,415,31,31,31],"floor_reached":51,"language":"ENG","playtime":2578,"items_purged":["Doubt","Strike_R"],"score":1512,"play_id":"fc29afdc-a2cf-4897-81d8-076bd3ed5905","local_time":"20210120093809","is_ascension_mode":true,"campfire_choices":[{"floor":6.0,"key":"REST"},{"data":"Bash","floor":10.0,"key":"SMITH"},{"data":"Corruption","floor":12.0,"key":"SMITH"},{"data":"Armaments","floor":15.0,"key":"SMITH"},{"data":"Heavy Blade","floor":24.0,"key":"SMITH"},{"data":"Dark Embrace","floor":32.0,"key":"SMITH"},{"data":"Limit Break","floor":40.0,"key":"SMITH"},{"floor":42.0,"key":"DIG"},{"floor":49.0,"key":"DIG"}],"circlet_count":0,"master_deck":["AscendersBane","Strike_R+1","Strike_R+1","Strike_R+1","Strike_R","Defend_R+1","Defend_R","Defend_R","Defend_R","Bash+1","Spot Weakness","Heavy Blade+1","Impervious","Metallicize","Corruption+1","Dropkick","Armaments+1","Reaper","Sword Boomerang","Flame Barrier","Exhume","Clothesline","Dark Embrace+1","Limit Break+1","Exhume"],"relics":["Burning Blood","Magic Flower","Ice Cream","Whetstone","Orichalcum","Snecko Eye","Vajra","Bag of Preparation","Gremlin Horn","CeramicFish","Omamori","Bag of Marbles","MutagenicStrength","Busted Crown","Membership Card","DollysMirror","Shovel","Old Coin","Juzu Bracelet","Peace Pipe","Bottled Lightning","Brimstone","Self Forming Clay","TheAbacus","Nunchaku","Boot","Toy Ornithopter"],"acts_visited":["Exordium","TheCity","TheBeyond"],"potions_floor_usage":[50],"damage_taken":[{"damage":21.0,"enemies":"Jaw Worm","floor":1.0,"turns":6.0},{"damage":0.0,"enemies":"Cultist","floor":5.0,"turns":3.0},{"damage":8.0,"enemies":"2 Louse","floor":7.0,"turns":3.0},{"damage":12.0,"enemies":"Large Slime","floor":8.0,"turns":10.0},{"damage":11.0,"enemies":"Gremlin Nob","floor":11.0,"turns":3.0},{"damage":0.0,"enemies":"2 Fungi Beasts","floor":13.0,"turns":3.0},{"damage":14.0,"enemies":"3 Louse","floor":14.0,"turns":4.0},{"damage":24.0,"enemies":"Hexaghost","floor":16.0,"turns":9.0},{"damage":19.0,"enemies":"Shell Parasite","floor":18.0,"turns":5.0},{"damage":0.0,"enemies":"Spheric Guardian","floor":19.0,"turns":5.0},{"damage":21.0,"enemies":"3 Cultists","floor":20.0,"turns":5.0},{"damage":22.0,"enemies":"Cultist and Chosen","floor":21.0,"turns":6.0},{"damage":14.0,"enemies":"Book of Stabbing","floor":23.0,"turns":5.0},{"damage":25.0,"enemies":"Gremlin Leader","floor":25.0,"turns":5.0},{"damage":0.0,"enemies":"Snecko","floor":27.0,"turns":4.0},{"damage":13.0,"enemies":"Slavers","floor":28.0,"turns":6.0},{"damage":7.0,"enemies":"Gremlin Leader","floor":30.0,"turns":6.0},{"damage":59.0,"enemies":"Automaton","floor":33.0,"turns":10.0},{"damage":33.0,"enemies":"3 Shapes","floor":35.0,"turns":6.0},{"damage":8.0,"enemies":"3 Darklings","floor":36.0,"turns":3.0},{"damage":22.0,"enemies":"Spire Growth","floor":39.0,"turns":3.0},{"damage":9.0,"enemies":"Nemesis","floor":41.0,"turns":5.0},{"damage":6.0,"enemies":"Sphere and 2 Shapes","floor":44.0,"turns":5.0},{"damage":0.0,"enemies":"Mind Bloom Boss Battle","floor":45.0,"turns":5.0},{"damage":17,"enemies":"Donu and Deca","floor":50,"turns":4}],"seed_played":"-4830233088831582681","potions_obtained":[{"floor":5.0,"key":"EssenceOfSteel"},{"floor":11.0,"key":"BloodPotion"},{"floor":13.0,"key":"Swift Potion"},{"floor":19.0,"key":"Weak Potion"},{"floor":28.0,"key":"Explosive Potion"},{"floor":36.0,"key":"LiquidMemories"},{"floor":41.0,"key":"Strength Potion"}],"is_trial":false,"path_per_floor":["M","?","?","$","M","R","M","M","T","R","E","R","M","M","R","B",null,"M","M","M","M","$","E","R","E","T","M","E","?","E","?","R","B",null,"M","M","$","?","M","R","E","R","T","M","?","$","?","$","R","B",null],"character_chosen":"IRONCLAD","items_purchased":["Ice Cream","Vajra","Membership Card","DollysMirror","Bottled Lightning","Brimstone","Self Forming Clay","TheAbacus","Nunchaku","Boot"],"campfire_rested":1,"item_purchase_floors":[4,22,37,37,46,48,48,48,48,48],"current_hp_per_floor":[38,15,15,15,24,46,47,44,44,44,57,57,66,61,61,46,68,66,75,63,65,65,71,71,75,75,75,75,75,75,75,75,46,68,75,75,75,71,58,58,71,71,71,71,71,71,71,71,71,63],"gold":31,"neow_bonus":"ONE_RARE_RELIC","is_daily":false,"chose_seed":false,"campfire_upgraded":6,"win_rate":0.0,"timestamp":1611153489,"path_taken":["M","?","?","$","?","R","?","M","T","R","E","R","M","M","R","BOSS","M","M","M","M","$","E","R","E","T","M","E","?","E","?","R","BOSS","M","M","$","?","M","R","E","R","T","M","?","?","?","$","R","BOSS"],"items_purchased_type":["Relic","Relic","Relic","Relic","Relic","Relic","Relic","Relic","Relic","Relic"],"build_version":"2020-12-22","purchased_purges":2,"victory":true,"max_hp_per_floor":[75,75,75,75,75,75,75,75,75,75,75,75,75,75,75,75,75,75,75,75,75,75,75,75,75,75,75,75,75,75,75,75,75,75,75,75,75,71,71,71,71,71,71,71,71,71,71,71,71,71],"relic_stats":{"Gremlin Horn":[19,19],"counters":[25,129],"Self Forming Clay":[3],"CeramicFish":27,"Magic Flower":[75],"Bag of Preparation":[24],"Juzu Bracelet":1,"Whetstone":["Strike_R","Strike_R"],"Orichalcum":[174],"Boot":[0],"Burning Blood":148,"Peace Pipe":0,"Nunchaku":[0],"Busted Crown":12,"Shovel":2,"TheAbacus":[12],"Snecko Eye":[160,168,154,195],"obtain_stats":[{"Ice Cream":4,"Gremlin Horn":25,"CeramicFish":26,"Magic Flower":0,"Vajra":22,"Bag of Preparation":23,"Juzu Bracelet":43,"Whetstone":9,"Boot":48,"Burning Blood":0,"Old Coin":42,"Nunchaku":48,"Shovel":41,"TheAbacus":48,"DollysMirror":37,"Self Forming Clay":48,"Omamori":28,"Orichalcum":11,"Peace Pipe":45,"Busted Crown":34,"Brimstone":48,"MutagenicStrength":31,"Snecko Eye":17,"Bag of Marbles":30,"Membership Card":37,"Bottled Lightning":46,"Toy Ornithopter":49},{"Ice Cream":1,"Gremlin Horn":14,"CeramicFish":14,"Magic Flower":0,"Vajra":12,"Bag of Preparation":13,"Juzu Bracelet":22,"Whetstone":4,"Boot":24,"Burning Blood":0,"Old Coin":22,"Nunchaku":24,"Shovel":22,"TheAbacus":24,"DollysMirror":20,"Self Forming Clay":24,"Omamori":16,"Orichalcum":5,"Peace Pipe":24,"Busted Crown":18,"Brimstone":24,"MutagenicStrength":17,"Snecko Eye":8,"Bag of Marbles":17,"Membership Card":20,"Bottled Lightning":24,"Toy Ornithopter":24},{"Ice Cream":6,"Gremlin Horn":72,"CeramicFish":72,"Magic Flower":0,"Vajra":62,"Bag of Preparation":67,"Juzu Bracelet":115,"Whetstone":22,"Boot":125,"Burning Blood":0,"Old Coin":115,"Nunchaku":125,"Shovel":115,"TheAbacus":125,"DollysMirror":107,"Self Forming Clay":125,"Omamori":82,"Orichalcum":25,"Peace Pipe":125,"Busted Crown":98,"Brimstone":125,"MutagenicStrength":88,"Snecko Eye":41,"Bag of Marbles":88,"Membership Card":107,"Bottled Lightning":125,"Toy Ornithopter":125}],"Toy Ornithopter":0},"card_choices":[{"not_picked":["Iron Wave","Armaments"],"picked":"Spot Weakness","floor":1.0},{"not_picked":["Anger","Twin Strike"],"picked":"Heavy Blade","floor":5.0},{"not_picked":["Shrug It Off","Sword Boomerang"],"picked":"Impervious","floor":7.0},{"not_picked":["Sever Soul","Havoc"],"picked":"Metallicize","floor":8.0},{"not_picked":["Headbutt","Rupture"],"picked":"Corruption","floor":11.0},{"not_picked":["Headbutt","Warcry"],"picked":"Dropkick","floor":13.0},{"not_picked":["Rampage","Combust"],"picked":"Armaments","floor":14.0},{"not_picked":["Immolate","Bludgeon"],"picked":"Reaper","floor":16.0},{"not_picked":["Rampage","Combust","Twin Strike"],"picked":"SKIP","floor":18.0},{"not_picked":["Dark Embrace","Sentinel"],"picked":"Sword Boomerang","floor":19.0},{"not_picked":["Warcry","Hemokinesis+1","Headbutt"],"picked":"SKIP","floor":20.0},{"not_picked":["Sword Boomerang","Wild Strike"],"picked":"Flame Barrier","floor":21.0},{"not_picked":["Body Slam","Dropkick"],"picked":"Exhume","floor":23.0},{"not_picked":["Perfected Strike","Body Slam"],"picked":"Clothesline","floor":25.0},{"not_picked":["Infernal Blade","Twin Strike","Perfected Strike"],"picked":"SKIP","floor":27.0},{"not_picked":["Disarm","Cleave","Fiend Fire"],"picked":"SKIP","floor":28.0},{"not_picked":["Sever Soul","Sword Boomerang"],"picked":"Dark Embrace","floor":30.0},{"not_picked":["Berserk","Bludgeon"],"picked":"Limit Break","floor":33.0},{"not_picked":["Havoc"],"picked":"SKIP","floor":35.0},{"not_picked":["Thunderclap"],"picked":"SKIP","floor":36.0},{"not_picked":["Wild Strike"],"picked":"SKIP","floor":39.0},{"not_picked":["Clothesline"],"picked":"SKIP","floor":41.0},{"not_picked":["Iron Wave"],"picked":"SKIP","floor":44.0}],"player_experience":544565,"relics_obtained":[{"floor":9.0,"key":"Whetstone"},{"floor":11.0,"key":"Orichalcum"},{"floor":23.0,"key":"Bag of Preparation"},{"floor":25.0,"key":"Gremlin Horn"},{"floor":26.0,"key":"CeramicFish"},{"floor":28.0,"key":"Omamori"},{"floor":30.0,"key":"Bag of Marbles"},{"floor":41.0,"key":"Shovel"},{"floor":42.0,"key":"Old Coin"},{"floor":43.0,"key":"Juzu Bracelet"},{"floor":45.0,"key":"Peace Pipe"},{"floor":49.0,"key":"Toy Ornithopter"}],"event_choices":[{"damage_healed":0.0,"max_hp_gain":0.0,"max_hp_loss":0.0,"gold_gain":0.0,"event_name":"Shining Light","player_choice":"Entered Light","floor":2.0,"gold_loss":0.0,"damage_taken":23.0,"cards_upgraded":["Strike_R","Defend_R"]},{"damage_healed":0.0,"max_hp_gain":0.0,"max_hp_loss":0.0,"gold_gain":150.0,"event_name":"Liars Game","player_choice":"AGREE","floor":3.0,"gold_loss":0.0,"damage_taken":0.0,"cards_obtained":["Doubt"]},{"damage_healed":0.0,"max_hp_gain":0.0,"max_hp_loss":0.0,"gold_gain":0.0,"event_name":"Vampires","player_choice":"Ignored","floor":29.0,"gold_loss":0.0,"damage_taken":0.0},{"damage_healed":0.0,"max_hp_gain":0.0,"max_hp_loss":0.0,"gold_gain":0.0,"event_name":"Drug Dealer","player_choice":"Inject Mutagens","floor":31.0,"gold_loss":0.0,"damage_taken":0.0,"relics_obtained":["MutagenicStrength"]},{"damage_healed":0.0,"max_hp_gain":0.0,"max_hp_loss":4.0,"gold_gain":0.0,"event_name":"Winding Halls","player_choice":"Max HP","floor":38.0,"gold_loss":0.0,"damage_taken":0.0},{"damage_healed":0.0,"max_hp_gain":0.0,"max_hp_loss":0.0,"gold_gain":0.0,"event_name":"MindBloom","player_choice":"Fight","floor":45.0,"gold_loss":0.0,"damage_taken":0.0},{"damage_healed":0.0,"max_hp_gain":0.0,"max_hp_loss":0.0,"gold_gain":0.0,"event_name":"Tomb of Lord Red Mask","player_choice":"Ignored","floor":47.0,"gold_loss":0.0,"damage_taken":0.0}],"is_beta":false,"boss_relics":[{"not_picked":["Runic Dome","Black Star"],"picked":"Snecko Eye"},{"not_picked":["Runic Cube","Tiny House"],"picked":"Busted Crown"}],"items_purged_floors":[4,22],"is_endless":false,"potions_floor_spawned":[5,7,11,13,18,19,20,28,36,41],"ascension_level":18}}