{"host":"f7rb14kzcw8hx1r1","time":1611159560,"event":{"mods":["BaseMod","Better Note","Better Third Choice","Colored Map","Highlight Path","Hubris","Minty Spire (QoL Compilation)","Replay The Spire","StSLib","The Forsaken"],"gold_per_floor":[18,75,90,90,90,104,29,59,70,87,113,113,141,141,141,141,141,246,246,265,278,24,41,54,54,84,84,84,156,156,186,199,218,218,320,320,338,353,365,382,382,407,407,41,64,64,80,80,0,16,16,16],"floor_reached":53,"language":"ENG","playtime":1885,"items_purged":["Strike_R","Strike_R+1"],"score":814,"play_id":"ec769af7-b4d7-4673-97c6-6492554aac32","local_time":"20210120171920","is_ascension_mode":false,"campfire_choices":[{"data":"Body Slam","floor":12,"key":"SMITH"},{"data":"Whirlwind","floor":15,"key":"SMITH"},{"data":"Bash","floor":17,"key":"SMITH"},{"data":"Berserk","floor":25,"key":"SMITH"},{"data":"Clothesline","floor":27,"key":"SMITH"},{"data":"Spot Weakness","floor":34,"key":"SMITH"},{"data":"ReplayUltimateDefense","floor":43,"key":"SMITH"},{"data":"Pommel Strike","floor":46,"key":"SMITH"},{"data":"Reaper","floor":48,"key":"SMITH"}],"circlet_count":0,"master_deck":["Strike_R+1","Defend_R","Defend_R","Defend_R","Bash+1","Spot Weakness+1","Headbutt","Thunderclap","Whirlwind+1","Shrug It Off+1","Body Slam+1","Bloodletting+1","Berserk+1","Clothesline+1","Warcry+1","Shrug It Off+1","Brutality","Battle Trance+1","Inflame+1","Reaper+1","Pommel Strike+1","Iron Wave+1","Shrug It Off+1","Whirlwind+1","ReplayUltimateDefense+1","hubris:StunningStrike+1"],"relics":["Burning Blood","Whetstone","Toxic Egg 2","Juzu Bracelet","Mango","Question Card","Replay:Bronze Core","Shuriken","ReplayTheSpireMod:Shallot","Red Skull","Pantograph","Regal Pillow","Empty Cage","Lantern","BargainBundle","theForsaken:Lifeblossom","Toy Ornithopter","Red Mask"],"acts_visited":["Exordium","TheCity","TheBeyond"],"potions_floor_usage":[10,18,23,26,26,33,37,39,52,52,52],"damage_taken":[{"damage":7.0,"enemies":"Small Slimes","floor":1.0,"turns":4.0},{"damage":3,"enemies":"Jaw Worm","floor":3,"turns":3},{"damage":1,"enemies":"Cultist","floor":6,"turns":3},{"damage":28,"enemies":"Gremlin Nob","floor":8,"turns":4},{"damage":0,"enemies":"Looter","floor":9,"turns":3},{"damage":2,"enemies":"Blue Slaver","floor":10,"turns":3},{"damage":18,"enemies":"3 Sentries","floor":13,"turns":5},{"damage":12,"enemies":"Slime Boss","floor":18,"turns":4},{"damage":8,"enemies":"Spheric Guardian","floor":20,"turns":3},{"damage":14,"enemies":"2 Thieves","floor":21,"turns":3},{"damage":10,"enemies":"Chosen and Byrds","floor":23,"turns":4},{"damage":2,"enemies":"Snecko","floor":24,"turns":5},{"damage":53,"enemies":"Replay:Snechameleon","floor":26,"turns":5},{"damage":17,"enemies":"Book of Stabbing","floor":31,"turns":6},{"damage":4,"enemies":"Centurion and Healer","floor":32,"turns":4},{"damage":4,"enemies":"Shelled Parasite and Fungi","floor":33,"turns":3},{"damage":22,"enemies":"Collector","floor":35,"turns":5},{"damage":17,"enemies":"3 Darklings","floor":37,"turns":3},{"damage":0,"enemies":"Orb Walker","floor":38,"turns":3},{"damage":12,"enemies":"4 Shapes","floor":39,"turns":3},{"damage":16,"enemies":"Jaw Worm Horde","floor":40,"turns":3},{"damage":73,"enemies":"Giant Head","floor":42,"turns":8},{"damage":5,"enemies":"Transient","floor":47,"turns":5},{"damage":6,"enemies":"Spire Growth","floor":50,"turns":4},{"damage":38,"enemies":"Donu and Deca","floor":52,"turns":9}],"seed_played":"-70662804747781680","potions_obtained":[{"floor":1.0,"key":"BloodPotion"},{"floor":2,"key":"Swift Potion"},{"floor":9,"key":"Death Potion"},{"floor":13,"key":"LiquidMemories"},{"floor":20,"key":"AttackPotion"},{"floor":23,"key":"Energy Potion"},{"floor":24,"key":"BloodPotion"},{"floor":31,"key":"Block Potion"},{"floor":32,"key":"ElixirPotion"},{"floor":38,"key":"Death Potion"},{"floor":39,"key":"Elixir"},{"floor":42,"key":"Ancient Potion"},{"floor":50,"key":"Flashbang"}],"is_trial":false,"path_per_floor":["M","?","M","PTL","PTL","M","$","E","M","M","T","R","E","?","R","T","R","B",null,"M","M","$","M","M","R","E","R","T","T","?","E","M","M","R","B",null,"M","M","M","M","?","E","R","$","T","R","M","R","?","M","R_BF","B",null],"character_chosen":"IRONCLAD","items_purchased":["Shuriken","BargainBundle","theForsaken:Lifeblossom","Adrenaline Potion","SkillPotion","hubris:StunningStrike+1"],"campfire_rested":0,"item_purchase_floors":[22,44,44,44,44,44],"current_hp_per_floor":[95,71,74,74,74,79,79,57,63,67,67,67,69,62,62,62,62,56,110,108,100,100,110,110,110,85,85,85,85,85,74,76,78,78,87,110,109,110,104,94,94,56,56,56,56,56,83,83,83,89,89,88],"gold":16,"neow_bonus":"TWENTY_PERCENT_HP_BONUS","is_daily":false,"chose_seed":false,"campfire_upgraded":9,"win_rate":0.0,"timestamp":1611159560,"path_taken":["M","?","M","PTL","PTL","M","$","E","M","M","T","R","E","?","R","?","R","BOSS","M","M","$","M","M","R","E","R","T","?","?","E","M","M","R","BOSS","M","M","M","M","?","E","R","$","T","R","M","R","?","M","R_BF","BOSS"],"items_purchased_type":["Relic","Relic","Relic","Potion","Potion","Card"],"build_version":"2020-12-22","purchased_purges":2,"victory":true,"max_hp_per_floor":[96,96,96,96,96,96,96,96,96,96,96,96,110,110,110,110,110,110,110,110,110,110,110,110,110,110,110,110,110,110,110,110,110,110,110,110,110,110,110,110,110,110,110,110,110,110,110,110,110,110,104,104],"card_choices":[{"not_picked":["Massacre","Sword Boomerang"],"picked":"Spot Weakness","floor":1.0},{"not_picked":["Wild Strike","Infernal Blade"],"picked":"Headbutt","floor":2},{"not_picked":["Uppercut","Seeing Red"],"picked":"Thunderclap","floor":3},{"not_picked":["Whirlwind","Armaments","Flex"],"picked":"SKIP","floor":6},{"not_picked":["Armaments","Flex"],"picked":"Whirlwind","floor":6},{"not_picked":["Warcry+1","Thunderclap"],"picked":"Shrug It Off+1","floor":8},{"not_picked":["Anger","Hemokinesis"],"picked":"Body Slam","floor":9},{"not_picked":["Wild Strike","Perfected Strike"],"picked":"Bloodletting+1","floor":10},{"not_picked":["Combust","Abandon+1","Juggernaut"],"picked":"SKIP","floor":13},{"not_picked":["Feed","Exhume+1","Juggernaut"],"picked":"Berserk","floor":18},{"not_picked":["Thunderclap+1","Rupture","Defy Death+1"],"picked":"Clothesline","floor":20},{"not_picked":["Thunderclap","Life Link+1","Replay:Undeath\u0027s Touch"],"picked":"Warcry+1","floor":21},{"not_picked":["Massacre+1","Anger","Feel No Pain+1"],"picked":"Shrug It Off+1","floor":23},{"not_picked":["ReplayTheSpireMod:Muscle Training+1","Flex+1","Combust"],"picked":"Brutality","floor":24},{"not_picked":["Dual Wield+1","Ghostly Armor+1","Combust","Abandon+1"],"picked":"SKIP","floor":26},{"not_picked":["ReplayTheSpireMod:Limb From Limb","Abandon+1","True Grit+1"],"picked":"Battle Trance+1","floor":31},{"not_picked":["Perfected Strike","Clothesline","Bloodletting+1","Body Slam"],"picked":"SKIP","floor":32},{"not_picked":["Feed","Warcry+1","Fire Breathing"],"picked":"Inflame+1","floor":33},{"not_picked":["Immolate","Impervious+1","Offering+1"],"picked":"Reaper","floor":35},{"not_picked":["ReplayTheSpireMod:Strike From Hell+1","ReplayTheSpireMod:LeadingStrike","Perfected Strike+1"],"picked":"Pommel Strike","floor":37},{"not_picked":["Pummel","Replay:Undeath\u0027s Touch","Anger+1"],"picked":"Iron Wave+1","floor":38},{"not_picked":["Sword Boomerang","ReplayTheSpireMod:Strike From Hell","Twin Strike"],"picked":"Shrug It Off+1","floor":39},{"not_picked":["Massacre+1","Clothesline","Twin Strike"],"picked":"Whirlwind+1","floor":40},{"not_picked":["Finesse+1","HandOfGreed","Survey Options+1"],"picked":"ReplayUltimateDefense","floor":41},{"not_picked":["Demonic Infusion+1","Headbutt+1","Whirlwind","Uppercut"],"picked":"SKIP","floor":42},{"not_picked":["Cleave","Headbutt","Combust","Twin Strike+1"],"picked":"SKIP","floor":47},{"not_picked":["Warcry+1","Second Wind+1","Wild Strike","Uppercut+1"],"picked":"SKIP","floor":50}],"player_experience":919402,"relics_obtained":[{"floor":2,"key":"Whetstone"},{"floor":8,"key":"Toxic Egg 2"},{"floor":11,"key":"Juzu Bracelet"},{"floor":13,"key":"Mango"},{"floor":16,"key":"Question Card"},{"floor":26,"key":"ReplayTheSpireMod:Shallot"},{"floor":28,"key":"Red Skull"},{"floor":29,"key":"Pantograph"},{"floor":31,"key":"Regal Pillow"},{"floor":42,"key":"Lantern"},{"floor":45,"key":"Toy Ornithopter"}],"event_choices":[{"cards_removed":["Strike_R"],"damage_healed":0,"gold_gain":0,"player_choice":"Card Removal","damage_taken":7,"max_hp_gain":0,"max_hp_loss":0,"event_name":"Golden Wing","floor":14,"gold_loss":0},{"damage_healed":0,"gold_gain":0,"player_choice":"0 cards matched","damage_taken":0,"max_hp_gain":0,"max_hp_loss":0,"event_name":"Match and Keep!","floor":30,"gold_loss":0,"cards_obtained":[]},{"damage_healed":0,"gold_gain":0,"player_choice":"Memory 1","damage_taken":0,"max_hp_gain":0,"max_hp_loss":0,"event_name":"SensoryStone","floor":41,"gold_loss":0},{"damage_healed":0,"gold_gain":0,"player_choice":"Paid","damage_taken":0,"relics_obtained":["Red Mask"],"max_hp_gain":0,"max_hp_loss":0,"event_name":"Tomb of Lord Red Mask","floor":49,"gold_loss":80},{"damage_healed":0,"gold_gain":0,"player_choice":"Max HP","damage_taken":0,"max_hp_gain":0,"max_hp_loss":6,"event_name":"Winding Halls","floor":51,"gold_loss":0}],"is_beta":false,"boss_relics":[{"not_picked":["Fusion Hammer","hubris:GrandSneckoEye"],"picked":"Replay:Bronze Core"},{"not_picked":["Astrolabe","Cursed Key"],"picked":"Empty Cage"}],"items_purged_floors":[7,44],"is_endless":false,"potions_floor_spawned":[1,9,13,20,23,24,31,32,38,39,42,50],"ascension_level":0}}