{"host":"vyjryxuuuxkt43k4","time":1611141694,"event":{"mods":["AchievementEnabler","BaseMod","Colored Map","DeckTracker","Keyboard Shortcuts","Minty Spire (QoL Compilation)","Permanent Neow","Quick Restart","Rare Cards Sparkle","StSLib","SuperFastMode","everything is the same but u backflip on backflip"],"gold_per_floor":[156,194,231,231,271,380,55,55,132,132,132,171,241,305,305,305,305],"floor_reached":16,"language":"KOR","playtime":538,"items_purged":["Strike_R"],"score":182,"play_id":"aa37650d-cbe3-49e7-bb1a-9afc59c0a882","local_time":"20210120202134","is_ascension_mode":true,"campfire_choices":[{"data":"Searing Blow","floor":11,"key":"SMITH"},{"data":"Searing Blow+1","floor":15,"key":"SMITH"}],"circlet_count":0,"master_deck":["AscendersBane","Strike_R","Strike_R","Strike_R","Strike_R","Defend_R","Defend_R","Defend_R","Defend_R","Bash","HandOfGreed+1","Ghostly Armor","Flame Barrier","Cleave","Searing Blow+2"],"relics":["Burning Blood","Charon\u0027s Ashes","Mummified Hand","Bag of Preparation","Pear"],"acts_visited":["Exordium"],"potions_floor_usage":[6,13,13,16],"damage_taken":[{"damage":9,"enemies":"Small Slimes","floor":1,"turns":4},{"damage":0,"enemies":"Cultist","floor":2,"turns":4},{"damage":2,"enemies":"Jaw Worm","floor":3,"turns":2},{"damage":11,"enemies":"2 Fungi Beasts","floor":5,"turns":3},{"damage":26,"enemies":"3 Sentries","floor":6,"turns":8},{"damage":7,"enemies":"Exordium Thugs","floor":12,"turns":4},{"damage":6,"enemies":"Gremlin Gang","floor":13,"turns":4},{"damage":4,"enemies":"Large Slime","floor":14,"turns":6},{"damage":36,"enemies":"The Guardian","floor":16,"turns":2}],"seed_played":"-6806250723982944706","potions_obtained":[{"floor":1,"key":"Fire Potion"},{"floor":6,"key":"ColorlessPotion"},{"floor":12,"key":"Block Potion"},{"floor":14,"key":"BlessingOfTheForge"}],"is_trial":false,"path_per_floor":["M","M","M","?","M","E","$","?","T","?","R","M","M","M","R","B"],"character_chosen":"IRONCLAD","items_purchased":["Mummified Hand"],"campfire_rested":0,"item_purchase_floors":[7],"current_hp_per_floor":[65,68,68,68,63,43,43,25,35,35,35,34,34,36,36,0,0],"gold":305,"neow_bonus":"RANDOM_COLORLESS_2","is_daily":false,"chose_seed":false,"campfire_upgraded":2,"win_rate":0.0,"timestamp":1611141694,"path_taken":["M","M","M","?","?","E","$","?","T","?","R","M","M","M","R","BOSS"],"items_purchased_type":["Relic"],"build_version":"2020-12-22","purchased_purges":1,"victory":false,"max_hp_per_floor":[68,68,68,68,68,68,68,68,78,78,78,78,78,78,78,78,78],"card_choices":[{"not_picked":["Panache","Master of Strategy"],"picked":"HandOfGreed","floor":0},{"not_picked":["Seeing Red","Sword Boomerang"],"picked":"Ghostly Armor","floor":1},{"not_picked":["Cleave","Flex"],"picked":"Flame Barrier","floor":2},{"not_picked":["Thunderclap","Rage","Hemokinesis"],"picked":"SKIP","floor":3},{"not_picked":["Evolve","Twin Strike"],"picked":"Cleave","floor":5},{"not_picked":["Pummel","Iron Wave"],"picked":"Searing Blow","floor":6},{"not_picked":["Sword Boomerang","Sever Soul","Second Wind"],"picked":"SKIP","floor":12},{"not_picked":["Havoc","Headbutt","Shockwave"],"picked":"SKIP","floor":13},{"not_picked":["Shockwave","Anger","Rage"],"picked":"SKIP","floor":14}],"player_experience":161889,"relics_obtained":[{"floor":6,"key":"Charon\u0027s Ashes"},{"floor":9,"key":"Pear"}],"event_choices":[{"damage_healed":0,"gold_gain":0,"player_choice":"Upgraded","damage_taken":0,"max_hp_gain":0,"max_hp_loss":0,"event_name":"Upgrade Shrine","floor":4,"gold_loss":0,"cards_upgraded":["HandOfGreed"]},{"damage_healed":0,"gold_gain":0,"player_choice":"Success","damage_taken":18,"relics_obtained":["Bag of Preparation"],"max_hp_gain":0,"max_hp_loss":0,"event_name":"Scrap Ooze","floor":8,"gold_loss":0},{"damage_healed":0,"gold_gain":0,"player_choice":"Ignored","damage_taken":0,"max_hp_gain":0,"max_hp_loss":0,"event_name":"Liars Game","floor":10,"gold_loss":0}],"is_beta":false,"boss_relics":[],"items_purged_floors":[7],"is_endless":false,"potions_floor_spawned":[1,6,12,14],"killed_by":"The Guardian","ascension_level":15}}