{"host":"9v3x998ddbx8o276","time":1611142921,"event":{"mods":["AchievementEnabler","BaseMod","Colored Map","Colored Powertips","Highlight Path","Minty Spire (QoL Compilation)","Quick Restart","Rare Cards Sparkle"],"gold_per_floor":[111,121,121,121,135,135,161,161,161,191,266,280,22,38,38,114,114,93,110,2,12,12,22,22,36,87,10,10,10,10,20,20,20,20],"floor_reached":33,"language":"ENG","playtime":1298,"items_purged":[],"score":514,"play_id":"83dbe1b6-ac50-4974-98e5-2179a4fdfafe","local_time":"20210120221201","is_ascension_mode":true,"campfire_choices":[{"data":"Blade Dance","floor":6.0,"key":"SMITH"},{"data":"Wraith Form v2","floor":8.0,"key":"SMITH"},{"floor":15.0,"key":"REST"},{"floor":24,"key":"REST"},{"floor":29,"key":"REST"},{"floor":32,"key":"REST"}],"circlet_count":0,"master_deck":["AscendersBane","Strike_G+1","Strike_G","Strike_G","Strike_G","Strike_G","Defend_G","Defend_G","Defend_G","Defend_G","Defend_G","Survivor","Neutralize+1","Blade Dance+1","Blade Dance","Wraith Form v2+1","Choke","Bouncing Flask","Footwork","PiercingWail","Night Terror","Finisher+1","Cloak And Dagger","Discovery","Slice+1","Accuracy+1","Backflip","Corpse Explosion","Decay","Acrobatics+1"],"relics":["Ring of the Snake","Ice Cream","Singing Bowl","Molten Egg 2","Whetstone","Toolbox","WristBlade","Orichalcum","Sundial"],"acts_visited":["Exordium","TheCity"],"potions_floor_usage":[16,21,23,23,33],"damage_taken":[{"damage":0.0,"enemies":"2 Louse","floor":1.0,"turns":5.0},{"damage":2.0,"enemies":"Jaw Worm","floor":2.0,"turns":4.0},{"damage":1.0,"enemies":"Cultist","floor":5.0,"turns":3.0},{"damage":22.0,"enemies":"3 Sentries","floor":7.0,"turns":8.0},{"damage":2.0,"enemies":"Gremlin Nob","floor":10.0,"turns":4.0},{"damage":25.0,"enemies":"Gremlin Gang","floor":12.0,"turns":7.0},{"damage":2.0,"enemies":"2 Fungi Beasts","floor":14.0,"turns":3.0},{"damage":1,"enemies":"Slime Boss","floor":16,"turns":6},{"damage":6,"enemies":"2 Thieves","floor":18,"turns":4},{"damage":36,"enemies":"3 Byrds","floor":19,"turns":8},{"damage":14,"enemies":"Snake Plant","floor":21,"turns":3},{"damage":5,"enemies":"Centurion and Healer","floor":23,"turns":7},{"damage":10,"enemies":"Snecko","floor":25,"turns":3},{"damage":20,"enemies":"Snake Plant","floor":31,"turns":4},{"damage":44,"enemies":"Collector","floor":33,"turns":9}],"seed_played":"8838507910051401843","potions_obtained":[{"floor":1.0,"key":"CunningPotion"},{"floor":7.0,"key":"Explosive Potion"},{"floor":14.0,"key":"ColorlessPotion"},{"floor":16,"key":"BlessingOfTheForge"},{"floor":18,"key":"SpeedPotion"},{"floor":22,"key":"Regen Potion"},{"floor":22,"key":"ColorlessPotion"},{"floor":23,"key":"Block Potion"},{"floor":31,"key":"Fire Potion"}],"is_trial":false,"path_per_floor":["M","M","?","?","M","R","E","R","T","E","?","M","$","M","R","B",null,"M","M","$","M","?","M","R","M","T","$","?","R","?","M","R","B"],"character_chosen":"THE_SILENT","items_purchased":["Toolbox","Footwork","PowerPotion","Discovery","Corpse Explosion"],"campfire_rested":4,"item_purchase_floors":[13,13,13,20,27],"current_hp_per_floor":[59,57,62,62,61,61,39,39,39,37,26,3,3,1,22,21,60,54,18,18,4,4,14,35,25,25,25,25,46,46,26,47,3,3],"gold":20,"neow_bonus":"ONE_RARE_RELIC","is_daily":false,"chose_seed":false,"campfire_upgraded":2,"win_rate":0.0,"timestamp":1611142921,"path_taken":["M","M","?","?","M","R","E","R","T","E","?","M","$","?","R","BOSS","M","?","$","?","?","M","R","M","T","?","?","R","?","M","R","BOSS"],"items_purchased_type":["Relic","Card","Potion","Card","Card"],"build_version":"2020-12-22","purchased_purges":0,"victory":false,"max_hp_per_floor":[66,66,71,71,71,71,71,71,71,71,71,73,73,73,73,73,73,73,73,73,73,73,73,73,73,73,73,73,73,73,73,73,73,73],"card_choices":[{"not_picked":["Slice","Leg Sweep"],"picked":"Blade Dance","floor":1.0},{"not_picked":["Sucker Punch","Prepared"],"picked":"Blade Dance","floor":2.0},{"not_picked":["Well Laid Plans","Dagger Throw"],"picked":"Wraith Form v2","floor":5.0},{"not_picked":["Eviscerate","Distraction"],"picked":"Choke","floor":7.0},{"not_picked":["Poisoned Stab+1","Bane+1"],"picked":"Bouncing Flask","floor":10.0},{"not_picked":["Dodge and Roll","Deadly Poison","PiercingWail"],"picked":"Singing Bowl","floor":12.0},{"not_picked":["Dodge and Roll","Caltrops"],"picked":"PiercingWail","floor":14.0},{"not_picked":["A Thousand Cuts","Glass Knife+1"],"picked":"Night Terror","floor":16},{"not_picked":["Eviscerate+1","Cloak And Dagger"],"picked":"Finisher+1","floor":18},{"not_picked":["Setup","Flying Knee+1"],"picked":"Cloak And Dagger","floor":19},{"not_picked":["Dagger Throw+1","Setup"],"picked":"Slice+1","floor":21},{"not_picked":["Poisoned Stab+1","Deflect"],"picked":"Accuracy+1","floor":23},{"not_picked":["Outmaneuver","Deflect"],"picked":"Backflip","floor":25},{"not_picked":["Quick Slash+1","Flechettes+1"],"picked":"Acrobatics+1","floor":31}],"player_experience":1677012,"relics_obtained":[{"floor":7.0,"key":"Singing Bowl"},{"floor":9.0,"key":"Molten Egg 2"},{"floor":10.0,"key":"Whetstone"},{"floor":26,"key":"Orichalcum"}],"event_choices":[{"damage_healed":0.0,"max_hp_gain":5.0,"max_hp_loss":0.0,"gold_gain":0.0,"event_name":"Big Fish","player_choice":"Donut","floor":3.0,"gold_loss":0.0,"damage_taken":0.0},{"cards_removed":["Decay"],"damage_healed":0.0,"max_hp_gain":0.0,"max_hp_loss":0.0,"gold_gain":0.0,"event_name":"Living Wall","player_choice":"Forget","floor":4.0,"gold_loss":0.0,"damage_taken":0.0},{"damage_healed":0.0,"max_hp_gain":0.0,"max_hp_loss":0.0,"gold_gain":75.0,"event_name":"World of Goop","player_choice":"Gather Gold","floor":11.0,"gold_loss":0.0,"damage_taken":11.0},{"damage_healed":0,"gold_gain":0,"player_choice":"Got Potions","damage_taken":0,"max_hp_gain":0,"max_hp_loss":0,"event_name":"Lab","floor":22,"gold_loss":0},{"damage_healed":0,"gold_gain":0,"player_choice":"Smashed Altar","damage_taken":0,"max_hp_gain":0,"max_hp_loss":0,"event_name":"Forgotten Altar","floor":28,"gold_loss":0,"cards_obtained":["Decay"]},{"damage_healed":0,"gold_gain":0,"player_choice":"Gave Potion","damage_taken":0,"relics_obtained":["Sundial"],"max_hp_gain":0,"max_hp_loss":0,"event_name":"WeMeetAgain","floor":30,"gold_loss":0}],"is_beta":false,"boss_relics":[{"not_picked":["SacredBark","Busted Crown"],"picked":"WristBlade"}],"items_purged_floors":[],"is_endless":false,"potions_floor_spawned":[1,7,14,16,18,23,31],"killed_by":"Collector","ascension_level":20}}