{"host":"qswkx8hggytna0kc","time":1611138168,"event":{"mods":["Aspiration","BaseMod","BetterRewards","Colored Map","Colored Powertips","Highlight Path","Hubris","Mimic Mod","Minty Spire (QoL Compilation)","MostiFishMod","Quick Restart","Replay The Spire","StSLib","SuperFastMode"],"gold_per_floor":[114,134,152,163,182,207,224,254,254,264,264,297,297,297,297,398,398,416,431,448,468,468,500,500,533,533,533,562,581,581,581,581,679,679,694,694,694,694,733,758,758,790,830,830,840,885,895,895,895,895,895,895,820,850,850],"floor_reached":56,"language":"ZHS","playtime":1561,"items_purged":["Strike_P"],"score":1778,"play_id":"f4f5abb6-7b9f-41f4-aed1-447325c0a5a5","local_time":"20210120182248","is_ascension_mode":true,"campfire_choices":[{"floor":11.0,"key":"REST"},{"floor":13.0,"key":"REST"},{"data":"Alpha","floor":15.0,"key":"SMITH"},{"data":"MostiFishMod:StarOceanP","floor":24,"key":"SMITH"},{"floor":27,"key":"RECALL"},{"data":"MostiFishMod:SephirahHod","floor":32,"key":"SMITH"},{"floor":41,"key":"REST"},{"data":"Alpha","floor":44,"key":"SMITH"},{"data":"Alpha","floor":52,"key":"SMITH"}],"circlet_count":0,"master_deck":["Strike_P+1","Defend_P","Defend_P","Defend_P","Eruption+1","Vigilance","MostiFishMod:SephirahHod+1","MostiFishMod:LegendTransform","Consecrate","Consecrate","Devotion","FearNoEvil","Alpha+1","Protect","Evaluate","Evaluate","MostiFishMod:Moonprays","MostiFishMod:DisColor","TalkToTheHand+1","MostiFishMod:StarOceanP+1","FollowUp","Worship","Alpha+1","Prostrate+1","Madness","Madness","Evaluate+1","Alpha+1","MostiFishMod:Clarity","Study","Prostrate+1"],"relics":["PureWater","DaveBox","Whetstone","MostiFishMod:Hod","SynthV:TestCard","Calipers","Replay:Bottled Steam","Sundial","Akabeko","aspiration:BabyByrd","FeatherPendant","hubris:DeckOfHolding","Blue Candle","Mercury Hourglass","MutagenicStrength","Empty Cage","CombinedTypeHook","Mirror","Omamori","StoneCalendar","Pondfish Scales","Bag of Marbles","ReplayFunnel"],"acts_visited":["Exordium","TheCity","TheBeyond","TheEnding"],"potions_floor_usage":[55,55,55],"damage_taken":[{"damage":0.0,"enemies":"Cultist","floor":1.0,"turns":1.0},{"damage":0.0,"enemies":"Small Slimes","floor":2.0,"turns":3.0},{"damage":0.0,"enemies":"2 Louse","floor":3.0,"turns":1.0},{"damage":0.0,"enemies":"Blue Slaver","floor":4.0,"turns":2.0},{"damage":4.0,"enemies":"Looter","floor":5.0,"turns":2.0},{"damage":20.0,"enemies":"Replay:BlueRogue","floor":6.0,"turns":4.0},{"damage":12.0,"enemies":"Large Slime","floor":7.0,"turns":2.0},{"damage":12.0,"enemies":"Gremlin Nob","floor":8.0,"turns":1.0},{"damage":2.0,"enemies":"Blue Slaver","floor":10.0,"turns":4.0},{"damage":0.0,"enemies":"Lagavulin","floor":12.0,"turns":4.0},{"damage":0.0,"enemies":"Slime Boss","floor":16.0,"turns":4.0},{"damage":0.0,"enemies":"3 Byrds","floor":18.0,"turns":3.0},{"damage":0.0,"enemies":"Spheric Guardian","floor":19.0,"turns":3.0},{"damage":0.0,"enemies":"3 Cultists","floor":20.0,"turns":3.0},{"damage":8,"enemies":"Centurion and Healer","floor":21,"turns":3},{"damage":0,"enemies":"Book of Stabbing","floor":23,"turns":2},{"damage":0,"enemies":"Slavers","floor":25,"turns":4},{"damage":0,"enemies":"Gremlin Leader","floor":28,"turns":3},{"damage":1,"enemies":"Sentry and Sphere","floor":29,"turns":5},{"damage":2,"enemies":"Champ","floor":33,"turns":4},{"damage":0,"enemies":"3 Darklings","floor":35,"turns":2},{"damage":5,"enemies":"3 Shapes","floor":39,"turns":4},{"damage":0,"enemies":"Reptomancer","floor":40,"turns":2},{"damage":0,"enemies":"Giant Head","floor":42,"turns":4},{"damage":0,"enemies":"3 Shapes","floor":43,"turns":3},{"damage":0,"enemies":"3 Shapes","floor":45,"turns":2},{"damage":22,"enemies":"2 Orb Walkers","floor":46,"turns":2},{"damage":11,"enemies":"Transient","floor":47,"turns":5},{"damage":0,"enemies":"hubris:GrandSnecko","floor":50,"turns":6},{"damage":68,"enemies":"Shield and Spear","floor":54,"turns":6},{"damage":5,"enemies":"The Heart","floor":55,"turns":6}],"seed_played":"-626587340576100","potions_obtained":[{"floor":2.0,"key":"Milkshake"},{"floor":3.0,"key":"Dexterity Potion"},{"floor":5.0,"key":"Death Potion"},{"floor":10.0,"key":"Milkshake"}],"is_trial":false,"path_per_floor":["M","M","M","M","M","E","M","E","T","M","R","E","R","?","R","B",null,"M","M","M","M","?","E","R","E","T","R","E","M","?","?","R","B",null,"M","?","?","?","MIM","E","R","E","MIM","R","M","?","M","T","R_BF","B",null,"R","$","E","B",null],"character_chosen":"WATCHER","items_purchased":[],"campfire_rested":3,"item_purchase_floors":[],"current_hp_per_floor":[72,72,72,72,68,48,36,24,24,22,43,43,64,64,64,64,72,72,72,72,64,64,64,64,64,64,64,64,63,63,63,63,61,72,72,72,63,63,58,58,72,72,72,72,72,50,48,48,69,69,72,72,72,16,11],"gold":850,"neow_bonus":"RANDOM_COMMON_RELIC","is_daily":false,"chose_seed":false,"campfire_upgraded":5,"win_rate":0.0,"timestamp":1611138168,"path_taken":["M","M","M","M","M","E","M","E","T","M","R","E","R","?","R","BOSS","M","M","M","M","?","E","R","E","T","R","E","M","?","?","R","BOSS","M","?","?","?","?","E","R","E","MIM","R","M","?","?","?","R_BF","BOSS","R","$","E","BOSS"],"items_purchased_type":[],"build_version":"2020-12-22","purchased_purges":1,"victory":true,"max_hp_per_floor":[72,72,72,72,72,72,72,72,72,72,72,72,72,72,72,72,72,72,72,72,72,72,72,72,72,72,72,72,72,72,72,72,72,72,72,72,72,72,72,72,72,72,72,72,72,72,72,72,72,72,72,72,72,72,72],"card_choices":[{"not_picked":["EmptyFist","FlyingSleeves","MostiFishMod:Clarity"],"picked":"SKIP","floor":1.0},{"not_picked":["Consecrate","Replay:BluntJabs","Evaluate","EmptyBody"],"picked":"MostiFishMod:LegendTransform","floor":2.0},{"not_picked":["Evaluate","EmptyBody","Protect","ClearTheMind"],"picked":"Consecrate","floor":3.0},{"not_picked":["Swivel","ThirdEye","FlurryOfBlows","SashWhip"],"picked":"Consecrate","floor":4.0},{"not_picked":["Replay:Vibes","JustLucky","WindmillStrike","Swivel"],"picked":"Devotion","floor":5.0},{"not_picked":["CutThroughFate","CarveReality","SashWhip","Halt"],"picked":"FearNoEvil","floor":6.0},{"not_picked":["FlyingSleeves","FollowUp","PathToVictory","EmptyMind"],"picked":"Alpha","floor":7.0},{"not_picked":["BowlingBash","JustLucky","PathToVictory","SandsOfTime"],"picked":"Protect","floor":8.0},{"not_picked":["EmptyFist","ThirdEye","Replay:AtTheReady","Weave"],"picked":"Evaluate","floor":10.0},{"not_picked":["Weave","MentalFortress","FlurryOfBlows","Replay:DivineShield"],"picked":"Evaluate","floor":12.0},{"not_picked":["Replay:LoomingThreat","MostiFishMod:Adaptation","MostiFishMod:CyberBuddha","ConjureBlade"],"picked":"MostiFishMod:Moonprays","floor":16.0},{"not_picked":["JustLucky","Halt+1","CutThroughFate","DeceiveReality","MentalFortress"],"picked":"SKIP","floor":18.0},{"not_picked":["LikeWater+1","ForeignInfluence","Consecrate","Nirvana"],"picked":"MostiFishMod:DisColor","floor":19.0},{"not_picked":["FlyingSleeves","Study","ThirdEye","PathToVictory+1"],"picked":"TalkToTheHand+1","floor":20},{"not_picked":["Sanctity","ThirdEye+1","Replay:BluntJabs+1","FlyingSleeves"],"picked":"MostiFishMod:StarOceanP","floor":21},{"not_picked":["MostiFishMod:Speedup","Replay:AtTheReady","Adaptation+1","Replay:Battleflow+1"],"picked":"FollowUp","floor":23},{"not_picked":["Replay:Vibes+1","MostiFishMod:Adaptation","Prostrate","Crescendo+1","Meditate+1"],"picked":"SKIP","floor":25},{"not_picked":["Replay:BluntJabs","ThirdEye","Prostrate","EmptyFist+1"],"picked":"Worship","floor":28},{"not_picked":["EmptyBody","WindmillStrike","JustLucky","ThirdEye+1","CrushJoints"],"picked":"SKIP","floor":29},{"not_picked":["Brilliance","MostiFishMod:StarHerder","MostiFishMod:ScryFuture","MostiFishMod:CyberBuddha"],"picked":"Alpha","floor":33},{"not_picked":["Conclude","MostiFishMod:Clarity+1","JustLucky+1","WaveOfTheHand"],"picked":"Prostrate","floor":35},{"not_picked":["WreathOfFlame","EmptyFist","Adaptation","Vengeance"],"picked":"Evaluate+1","floor":39},{"not_picked":["MostiFishMod:PathToVictory","EmptyBody","Replay:BluntJabs","ClearTheMind+1"],"picked":"Alpha","floor":40},{"not_picked":["Blasphemy","PathToVictory+1","Replay:ManipulateFuture","MostiFishMod:Adaptation","MostiFishMod:LegendTransform"],"picked":"SKIP","floor":42},{"not_picked":["EmptyBody+1","Prostrate","EmptyFist+1","JustLucky"],"picked":"MostiFishMod:Clarity","floor":43},{"not_picked":["FlyingSleeves+1","FlurryOfBlows","ThirdEye+1","Replay:BluntJabs+1"],"picked":"Study","floor":45},{"not_picked":["SashWhip","Replay:DivineShield","Devotion","BowlingBash+1","Halt"],"picked":"SKIP","floor":47},{"not_picked":["ReachHeaven","ClearTheMind+1","Ragnarok","Tantrum"],"picked":"Prostrate+1","floor":54}],"player_experience":353619,"relics_obtained":[{"floor":1.0,"key":"SynthV:TestCard"},{"floor":6.0,"key":"Calipers"},{"floor":8.0,"key":"Replay:Bottled Steam"},{"floor":9.0,"key":"Sundial"},{"floor":12.0,"key":"Akabeko"},{"floor":23,"key":"hubris:DeckOfHolding"},{"floor":25,"key":"Blue Candle"},{"floor":28,"key":"Mercury Hourglass"},{"floor":39,"key":"CombinedTypeHook"},{"floor":40,"key":"Mirror"},{"floor":42,"key":"Omamori"},{"floor":43,"key":"StoneCalendar"},{"floor":46,"key":"Pondfish Scales"},{"floor":48,"key":"Bag of Marbles"},{"floor":54,"key":"ReplayFunnel"}],"event_choices":[{"damage_healed":0,"gold_gain":0,"player_choice":"Ignored","damage_taken":0,"max_hp_gain":0,"max_hp_loss":0,"event_name":"Cursed Tome","floor":22,"gold_loss":0},{"damage_healed":0,"gold_gain":0,"player_choice":"Inject Mutagens","damage_taken":0,"relics_obtained":["MutagenicStrength"],"max_hp_gain":0,"max_hp_loss":0,"event_name":"Drug Dealer","floor":31,"gold_loss":0},{"damage_healed":0,"gold_gain":0,"player_choice":"Embrace Madness","damage_taken":9,"max_hp_gain":0,"max_hp_loss":0,"event_name":"Winding Halls","floor":37,"gold_loss":0,"cards_obtained":["Madness","Madness"]},{"cards_removed":["Defend_P"],"damage_healed":0,"gold_gain":0,"player_choice":"Removed Skill","damage_taken":0,"max_hp_gain":0,"max_hp_loss":0,"event_name":"Falling","floor":38,"gold_loss":0},{"damage_healed":0,"gold_gain":0,"player_choice":"Fight","damage_taken":0,"max_hp_gain":0,"max_hp_loss":0,"event_name":"Mysterious Sphere","floor":46,"gold_loss":0}],"is_beta":false,"boss_relics":[{"not_picked":["Coffee Dripper","VioletLotus"],"picked":"FeatherPendant"},{"not_picked":["Snecko Eye","Pandora\u0027s Box"],"picked":"Empty Cage"}],"items_purged_floors":[53],"is_endless":false,"potions_floor_spawned":[2,3,5,7,10,18,23,25,29,42,45,46,47],"ascension_level":3}}