{"host":"l5xpox9cbdko122s","time":1611153704,"event":{"mods":["AchievementEnabler","BaseMod","Better Skull","Colored Map","Colored Powertips","Displayed Cursed Tome","Hermit","Highlight Path","Minty Spire (QoL Compilation)","Quick Restart","Shop Mod","StSLib"],"gold_per_floor":[163,163,179,179,30,30,55,91,116,141,141,164,187,112,112,243,243,264,189,204,204,204,224,224,249,317,317,317,337,337,337,337,466,466,489,489,552,284,305,305,324,324,348,369,404,169,189,203,203,203,203],"floor_reached":50,"language":"ENG","playtime":3198,"items_purged":["Injury","hermit:Quickdraw"],"score":549,"play_id":"be22637d-9d08-4590-b397-ea66f128a2df","local_time":"20210120094144","is_ascension_mode":false,"campfire_choices":[{"floor":6,"key":"RECALL"},{"data":"hermit:Maintenance","floor":11,"key":"SMITH"},{"floor":15,"key":"REST"},{"floor":24,"key":"REST"},{"data":"hermit:Snapshot","floor":28,"key":"SMITH"},{"data":"hermit:GoldenBullet","floor":30,"key":"SMITH"},{"floor":32,"key":"REST"},{"floor":40,"key":"REST"},{"floor":42,"key":"REST"},{"floor":49,"key":"REST"}],"circlet_count":0,"master_deck":["hermit:Strike_Hermit+1","hermit:Strike_Hermit+1","hermit:Strike_Hermit+1","hermit:Strike_Hermit+1","hermit:Defend_Hermit+1","hermit:Defend_Hermit+1","hermit:Defend_Hermit+1","hermit:Defend_Hermit+1","hermit:Snapshot+1","hermit:GoldenBullet+1","hermit:Maintenance+1","hermit:Showdown+1","Parasite"],"relics":["Golden Idol","MerchantsRug","Blood Vial","hermit:DentedPlate","SlaversCollar","Membership Card","MealTicket","StrikeDummy","Art of War","hermit:RedScarf","Sling","Torii"],"acts_visited":["Exordium","TheCity","TheBeyond"],"potions_floor_usage":[3,7,8,16,18,23,23,33,45,48],"damage_taken":[{"damage":0,"enemies":"Cultist","floor":1,"turns":3},{"damage":0,"enemies":"Small Slimes","floor":3,"turns":2},{"damage":6,"enemies":"Jaw Worm","floor":7,"turns":4},{"damage":18,"enemies":"Gremlin Nob","floor":8,"turns":3},{"damage":7,"enemies":"Looter","floor":10,"turns":4},{"damage":10,"enemies":"2 Fungi Beasts","floor":12,"turns":3},{"damage":16,"enemies":"Exordium Wildlife","floor":13,"turns":3},{"damage":6,"enemies":"Slime Boss","floor":16,"turns":11},{"damage":20,"enemies":"3 Byrds","floor":18,"turns":6},{"damage":0,"enemies":"Chosen","floor":20,"turns":4},{"damage":9,"enemies":"Shelled Parasite and Fungi","floor":23,"turns":7},{"damage":8,"enemies":"Centurion and Healer","floor":25,"turns":8},{"damage":14,"enemies":"Snake Plant","floor":29,"turns":4},{"damage":91,"enemies":"Automaton","floor":33,"turns":13},{"damage":7,"enemies":"3 Shapes","floor":35,"turns":6},{"damage":0,"enemies":"Mind Bloom Boss Battle","floor":37,"turns":9},{"damage":7,"enemies":"Orb Walker","floor":39,"turns":4},{"damage":14,"enemies":"3 Darklings","floor":41,"turns":8},{"damage":9,"enemies":"4 Shapes","floor":44,"turns":9},{"damage":5,"enemies":"Reptomancer","floor":45,"turns":8},{"damage":8,"enemies":"Writhing Mass","floor":47,"turns":6},{"damage":51,"enemies":"Maw","floor":48,"turns":10},{"damage":52,"enemies":"Awakened One","floor":50,"turns":9}],"seed_played":"200246272987183496","potions_obtained":[{"floor":0,"key":"hermit:Eclipse"},{"floor":1,"key":"Fire Potion"},{"floor":3,"key":"Weak Potion"},{"floor":10,"key":"Dexterity Potion"},{"floor":16,"key":"Explosive Potion"},{"floor":18,"key":"ColorlessPotion"},{"floor":20,"key":"SkillPotion"},{"floor":29,"key":"EssenceOfSteel"},{"floor":44,"key":"Block Potion"},{"floor":45,"key":"Energy Potion"}],"is_trial":false,"path_per_floor":["M","?","M","?","$","R","M","E","T","M","R","M","M","$","R","B",null,"M","?","M","?","?","M","R","M","T","?","R","M","R","?","R","B",null,"M","?","?","$","M","R","M","R","T","M","E","$","M","M","R","B"],"character_chosen":"HERMIT","items_purchased":["MerchantsRug","hermit:GoldenBullet","Membership Card","MealTicket","StrikeDummy","Sling","Torii"],"campfire_rested":6,"item_purchase_floors":[5,5,38,38,38,46,46],"current_hp_per_floor":[80,80,80,80,80,80,74,56,56,51,51,43,29,29,53,49,81,63,63,65,102,102,95,112,104,104,104,104,92,92,92,112,21,21,16,16,18,18,13,46,34,67,67,60,57,72,66,17,50,0,0],"gold":203,"neow_bonus":"BOSS_RELIC","is_daily":false,"chose_seed":false,"campfire_upgraded":3,"win_rate":0.0,"timestamp":1611153704,"path_taken":["M","?","M","?","$","R","?","E","T","M","R","M","?","?","R","BOSS","M","?","M","?","?","M","R","M","T","?","R","M","R","?","R","BOSS","M","?","?","$","?","R","M","R","T","M","E","$","M","M","R","BOSS"],"items_purchased_type":["Relic","Card","Relic","Relic","Relic","Relic","Relic"],"build_version":"2020-12-22","purchased_purges":2,"victory":false,"max_hp_per_floor":[80,80,80,80,80,80,80,80,80,80,80,80,80,80,80,80,112,112,112,112,112,112,112,112,112,112,112,112,112,112,112,112,112,112,112,112,112,112,112,112,112,112,112,112,112,112,112,112,112,112,112],"card_choices":[{"not_picked":["hermit:Misfire","hermit:Spite"],"picked":"hermit:FlashPowder","floor":0},{"not_picked":["hermit:Ricochet","hermit:ShadowCloak","hermit:Glare"],"picked":"SKIP","floor":1},{"not_picked":["hermit:CalledShot","hermit:Roulette","hermit:Desperado"],"picked":"SKIP","floor":3},{"not_picked":["hermit:WideOpen","hermit:Quickdraw"],"picked":"hermit:Maintenance","floor":7},{"not_picked":["hermit:Spite","hermit:CursedWeapon","hermit:Gambit"],"picked":"SKIP","floor":8},{"not_picked":["hermit:Coalescence","hermit:Roulette","hermit:Cheat"],"picked":"SKIP","floor":10},{"not_picked":["hermit:Coalescence","hermit:TrackingShot"],"picked":"hermit:Quickdraw","floor":12},{"not_picked":["hermit:WideOpen","hermit:GhostlyPresence","hermit:FromBeyond"],"picked":"SKIP","floor":13},{"not_picked":["hermit:CalledShot+1","hermit:Feint+1","hermit:LowProfile"],"picked":"SKIP","floor":18},{"not_picked":["hermit:LoneWolf+1","hermit:Manifest","hermit:Malice"],"picked":"SKIP","floor":20},{"not_picked":["hermit:LowProfile","hermit:GhostlyPresence+1","hermit:Misfire"],"picked":"SKIP","floor":23},{"not_picked":["hermit:Ricochet+1","hermit:ItchyTrigger","hermit:Brawl"],"picked":"SKIP","floor":25},{"not_picked":["hermit:HeroicBravado","hermit:Dive+1","hermit:Ricochet+1","hermit:BodyArmor"],"picked":"SKIP","floor":29},{"not_picked":["hermit:HoleUp","hermit:LowProfile+1","hermit:BigShot","hermit:ItchyTrigger"],"picked":"SKIP","floor":35},{"not_picked":["hermit:TrackingShot","hermit:LowProfile+1","hermit:CursedWeapon"],"picked":"SKIP","floor":39},{"not_picked":["hermit:EyeOfTheStorm+1","hermit:Manifest","hermit:Horror"],"picked":"SKIP","floor":41},{"not_picked":["hermit:Feint","hermit:Snipe","hermit:Adapt"],"picked":"SKIP","floor":44},{"not_picked":["hermit:FullyLoaded","hermit:GhostlyPresence"],"picked":"hermit:Showdown+1","floor":45},{"not_picked":["hermit:LowProfile","hermit:Desperado","hermit:BodyArmor+1"],"picked":"SKIP","floor":47},{"not_picked":["hermit:GhostlyPresence+1","hermit:Combo","hermit:Headshot"],"picked":"SKIP","floor":48}],"player_experience":149698,"relics_obtained":[{"floor":8,"key":"Blood Vial"},{"floor":26,"key":"Question Card"},{"floor":37,"key":"Gambling Chip"},{"floor":43,"key":"Art of War"},{"floor":45,"key":"hermit:RedScarf"}],"event_choices":[{"damage_healed":0,"gold_gain":0,"player_choice":"Take Wound","damage_taken":0,"relics_obtained":["Golden Idol"],"max_hp_gain":0,"max_hp_loss":0,"event_name":"Golden Idol","floor":2,"gold_loss":0,"cards_obtained":["Injury"]},{"cards_removed":["hermit:FlashPowder"],"damage_healed":0,"gold_gain":0,"player_choice":"Gave Card","damage_taken":0,"relics_obtained":["Bag of Preparation"],"max_hp_gain":0,"max_hp_loss":0,"event_name":"WeMeetAgain","floor":4,"gold_loss":0},{"cards_removed":["hermit:Covet"],"damage_healed":0,"gold_gain":0,"player_choice":"Gave Gold","damage_taken":0,"max_hp_gain":0,"max_hp_loss":0,"event_name":"Beggar","floor":19,"gold_loss":75},{"damage_healed":37,"gold_gain":0,"player_choice":"Heal","damage_taken":0,"max_hp_gain":0,"max_hp_loss":0,"event_name":"The Library","floor":21,"gold_loss":0},{"damage_healed":0,"gold_gain":0,"player_choice":"Ignored","damage_taken":0,"max_hp_gain":0,"max_hp_loss":0,"event_name":"Ghosts","floor":22,"gold_loss":0},{"damage_healed":0,"gold_gain":0,"player_choice":"Simplicity","damage_taken":0,"max_hp_gain":0,"max_hp_loss":0,"event_name":"Back to Basics","floor":27,"gold_loss":0,"cards_upgraded":["hermit:Strike_Hermit","hermit:Strike_Hermit","hermit:Strike_Hermit","hermit:Defend_Hermit","hermit:Defend_Hermit","hermit:Defend_Hermit","hermit:Defend_Hermit"]},{"damage_healed":0,"gold_gain":0,"player_choice":"Ignored","damage_taken":0,"max_hp_gain":0,"max_hp_loss":0,"event_name":"Vampires","floor":31,"gold_loss":0},{"damage_healed":0,"gold_gain":0,"player_choice":"Ignored","damage_taken":0,"max_hp_gain":0,"max_hp_loss":0,"event_name":"Mysterious Sphere","floor":36,"gold_loss":0},{"damage_healed":0,"gold_gain":0,"player_choice":"Fight","damage_taken":0,"max_hp_gain":0,"max_hp_loss":0,"event_name":"MindBloom","floor":37,"gold_loss":0}],"is_beta":false,"boss_relics":[{"not_picked":["Sozu","SacredBark"],"picked":"hermit:DentedPlate"},{"not_picked":["Cursed Key","Philosopher\u0027s Stone"],"picked":"SlaversCollar"}],"items_purged_floors":[14,38],"is_endless":false,"potions_floor_spawned":[1,3,10,16,18,20,29,44,45],"killed_by":"Awakened One","ascension_level":0}}