{"host":"utcbn1j9ebmpc40m","time":1611156297,"event":{"mods":["BaseMod","Better Altar","Better Match","GifTheSpireLib","Minty Spire (QoL Compilation)","Poor People Problems","StSLib","SuperFastMode","The IronCluck","The Servant 0.9.4"],"gold_per_floor":[114,126,140,65,15,15,15,15,15,15,15,40,40,40,40,142,142,162,67,82,82,97,97,97],"floor_reached":23,"language":"ENG","playtime":386,"items_purged":["Strike_B"],"score":187,"play_id":"c2e1d4a0-4b8b-48a7-b29f-8cd09c30987d","local_time":"20210120102457","is_ascension_mode":false,"campfire_choices":[{"data":"Zap","floor":6,"key":"SMITH"},{"floor":13,"key":"REST"},{"data":"Go for the Eyes","floor":15,"key":"SMITH"}],"circlet_count":0,"master_deck":["Strike_B","Strike_B","Strike_B","Defend_B","Defend_B","Defend_B","Zap+1","Conserve Battery","Go for the Eyes+1","Rebound","Sweeping Beam","Echo Form","Tempest","Barrage","Glacier","Gash","Coolheaded"],"relics":["Cracked Core","Bag of Marbles","Centennial Puzzle","StrikeDummy","Omamori","Cables","Fusion Hammer"],"acts_visited":["Exordium","TheCity"],"potions_floor_usage":[],"damage_taken":[{"damage":5,"enemies":"Small Slimes","floor":1,"turns":3},{"damage":7,"enemies":"Jaw Worm","floor":2,"turns":3},{"damage":0,"enemies":"Cultist","floor":3,"turns":3},{"damage":6,"enemies":"3 Sentries","floor":12,"turns":6},{"damage":20,"enemies":"The Guardian","floor":16,"turns":11},{"damage":12,"enemies":"Shell Parasite","floor":18,"turns":4},{"damage":15,"enemies":"Spheric Guardian","floor":20,"turns":4},{"damage":13,"enemies":"Centurion and Healer","floor":22,"turns":6},{"damage":39,"enemies":"Slavers","floor":23,"turns":2}],"seed_played":"1772477591403275328","potions_obtained":[{"floor":3,"key":"SteroidPotion"},{"floor":16,"key":"CultistPotion"},{"floor":20,"key":"Dexterity Potion"}],"is_trial":false,"path_per_floor":["M","M","M","$","?","R","?","T","T","$","?","E","R","$","R","B",null,"M","$","M","?","M","E"],"character_chosen":"DEFECT","items_purchased":["Tempest","Barrage"],"campfire_rested":1,"item_purchase_floors":[19,19],"current_hp_per_floor":[70,63,63,63,63,63,63,63,63,63,56,50,72,72,72,52,75,63,63,48,48,35,0,0],"gold":97,"neow_bonus":"RANDOM_COMMON_RELIC","is_daily":false,"chose_seed":false,"campfire_upgraded":2,"win_rate":0.0,"timestamp":1611156297,"path_taken":["M","M","M","$","?","R","?","?","T","?","?","E","R","$","R","BOSS","M","$","M","?","?","E"],"items_purchased_type":["Card","Card"],"build_version":"2020-12-22","purchased_purges":1,"victory":false,"max_hp_per_floor":[75,75,75,75,75,75,75,75,75,75,75,75,75,75,75,75,75,75,75,75,75,75,75,75],"card_choices":[{"not_picked":["Stack","Redo"],"picked":"Conserve Battery","floor":1},{"not_picked":["Double Energy","Stack"],"picked":"Go for the Eyes","floor":2},{"not_picked":["Thunder Strike","Go for the Eyes"],"picked":"Rebound","floor":3},{"not_picked":["Tempest","Sunder"],"picked":"Sweeping Beam","floor":12},{"not_picked":["All For One","Hyperbeam"],"picked":"Echo Form","floor":16},{"not_picked":["Undo","Sweeping Beam","Compile Driver"],"picked":"SKIP","floor":18},{"not_picked":["Stack+1","White Noise"],"picked":"Glacier","floor":20},{"not_picked":["Skim+1","Reprogram"],"picked":"Coolheaded","floor":22}],"player_experience":503851,"relics_obtained":[{"floor":8,"key":"StrikeDummy"},{"floor":9,"key":"Omamori"},{"floor":12,"key":"Cables"}],"event_choices":[{"cards_removed":["Defend_B"],"damage_healed":0,"gold_gain":0,"player_choice":"Card Removal","damage_taken":0,"max_hp_gain":0,"max_hp_loss":0,"event_name":"The Cleric","floor":5,"gold_loss":50},{"damage_healed":0,"gold_gain":0,"player_choice":"Box","damage_taken":0,"relics_obtained":["Centennial Puzzle"],"max_hp_gain":0,"max_hp_loss":0,"event_name":"Big Fish","floor":7,"gold_loss":0,"cards_obtained":["Regret"]},{"cards_removed":["Regret"],"damage_healed":0,"gold_gain":0,"player_choice":"Card Removal","damage_taken":7,"max_hp_gain":0,"max_hp_loss":0,"event_name":"Golden Wing","floor":11,"gold_loss":0},{"damage_healed":0,"gold_gain":0,"cards_transformed":["Dualcast"],"player_choice":"Transformed","damage_taken":0,"max_hp_gain":0,"max_hp_loss":0,"event_name":"Transmorgrifier","floor":21,"gold_loss":0,"cards_obtained":["Gash"]}],"is_beta":false,"boss_relics":[{"not_picked":["Sozu","Runic Dome"],"picked":"Fusion Hammer"}],"items_purged_floors":[4],"is_endless":false,"potions_floor_spawned":[3,16,20],"killed_by":"Slavers","ascension_level":0}}