{"host":"nolo0osttpwefhwj","time":1611168989,"event":{"mods":["AchievementEnabler","BaseMod","Bestiary","Colored Powertips","Minty Spire (QoL Compilation)","Permanent Neow","Quick Restart","Relic Stats"],"gold_per_floor":[117,130,130,154,154,198,198,229,229,229,242,242,242,275,275,404,404,419,344,101,101,149,189,33,51,100,141,266,266,266,307,307,436,436,452,8,8,24,43,74,87,87,87,152,175,216,216,236,236,236,236,236,6,42,42],"floor_reached":56,"language":"ENG","playtime":6445,"items_purged":["Strike_G+1"],"score":2006,"play_id":"5a003ca4-821d-4d1b-b6e9-1a9afcddc947","local_time":"20210120195629","is_ascension_mode":true,"campfire_choices":[{"floor":7.0,"key":"REST"},{"floor":12.0,"key":"REST"},{"data":"Tactician","floor":15.0,"key":"SMITH"},{"data":"Tools of the Trade","floor":29.0,"key":"SMITH"},{"data":"Malaise","floor":32.0,"key":"SMITH"},{"floor":49,"key":"RECALL"},{"data":"Well Laid Plans","floor":52,"key":"SMITH"}],"circlet_count":0,"master_deck":["AscendersBane","Defend_G","Defend_G","Defend_G+1","Defend_G+1","Defend_G","Survivor","Tactician+1","Leg Sweep+1","Sucker Punch","Poisoned Stab+1","Malaise+1","Bane+1","Tools of the Trade+1","Grand Finale+1","Predator+1","Bane+1","Madness+1","Escape Plan+1","Crippling Poison+1","Deadly Poison+1","Malaise+1","Dark Shackles+1","Acrobatics+1","Escape Plan+1","Neutralize+1","Leg Sweep+1","Malaise+1","CurseOfTheBell","Tactician+1","Reflex+1","Well Laid Plans+1","Well Laid Plans+1","Master of Strategy+1","Good Instincts+1","Acrobatics+1","Concentrate+1"],"relics":["Ring of the Snake","Golden Idol","Molten Egg 2","CaptainsWheel","Pocketwatch","Bottled Lightning","Coffee Dripper","Toxic Egg 2","War Paint","Darkstone Periapt","Toy Ornithopter","Singing Bowl","StoneCalendar","Sundial","Pantograph","Calling Bell","Ancient Tea Set","Matryoshka","FossilizedHelix","Blue Candle","Chemical X","Art of War","Bag of Marbles","Unceasing Top","Strawberry","Bronze Scales","Juzu Bracelet","Oddly Smooth Stone","Mummified Hand"],"acts_visited":["Exordium","TheCity","TheBeyond","TheEnding"],"potions_floor_usage":[44,46,55,55,55],"damage_taken":[{"damage":0.0,"enemies":"Small Slimes","floor":1.0,"turns":4.0},{"damage":3.0,"enemies":"Jaw Worm","floor":2.0,"turns":6.0},{"damage":0.0,"enemies":"2 Louse","floor":4.0,"turns":2.0},{"damage":33.0,"enemies":"Gremlin Nob","floor":6.0,"turns":6.0},{"damage":24.0,"enemies":"Lagavulin","floor":8.0,"turns":8.0},{"damage":0.0,"enemies":"2 Fungi Beasts","floor":11.0,"turns":4.0},{"damage":1.0,"enemies":"3 Sentries","floor":14.0,"turns":9.0},{"damage":0.0,"enemies":"The Guardian","floor":16.0,"turns":9.0},{"damage":6.0,"enemies":"2 Thieves","floor":18.0,"turns":5.0},{"damage":2.0,"enemies":"Slavers","floor":23.0,"turns":6.0},{"damage":0.0,"enemies":"Spheric Guardian","floor":25.0,"turns":4.0},{"damage":15.0,"enemies":"Book of Stabbing","floor":27.0,"turns":7.0},{"damage":1.0,"enemies":"Colosseum Slavers","floor":28.0,"turns":4.0},{"damage":0.0,"enemies":"Colosseum Nobs","floor":28.0,"turns":4.0},{"damage":12.0,"enemies":"Slavers","floor":31.0,"turns":6.0},{"damage":5.0,"enemies":"Collector","floor":33.0,"turns":8.0},{"damage":0.0,"enemies":"3 Darklings","floor":35.0,"turns":6.0},{"damage":0.0,"enemies":"Orb Walker","floor":38.0,"turns":3.0},{"damage":15.0,"enemies":"Transient","floor":39.0,"turns":5.0},{"damage":2.0,"enemies":"Nemesis","floor":40.0,"turns":7.0},{"damage":5,"enemies":"Spire Growth","floor":41,"turns":6},{"damage":0,"enemies":"2 Orb Walkers","floor":44,"turns":7},{"damage":8,"enemies":"3 Darklings","floor":45,"turns":4},{"damage":0,"enemies":"Giant Head","floor":46,"turns":8},{"damage":0,"enemies":"Writhing Mass","floor":48,"turns":7},{"damage":19,"enemies":"Time Eater","floor":50,"turns":16},{"damage":0,"enemies":"Shield and Spear","floor":54,"turns":9},{"damage":89,"enemies":"The Heart","floor":55,"turns":14}],"seed_played":"6884899549332568222","potions_obtained":[{"floor":1.0,"key":"Poison Potion"},{"floor":14.0,"key":"Fire Potion"},{"floor":16.0,"key":"Block Potion"},{"floor":18.0,"key":"Poison Potion"},{"floor":27.0,"key":"GamblersBrew"},{"floor":33.0,"key":"Fire Potion"},{"floor":35.0,"key":"LiquidBronze"},{"floor":38.0,"key":"LiquidBronze"},{"floor":40.0,"key":"DuplicationPotion"},{"floor":44,"key":"Poison Potion"}],"is_trial":false,"path_per_floor":["M","M","?","M","?","E","R","E","T","?","M","R","?","E","R","B",null,"M","?","$","?","T","E","$","M","T","E","?","R","?","E","R","B",null,"M","$","?","M","M","E","M","?","T","?","M","E","T","M","R","B",null,"R","$","E","B",null],"character_chosen":"THE_SILENT","items_purchased":["Toxic Egg 2","Madness+1","Blue Candle","Chemical X","Dexterity Potion","Concentrate+1","Oddly Smooth Stone","Poison Potion"],"campfire_rested":2,"item_purchase_floors":[20,24,36,36,36,53,53,53],"current_hp_per_floor":[59,56,56,56,56,23,46,22,22,15,15,38,22,21,21,21,64,58,58,58,58,58,56,56,56,56,41,40,40,40,33,33,58,79,81,81,81,81,66,69,64,56,56,63,55,69,69,71,71,77,95,95,95,97,14],"gold":42,"neow_bonus":"TWENTY_PERCENT_HP_BONUS","is_daily":false,"chose_seed":false,"campfire_upgraded":4,"win_rate":0.0,"timestamp":1611168989,"path_taken":["M","M","?","M","?","E","R","E","T","?","?","R","?","E","R","BOSS","M","?","$","?","?","E","$","?","T","E","?","R","?","E","R","BOSS","M","$","?","M","M","E","M","?","T","?","M","E","?","M","R","BOSS","R","$","E","BOSS"],"items_purchased_type":["Relic","Card","Relic","Relic","Potion","Card","Relic","Potion"],"build_version":"2020-12-22","purchased_purges":1,"victory":true,"max_hp_per_floor":[84,84,78,78,78,78,78,78,78,78,78,78,78,78,78,78,78,78,78,78,78,78,78,78,78,78,78,78,78,78,78,78,78,84,86,86,86,86,86,86,86,88,88,90,90,99,99,101,101,101,101,101,101,103,103],"relic_stats":{"Darkstone Periapt":6,"Singing Bowl":12,"counters":[28,184],"Golden Idol":244,"Blue Candle":[0],"StoneCalendar":[320],"Juzu Bracelet":0,"War Paint":["Leg Sweep","Defend_G"],"Sundial":[18],"Mummified Hand":[4],"Pantograph":56,"Bronze Scales":[342],"Art of War":[17],"Chemical X":[33],"obtain_stats":[{"Darkstone Periapt":23,"Singing Bowl":27,"StoneCalendar":28,"Juzu Bracelet":47,"Ancient Tea Set":34,"Matryoshka":34,"Sundial":28,"Mummified Hand":54,"Pantograph":31,"Strawberry":46,"Chemical X":36,"Toxic Egg 2":20,"Ring of the Snake":0,"Golden Idol":3,"Blue Candle":36,"Oddly Smooth Stone":53,"War Paint":22,"Calling Bell":34,"CaptainsWheel":8,"Bronze Scales":47,"Molten Egg 2":6,"Coffee Dripper":17,"Art of War":40,"Bag of Marbles":43,"Bottled Lightning":14,"Toy Ornithopter":26,"FossilizedHelix":34,"Unceasing Top":44,"Pocketwatch":9},{"Darkstone Periapt":10,"Singing Bowl":12,"StoneCalendar":14,"Juzu Bracelet":24,"Ancient Tea Set":16,"Matryoshka":16,"Sundial":14,"Mummified Hand":27,"Pantograph":15,"Strawberry":24,"Chemical X":17,"Toxic Egg 2":9,"Ring of the Snake":0,"Golden Idol":2,"Blue Candle":17,"Oddly Smooth Stone":26,"War Paint":9,"Calling Bell":16,"CaptainsWheel":5,"Bronze Scales":24,"Molten Egg 2":4,"Coffee Dripper":8,"Art of War":20,"Bag of Marbles":21,"Bottled Lightning":7,"Toy Ornithopter":11,"FossilizedHelix":16,"Unceasing Top":22,"Pocketwatch":5},{"Darkstone Periapt":59,"Singing Bowl":70,"StoneCalendar":78,"Juzu Bracelet":138,"Ancient Tea Set":92,"Matryoshka":92,"Sundial":78,"Mummified Hand":170,"Pantograph":84,"Strawberry":138,"Chemical X":98,"Toxic Egg 2":53,"Ring of the Snake":0,"Golden Idol":10,"Blue Candle":98,"Oddly Smooth Stone":161,"War Paint":53,"Calling Bell":92,"CaptainsWheel":26,"Bronze Scales":138,"Molten Egg 2":18,"Coffee Dripper":48,"Art of War":113,"Bag of Marbles":119,"Bottled Lightning":39,"Toy Ornithopter":63,"FossilizedHelix":92,"Unceasing Top":126,"Pocketwatch":26}],"Toy Ornithopter":25,"Unceasing Top":[3],"Ring of the Snake":[56],"Pocketwatch":[144]},"card_choices":[{"not_picked":["Eviscerate","Bane"],"picked":"Tactician","floor":1.0},{"not_picked":["Blade Dance","Outmaneuver"],"picked":"Leg Sweep","floor":2.0},{"not_picked":["Cloak And Dagger","Tactician","Outmaneuver"],"picked":"SKIP","floor":4.0},{"not_picked":["Infinite Blades","Eviscerate+1"],"picked":"Poisoned Stab+1","floor":6.0},{"not_picked":["Underhanded Strike+1","Dodge and Roll"],"picked":"Malaise","floor":8.0},{"not_picked":["Sucker Punch+1","Choke+1"],"picked":"Bane+1","floor":11.0},{"not_picked":["Blade Dance","Quick Slash+1"],"picked":"Tools of the Trade","floor":14.0},{"not_picked":["Adrenaline","Bullet Time"],"picked":"Grand Finale+1","floor":16.0},{"not_picked":["Heel Hook+1","PiercingWail+1"],"picked":"Predator+1","floor":18.0},{"not_picked":["Deflect+1","Underhanded Strike+1"],"picked":"Bane+1","floor":23.0},{"not_picked":["Deflect+1","Cloak And Dagger+1"],"picked":"Escape Plan+1","floor":25.0},{"not_picked":["Escape Plan+1","Deflect+1"],"picked":"Crippling Poison+1","floor":27.0},{"not_picked":["Doppelganger+1","Infinite Blades"],"picked":"Deadly Poison+1","floor":28.0},{"not_picked":["Crippling Poison+1","Accuracy+1"],"picked":"Leg Sweep+1","floor":31.0},{"not_picked":["A Thousand Cuts","Phantasmal Killer+1"],"picked":"Malaise+1","floor":33.0},{"not_picked":["Skewer+1","Slice+1","Underhanded Strike+1"],"picked":"Singing Bowl","floor":35.0},{"not_picked":["Finisher+1","Deflect+1"],"picked":"Tactician+1","floor":38.0},{"not_picked":["Distraction+1","Leg Sweep+1"],"picked":"Reflex+1","floor":39.0},{"not_picked":["Slice+1","Blade Dance+1"],"picked":"Well Laid Plans","floor":40.0},{"not_picked":["Reflex+1","Poisoned Stab+1"],"picked":"Well Laid Plans+1","floor":41},{"not_picked":["Impatience+1","Finesse+1"],"picked":"Master of Strategy+1","floor":42},{"not_picked":["Enlightenment+1","Discovery+1","Blind+1"],"picked":"Singing Bowl","floor":42},{"not_picked":["Jack Of All Trades+1","Finesse+1"],"picked":"Good Instincts+1","floor":42},{"not_picked":["Poisoned Stab+1","Riddle With Holes+1","Slice+1"],"picked":"Singing Bowl","floor":44},{"not_picked":["Dagger Throw+1","Dagger Spray+1"],"picked":"Acrobatics+1","floor":45},{"not_picked":["Dagger Throw+1","Flying Knee+1","Infinite Blades+1"],"picked":"Singing Bowl","floor":46},{"not_picked":["Heel Hook+1","Deadly Poison+1","Predator+1"],"picked":"Singing Bowl","floor":48},{"not_picked":["Sucker Punch+1","Unload+1","Underhanded Strike+1"],"picked":"Singing Bowl","floor":54}],"player_experience":235956,"relics_obtained":[{"floor":6.0,"key":"Molten Egg 2"},{"floor":8.0,"key":"CaptainsWheel"},{"floor":9.0,"key":"Pocketwatch"},{"floor":14.0,"key":"Bottled Lightning"},{"floor":22.0,"key":"War Paint"},{"floor":23.0,"key":"Darkstone Periapt"},{"floor":26.0,"key":"Toy Ornithopter"},{"floor":27.0,"key":"Singing Bowl"},{"floor":28.0,"key":"StoneCalendar"},{"floor":28.0,"key":"Sundial"},{"floor":31.0,"key":"Pantograph"},{"floor":34.0,"key":"Ancient Tea Set"},{"floor":34.0,"key":"Matryoshka"},{"floor":34.0,"key":"FossilizedHelix"},{"floor":40.0,"key":"Art of War"},{"floor":43,"key":"Bag of Marbles"},{"floor":44,"key":"Unceasing Top"},{"floor":46,"key":"Strawberry"},{"floor":47,"key":"Bronze Scales"},{"floor":47,"key":"Juzu Bracelet"},{"floor":54,"key":"Mummified Hand"}],"event_choices":[{"damage_healed":0.0,"max_hp_gain":0.0,"max_hp_loss":6.0,"gold_gain":0.0,"event_name":"Golden Idol","player_choice":"Lose Max HP","floor":3.0,"gold_loss":0.0,"damage_taken":0.0,"relics_obtained":["Golden Idol"]},{"damage_healed":0.0,"max_hp_gain":0.0,"max_hp_loss":0.0,"gold_gain":0.0,"cards_transformed":["Strike_G"],"event_name":"Living Wall","player_choice":"Change","floor":5.0,"gold_loss":0.0,"damage_taken":0.0,"cards_obtained":["Sucker Punch"]},{"cards_removed":["Strike_G"],"damage_healed":0.0,"max_hp_gain":0.0,"max_hp_loss":0.0,"gold_gain":0.0,"event_name":"Golden Wing","player_choice":"Card Removal","floor":10.0,"gold_loss":0.0,"damage_taken":7.0},{"damage_healed":0.0,"max_hp_gain":0.0,"max_hp_loss":0.0,"gold_gain":0.0,"event_name":"Shining Light","player_choice":"Entered Light","floor":13.0,"gold_loss":0.0,"damage_taken":16.0,"cards_upgraded":["Defend_G","Strike_G"]},{"cards_removed":["Strike_G"],"damage_healed":0.0,"max_hp_gain":0.0,"max_hp_loss":0.0,"gold_gain":0.0,"event_name":"Beggar","player_choice":"Gave Gold","floor":19.0,"gold_loss":75.0,"damage_taken":0.0},{"cards_removed":["Strike_G"],"damage_healed":0.0,"max_hp_gain":0.0,"max_hp_loss":0.0,"gold_gain":0.0,"event_name":"Back to Basics","player_choice":"Elegance","floor":21.0,"gold_loss":0.0,"damage_taken":0.0},{"damage_healed":0.0,"max_hp_gain":0.0,"max_hp_loss":0.0,"gold_gain":0.0,"event_name":"Colosseum","player_choice":"Fight","floor":28.0,"gold_loss":0.0,"damage_taken":0.0},{"damage_healed":0.0,"max_hp_gain":0.0,"max_hp_loss":0.0,"gold_gain":0.0,"event_name":"Colosseum","player_choice":"Fought Nobs","floor":28.0,"gold_loss":0.0,"damage_taken":0.0},{"damage_healed":0.0,"max_hp_gain":0.0,"max_hp_loss":0.0,"gold_gain":0.0,"event_name":"Match and Keep!","player_choice":"5 cards matched","floor":30.0,"gold_loss":0.0,"damage_taken":0.0,"cards_obtained":["Malaise","Dark Shackles","Acrobatics","Escape Plan","Neutralize"]},{"cards_removed":["Neutralize"],"damage_healed":0.0,"max_hp_gain":0.0,"max_hp_loss":0.0,"gold_gain":0.0,"event_name":"Falling","player_choice":"Removed Attack","floor":37.0,"gold_loss":0.0,"damage_taken":0.0},{"damage_healed":0,"gold_gain":0,"player_choice":"Memory 3","damage_taken":10,"max_hp_gain":0,"max_hp_loss":0,"event_name":"SensoryStone","floor":42,"gold_loss":0},{"damage_healed":0,"gold_gain":0,"player_choice":"Fight","damage_taken":0,"max_hp_gain":0,"max_hp_loss":0,"event_name":"Mysterious Sphere","floor":44,"gold_loss":0}],"is_beta":false,"boss_relics":[{"not_picked":["Philosopher\u0027s Stone","Runic Dome"],"picked":"Coffee Dripper"},{"not_picked":["Busted Crown","Sozu"],"picked":"Calling Bell"}],"items_purged_floors":[24],"is_endless":false,"potions_floor_spawned":[1,14,16,18,27,33,35,38,40,44,45],"ascension_level":10}}