{"host":"1a3cjta80tad0aqj","time":1611167635,"event":{"mods":["2.2 Compatiblity","AchievementEnabler","BaseMod","Colored Map","DeckTracker","KOR Keyword Fix","Keyboard Shortcuts","Minty Spire (QoL Compilation)","Permanent Neow","Quick Restart","Random Character Button","StSLib","SuperFastMode","everything is the same but u backflip on backflip"],"gold_per_floor":[115,39,56,56,67,67,95,20,88,101,101,116,116,126,126,222,222,232,147,166,11,11,11],"floor_reached":22,"language":"KOR","playtime":1066,"items_purged":[],"score":214,"play_id":"0143c680-d390-4e75-ae4e-1652f77ca026","local_time":"20210121033355","is_ascension_mode":true,"campfire_choices":[{"data":"Neutralize","floor":6,"key":"SMITH"},{"floor":11,"key":"REST"},{"data":"Catalyst","floor":13,"key":"SMITH"},{"floor":15,"key":"REST"}],"circlet_count":0,"master_deck":["Strike_G","Defend_G","Defend_G","Defend_G","Defend_G","Defend_G","Survivor","Neutralize+1","Dagger Spray","Backflip","Catalyst+1","Accuracy","Tools of the Trade","Dagger Throw","Deadly Poison","Footwork","Flying Knee","Acrobatics","Die Die Die","Corpse Explosion","Prepared+1","Phantasmal Killer+1","Accuracy+1","Finisher+1","PiercingWail"],"relics":["Ring of the Snake","Blood Vial","InkBottle","Astrolabe","Darkstone Periapt","Pen Nib"],"acts_visited":["Exordium","TheCity"],"potions_floor_usage":[20,20,22],"damage_taken":[{"damage":1,"enemies":"Jaw Worm","floor":1,"turns":6},{"damage":6,"enemies":"Cultist","floor":3,"turns":4},{"damage":3,"enemies":"2 Louse","floor":5,"turns":3},{"damage":35,"enemies":"Lagavulin","floor":7,"turns":12},{"damage":4,"enemies":"Looter","floor":10,"turns":4},{"damage":12,"enemies":"Large Slime","floor":12,"turns":8},{"damage":6,"enemies":"3 Louse","floor":14,"turns":2},{"damage":20,"enemies":"The Guardian","floor":16,"turns":13},{"damage":32,"enemies":"Shell Parasite","floor":18,"turns":6},{"damage":22,"enemies":"2 Thieves","floor":20,"turns":2},{"damage":12,"enemies":"Sentry and Sphere","floor":22,"turns":5}],"seed_played":"-1235819743566140145","potions_obtained":[{"floor":5,"key":"LiquidBronze"},{"floor":7,"key":"AttackPotion"},{"floor":14,"key":"GamblersBrew"},{"floor":18,"key":"Strength Potion"},{"floor":20,"key":"Dexterity Potion"}],"is_trial":false,"path_per_floor":["M","$","M","?","M","R","E","$","T","M","R","M","R","M","R","B",null,"M","?","M","$","M"],"character_chosen":"THE_SILENT","items_purchased":["Catalyst","Footwork","Pen Nib"],"campfire_rested":2,"item_purchase_floors":[2,8,21],"current_hp_per_floor":[69,69,63,63,60,60,25,25,25,23,44,34,34,30,51,33,70,38,38,18,18,8,8],"gold":11,"neow_bonus":"THREE_CARDS","is_daily":false,"chose_seed":false,"campfire_upgraded":2,"win_rate":0.0,"timestamp":1611167635,"path_taken":["M","$","M","?","M","R","E","$","T","M","R","M","R","?","R","BOSS","M","?","M","$","M"],"items_purchased_type":["Card","Card","Relic"],"build_version":"2020-12-22","purchased_purges":0,"victory":false,"max_hp_per_floor":[70,70,70,70,70,70,70,70,70,70,70,70,70,70,70,70,70,70,70,70,70,70,70],"card_choices":[{"not_picked":["Prepared","Dash"],"picked":"Dagger Spray","floor":0},{"not_picked":["Underhanded Strike","Deflect"],"picked":"Backflip","floor":1},{"not_picked":["Poisoned Stab","Calculated Gamble"],"picked":"Accuracy","floor":3},{"not_picked":["Dodge and Roll","Sucker Punch"],"picked":"Dagger Throw","floor":5},{"not_picked":["Escape Plan","Terror"],"picked":"Deadly Poison","floor":7},{"not_picked":["Concentrate","Blade Dance"],"picked":"Flying Knee","floor":10},{"not_picked":["Bane","Blade Dance"],"picked":"Acrobatics","floor":12},{"not_picked":["Underhanded Strike","Backflip"],"picked":"Die Die Die","floor":14},{"not_picked":["Malaise","A Thousand Cuts"],"picked":"Corpse Explosion","floor":16},{"not_picked":["Flying Knee+1","Tactician"],"picked":"Finisher+1","floor":18},{"not_picked":["Setup+1","Cloak And Dagger"],"picked":"PiercingWail","floor":20}],"player_experience":823169,"relics_obtained":[{"floor":7,"key":"Blood Vial"},{"floor":9,"key":"InkBottle"}],"event_choices":[{"damage_healed":0,"gold_gain":0,"cards_transformed":["Strike_G"],"player_choice":"Transformed","damage_taken":0,"max_hp_gain":0,"max_hp_loss":0,"event_name":"Transmorgrifier","floor":4,"gold_loss":0,"cards_obtained":["Tools of the Trade"]},{"damage_healed":0,"gold_gain":0,"player_choice":"Obtained Relic","damage_taken":0,"relics_obtained":["Darkstone Periapt"],"max_hp_gain":0,"max_hp_loss":0,"event_name":"Addict","floor":19,"gold_loss":85}],"is_beta":false,"boss_relics":[{"not_picked":["Velvet Choker","HoveringKite"],"picked":"Astrolabe"}],"items_purged_floors":[],"is_endless":false,"potions_floor_spawned":[5,7,14,18,20],"killed_by":"Sentry and Sphere","ascension_level":3}}