{"host":"l60rmjjsfi0fipmi","time":1611102269,"event":{"mods":["BaseMod","Colored Map","DeckTracker","Highlight Path","Minty Spire (QoL Compilation)","StSLib","The Cursed","The Servant 0.9.4"],"gold_per_floor":[118,41,51,51,71,71,103,103,103,103,115,125,125,50,50,147,147,158,158,172,72,88,88,118,118,141,151,162,162,37,37,37,136,136,146,159,259,272,284,284,297,297,297],"floor_reached":42,"language":"ENG","playtime":2640,"items_purged":["Defend_P","Defend_P","Strike_P"],"score":541,"play_id":"2daa9f40-907f-40c2-b0fe-11dd26aa1d45","local_time":"20210119192429","is_ascension_mode":true,"campfire_choices":[{"data":"Consecrate","floor":6,"key":"SMITH"},{"data":"Eruption","floor":8,"key":"SMITH"},{"data":"ThirdEye","floor":10,"key":"SMITH"},{"floor":13,"key":"REST"},{"data":"BowlingBash","floor":15,"key":"SMITH"},{"data":"Halt","floor":23,"key":"SMITH"},{"floor":25,"key":"REST"},{"floor":29,"key":"REST"},{"data":"Tantrum","floor":32,"key":"SMITH"},{"floor":40,"key":"REST"}],"circlet_count":0,"master_deck":["Strike_P","Strike_P","Defend_P+1","Defend_P","Eruption+1","Vigilance+1","Wish+1","Consecrate+1","Tantrum+1","BowlingBash+1","ThirdEye+1","Halt+1","FlurryOfBlows","Devotion","CurseOfTheBell","Evaluate+1","Protect+1","SashWhip+1","EmptyFist+1","CutThroughFate","LessonLearned","EmptyBody+1","ThirdEye+1","Worship+1","EmptyFist+1"],"relics":["PureWater","StrikeDummy","Yang","Calling Bell","Art of War","Letter Opener","Du-Vu Doll","GoldenEye","Pen Nib","Runic Pyramid"],"acts_visited":["Exordium","TheCity","TheBeyond"],"potions_floor_usage":[24,24,24,39,42],"damage_taken":[{"damage":1,"enemies":"Jaw Worm","floor":1,"turns":5},{"damage":4,"enemies":"2 Louse","floor":3,"turns":3},{"damage":7,"enemies":"Small Slimes","floor":5,"turns":4},{"damage":14,"enemies":"Lagavulin","floor":7,"turns":7},{"damage":0,"enemies":"3 Louse","floor":11,"turns":3},{"damage":10,"enemies":"Gremlin Gang","floor":12,"turns":3},{"damage":0,"enemies":"Slime Boss","floor":16,"turns":4},{"damage":4,"enemies":"3 Byrds","floor":18,"turns":3},{"damage":19,"enemies":"Spheric Guardian","floor":20,"turns":6},{"damage":0,"enemies":"Cultist and Chosen","floor":22,"turns":5},{"damage":17,"enemies":"Slavers","floor":24,"turns":3},{"damage":0,"enemies":"3 Cultists","floor":27,"turns":3},{"damage":31,"enemies":"Snake Plant","floor":28,"turns":4},{"damage":18,"enemies":"Champ","floor":33,"turns":9},{"damage":0,"enemies":"Orb Walker","floor":35,"turns":3},{"damage":22,"enemies":"3 Darklings","floor":36,"turns":4},{"damage":7,"enemies":"Sphere and 2 Shapes","floor":38,"turns":4},{"damage":30,"enemies":"Transient","floor":39,"turns":5},{"damage":28,"enemies":"Spire Growth","floor":41,"turns":5},{"damage":57,"enemies":"Writhing Mass","floor":42,"turns":3}],"seed_played":"4723336398342797048","potions_obtained":[{"floor":3,"key":"FearPotion"},{"floor":12,"key":"Fire Potion"},{"floor":16,"key":"AttackPotion"},{"floor":27,"key":"Dexterity Potion"},{"floor":33,"key":"BlessingOfTheForge"},{"floor":35,"key":"AttackPotion"}],"is_trial":false,"path_per_floor":["M","$","M","?","M","R","E","R","T","R","M","M","R","$","R","B",null,"M","?","M","$","M","R","E","R","T","M","M","R","$","?","R","B",null,"M","M","?","M","M","R","M","M"],"character_chosen":"WATCHER","items_purchased":["Tantrum"],"campfire_rested":4,"item_purchase_floors":[2],"current_hp_per_floor":[71,71,67,67,60,60,46,46,46,46,46,36,57,57,57,57,72,68,68,49,49,49,49,32,53,53,53,22,43,43,43,43,25,72,72,50,50,43,13,34,6,0,0],"gold":297,"neow_bonus":"TRANSFORM_CARD","is_daily":false,"chose_seed":false,"campfire_upgraded":6,"win_rate":0.0,"timestamp":1611102269,"path_taken":["M","$","M","?","M","R","E","R","T","R","M","M","R","$","R","BOSS","M","?","M","$","M","R","E","R","T","M","M","R","$","?","R","BOSS","M","M","?","?","M","R","M","?"],"items_purchased_type":["Card"],"build_version":"2020-12-22","purchased_purges":3,"victory":false,"max_hp_per_floor":[72,72,72,72,72,72,72,72,72,72,72,72,72,72,72,72,72,72,72,72,72,72,72,72,72,72,72,72,72,72,72,72,72,72,72,72,72,72,72,72,72,72,72],"card_choices":[{"not_picked":["JustLucky","ThirdEye"],"picked":"Consecrate","floor":1},{"not_picked":["Conclude","InnerPeace"],"picked":"BowlingBash","floor":3},{"not_picked":["Worship","Vault"],"picked":"ThirdEye","floor":5},{"not_picked":["CarveReality","Fasting2"],"picked":"Halt","floor":7},{"not_picked":["Pray","Conclude"],"picked":"FlurryOfBlows","floor":11},{"not_picked":["ForeignInfluence","SandsOfTime","SashWhip"],"picked":"SKIP","floor":12},{"not_picked":["Judgement","DevaForm"],"picked":"Devotion","floor":16},{"not_picked":["JustLucky+1","CrushJoints+1"],"picked":"Evaluate+1","floor":18},{"not_picked":["TalkToTheHand","Pray+1"],"picked":"Protect+1","floor":20},{"not_picked":["MentalFortress+1","Consecrate"],"picked":"SashWhip+1","floor":22},{"not_picked":["Prostrate+1","BattleHymn+1"],"picked":"EmptyFist+1","floor":24},{"not_picked":["Halt","SashWhip"],"picked":"CutThroughFate","floor":27},{"not_picked":["Vengeance","CutThroughFate","Protect"],"picked":"SKIP","floor":28},{"not_picked":["Judgement","Scrawl"],"picked":"LessonLearned","floor":33},{"not_picked":["CutThroughFate+1","Consecrate"],"picked":"EmptyBody+1","floor":35},{"not_picked":["InnerPeace+1","ClearTheMind+1"],"picked":"ThirdEye+1","floor":36},{"not_picked":["FlurryOfBlows","PathToVictory","SashWhip+1"],"picked":"SKIP","floor":38},{"not_picked":["SashWhip+1","CrushJoints"],"picked":"Worship","floor":39},{"not_picked":["Prostrate+1","Weave"],"picked":"EmptyFist+1","floor":41}],"player_experience":499732,"relics_obtained":[{"floor":7,"key":"StrikeDummy"},{"floor":9,"key":"Yang"},{"floor":17,"key":"Art of War"},{"floor":17,"key":"Letter Opener"},{"floor":17,"key":"Du-Vu Doll"},{"floor":24,"key":"GoldenEye"},{"floor":26,"key":"Pen Nib"}],"event_choices":[{"damage_healed":0,"gold_gain":0,"player_choice":"Grow","damage_taken":0,"max_hp_gain":0,"max_hp_loss":0,"event_name":"Living Wall","floor":4,"gold_loss":0,"cards_upgraded":["Vigilance"]},{"damage_healed":0,"gold_gain":0,"player_choice":"Ignored","damage_taken":0,"max_hp_gain":0,"max_hp_loss":0,"event_name":"Ghosts","floor":31,"gold_loss":0},{"damage_healed":0,"gold_gain":100,"player_choice":"Pray","damage_taken":0,"max_hp_gain":0,"max_hp_loss":0,"event_name":"Golden Shrine","floor":37,"gold_loss":0}],"is_beta":false,"boss_relics":[{"not_picked":["Tiny House","Sozu"],"picked":"Calling Bell"},{"not_picked":["Empty Cage","VioletLotus"],"picked":"Runic Pyramid"}],"items_purged_floors":[14,21,30],"is_endless":false,"potions_floor_spawned":[3,12,16,18,22,27,33,35],"killed_by":"Writhing Mass","ascension_level":3}}