{"host":"swphzoo6hmc78epl","time":1611186700,"event":{"mods":["BaseMod","Highlight Path","Minty Spire (QoL Compilation)","Quick Restart"],"gold_per_floor":[113,14,14,14,29,29,29,60,128,142,159,178,188,208,208,308,308,326,326,326,342,361,361,361,392,392,392,392],"floor_reached":27,"language":"ENG","playtime":1233,"items_purged":["Strike_B"],"score":286,"play_id":"dec5d113-6937-498c-89de-8d8c3ee726b5","local_time":"20210120185140","is_ascension_mode":true,"campfire_choices":[{"data":"Genetic Algorithm","floor":15,"key":"SMITH"},{"data":"Storm","floor":23,"key":"SMITH"}],"circlet_count":0,"master_deck":["Defend_B","Defend_B","Zap","Dualcast","Lockon+1","Sweeping Beam+1","Glacier","Genetic Algorithm+1","Cold Snap","Storm+1","Thunder Strike","Glacier","Biased Cognition","Recycle","Pain","Blizzard+1"],"relics":["Cracked Core","NeowsBlessing","Boot","Art of War","Meat on the Bone","Empty Cage","WarpedTongs","Pear","Ornamental Fan","Symbiotic Virus"],"acts_visited":["Exordium","TheCity"],"potions_floor_usage":[16,25,25,25],"damage_taken":[{"damage":0,"enemies":"Small Slimes","floor":1,"turns":1},{"damage":0,"enemies":"Jaw Worm","floor":5,"turns":1},{"damage":0,"enemies":"Gremlin Nob","floor":8,"turns":1},{"damage":0,"enemies":"Cultist","floor":10,"turns":3},{"damage":3,"enemies":"Blue Slaver","floor":11,"turns":3},{"damage":3,"enemies":"Red Slaver","floor":12,"turns":3},{"damage":2,"enemies":"Exordium Thugs","floor":13,"turns":5},{"damage":0,"enemies":"Blue Slaver","floor":14,"turns":5},{"damage":38,"enemies":"Hexaghost","floor":16,"turns":13},{"damage":12,"enemies":"3 Byrds","floor":18,"turns":6},{"damage":14,"enemies":"Chosen","floor":21,"turns":3},{"damage":26,"enemies":"Snake Plant","floor":22,"turns":5},{"damage":30,"enemies":"Gremlin Leader","floor":25,"turns":8},{"damage":27,"enemies":"Book of Stabbing","floor":27,"turns":8}],"seed_played":"-8196981795333953600","potions_obtained":[{"floor":5,"key":"Swift Potion"},{"floor":8,"key":"GamblersBrew"},{"floor":11,"key":"Swift Potion"},{"floor":12,"key":"AttackPotion"},{"floor":18,"key":"Energy Potion"},{"floor":21,"key":"PotionOfCapacity"}],"is_trial":false,"path_per_floor":["M","$","?","$","M","?","?","E","T","M","M","M","M","M","R","B",null,"M","?","?","M","M","R","?","E","T","E"],"character_chosen":"DEFECT","items_purchased":["Sweeping Beam"],"campfire_rested":0,"item_purchase_floors":[2],"current_hp_per_floor":[75,75,60,60,60,48,48,48,48,48,45,42,40,40,40,14,75,63,63,63,49,35,35,45,27,27,0,0],"gold":392,"neow_bonus":"THREE_ENEMY_KILL","is_daily":false,"chose_seed":false,"campfire_upgraded":2,"win_rate":0.0,"timestamp":1611186700,"path_taken":["M","$","?","$","M","?","?","E","T","M","M","M","M","M","R","BOSS","M","?","?","M","?","R","?","E","T","E"],"items_purchased_type":["Card"],"build_version":"2020-12-22","purchased_purges":1,"victory":false,"max_hp_per_floor":[75,75,75,75,75,75,75,75,75,75,75,75,75,75,75,75,75,75,75,75,75,75,75,85,85,85,85,85],"card_choices":[{"not_picked":["Rebound","Scrape"],"picked":"Lockon","floor":1},{"not_picked":["Go for the Eyes","Redo"],"picked":"Glacier","floor":5},{"not_picked":["Go for the Eyes","Stack"],"picked":"Genetic Algorithm","floor":8},{"not_picked":["Conserve Battery","Reboot"],"picked":"Cold Snap","floor":10},{"not_picked":["Tempest","Conserve Battery"],"picked":"Storm","floor":11},{"not_picked":["Scrape","Redo","Stack"],"picked":"SKIP","floor":12},{"not_picked":["BootSequence","Chill","Undo"],"picked":"SKIP","floor":13},{"not_picked":["Turbo","Consume","Sweeping Beam"],"picked":"SKIP","floor":14},{"not_picked":["Seek","Amplify"],"picked":"Thunder Strike","floor":16},{"not_picked":["Leap","Aggregate+1"],"picked":"Glacier","floor":18},{"not_picked":["Barrage+1","Gash"],"picked":"Blizzard+1","floor":21},{"not_picked":["Gash","BootSequence","Barrage"],"picked":"SKIP","floor":22},{"not_picked":["Cold Snap","Rebound","Go for the Eyes+1"],"picked":"SKIP","floor":25}],"player_experience":785584,"relics_obtained":[{"floor":8,"key":"Art of War"},{"floor":9,"key":"Meat on the Bone"},{"floor":25,"key":"Ornamental Fan"},{"floor":26,"key":"Symbiotic Virus"}],"event_choices":[{"damage_healed":0,"gold_gain":0,"player_choice":"Entered Light","damage_taken":15,"max_hp_gain":0,"max_hp_loss":0,"event_name":"Shining Light","floor":3,"gold_loss":0,"cards_upgraded":["Lockon","Sweeping Beam"]},{"damage_healed":0,"gold_gain":0,"player_choice":"Success","damage_taken":12,"relics_obtained":["Boot"],"max_hp_gain":0,"max_hp_loss":0,"event_name":"Scrap Ooze","floor":6,"gold_loss":0},{"cards_removed":["Strike_B"],"damage_healed":0,"gold_gain":0,"player_choice":"Forget","damage_taken":0,"max_hp_gain":0,"max_hp_loss":0,"event_name":"Living Wall","floor":7,"gold_loss":0},{"damage_healed":0,"gold_gain":0,"cards_transformed":["Defend_B","Defend_B"],"player_choice":"Became Test Subject","damage_taken":0,"max_hp_gain":0,"max_hp_loss":0,"event_name":"Drug Dealer","floor":19,"gold_loss":0,"cards_obtained":["Biased Cognition","Recycle"]},{"damage_healed":0,"gold_gain":0,"player_choice":"Rummage","damage_taken":0,"relics_obtained":["WarpedTongs"],"max_hp_gain":0,"max_hp_loss":0,"event_name":"Accursed Blacksmith","floor":20,"gold_loss":0,"cards_obtained":["Pain"]},{"damage_healed":0,"gold_gain":0,"player_choice":"Opened","damage_taken":0,"relics_obtained":["Pear"],"max_hp_gain":0,"max_hp_loss":0,"event_name":"The Mausoleum","floor":24,"gold_loss":0}],"is_beta":false,"boss_relics":[{"not_picked":["Runic Dome","Busted Crown"],"picked":"Empty Cage"}],"items_purged_floors":[2],"is_endless":false,"potions_floor_spawned":[5,8,11,12,18,21,22],"killed_by":"Book of Stabbing","ascension_level":2}}