{"host":"ud45nb993j7p9nvw","time":1611104476,"event":{"mods":["100% Spire Juice","2.2 Compatiblity","Act Like it!","Ascension Reborn","Ascension Unlocker","Aspiration","Bartender","BaseMod","Bestiary","Better Altar","Better Note","Better Sensory Stone","Better Skull","Better Third Choice","CCEM","ChefMod","Colored Map","Colored Powertips","Colorless Booster Pack","Conspire","Dark Map","Defuse TimeMaze Blight","Disable Question Mark Monsters","Displayed Cursed Tome","Dota2Spire","Downfall","Halation","Hermit","Hubris","Hyrulean Relics","Infinite Spire","Jedi Mod","Jess\u0027s Bottle","Melee Mod","Minty Spire (QoL Compilation)","Permanent Neow","Poor People Problems","Quarter Circle Forward PUNCH!","QueenMod","RNG Fix","RRrroohrrRGHHhhh!!","RatMod","Red Circlet Mod","Relic Filter","Relic Relevance Reorder","Relic Stats","Reworked Bosses","Robot Space Explorer","Shade Mod","Shedinja","Small Relic Pack","Spicy Shops","Spikes Relics","StS++","StSLib","Strawberry Spire","The Accelerator","The Blue Laboratory","The Construct","The Poker Player","The Problem Sleuth","The Runesmith","The Sage","TheLocksmith","Trackpad","[IsaacMod]????","everything is the same but u backflip on backflip","vexMod"],"gold_per_floor":[112,112,122,132,145,145,163,163,214,214,228,239,239,250,250,351,351,362,379,379,379],"floor_reached":20,"language":"ENG","playtime":1094,"items_purged":[],"score":220,"play_id":"3dd6b7e5-524f-44e4-bb78-d20501ce34b9","local_time":"20210119200116","is_ascension_mode":true,"campfire_choices":[{"data":"meleeMod_SweetSpot","floor":6,"key":"SMITH"},{"data":"sagemod:Prey","floor":13,"key":"SMITH"},{"data":"rat:Lunge","floor":15,"key":"SMITH"}],"circlet_count":0,"master_deck":["meleeMod_Jab","meleeMod_Shield","meleeMod_Shield","meleeMod_Shield","meleeMod_NeutralAir+1","meleeMod_ShieldPoke","meleeMod_ForwardTilt+1","meleeMod_SweetSpot+1","meleeMod_Gentleman","relicPack:TruthCard","rat:Lunge+1","DeusExMachina+1","meleeMod_FalconDive+1","meleeMod_WallJump","meleeMod_IKilledMufasa+1","meleeMod_ShieldDrop","meleeMod_UpTilt"],"relics":["meleeMod_TeamBeerMang0","HushsDoor","aspiration:Nostalgia","construct:Cogwheel","D6","relicPack:DSword","hubris:Towel","Lantern","relicPack:EdsArm","vexMod:ImprovementManual","Damocles","qcfpunch:Red_Headband","Kunai"],"acts_visited":["Exordium","TheCity"],"potions_floor_usage":[5,18],"damage_taken":[{"damage":0,"enemies":"conspire:RoseBush","floor":1,"turns":3},{"damage":0,"enemies":"Jaw Worm","floor":3,"turns":3},{"damage":0,"enemies":"Small Slimes","floor":4,"turns":2},{"damage":5,"enemies":"Blue Slaver","floor":5,"turns":3},{"damage":0,"enemies":"3 Louse","floor":7,"turns":3},{"damage":1,"enemies":"Large Slime","floor":11,"turns":3},{"damage":0,"enemies":"2 Fungi Beasts","floor":12,"turns":2},{"damage":1,"enemies":"Blue Slaver","floor":14,"turns":2},{"damage":3,"enemies":"The Guardian","floor":16,"turns":7},{"damage":1,"enemies":"Chosen","floor":18,"turns":4},{"damage":1,"enemies":"Shell Parasite","floor":19,"turns":3},{"damage":1,"enemies":"Shelled Parasite and Fungi","floor":20,"turns":1}],"seed_played":"-5344880853356318503","potions_obtained":[{"floor":3,"key":"StSpp:ScatteredWeakPotion"},{"floor":5,"key":"sagemod:Wine"},{"floor":12,"key":"Block Potion"},{"floor":19,"key":"blueLaboratory:Moonshine"}],"is_trial":false,"path_per_floor":["M","?","M","M","M","R","M","?","T","?","M","M","R","M","R","B",null,"M","M","M"],"character_chosen":"FALCON","items_purchased":["Damocles"],"campfire_rested":0,"item_purchase_floors":[17],"current_hp_per_floor":[85,50,50,50,45,45,45,45,45,45,44,44,44,43,43,54,84,83,82,0,0],"gold":379,"neow_bonus":"NOSTALGIA","is_daily":false,"chose_seed":false,"campfire_upgraded":3,"win_rate":0.0,"timestamp":1611104476,"path_taken":["M","?","M","M","M","R","M","?","T","?","?","M","R","M","R","BOSS","M","M","M"],"items_purchased_type":["Relic"],"build_version":"2020-12-22","purchased_purges":0,"victory":false,"max_hp_per_floor":[85,85,85,85,85,85,85,85,85,80,80,80,80,80,80,94,84,84,84,84,84],"relic_stats":{"counters":[12,35],"Kunai":[0],"obtain_stats":[{"KeepersGift":0,"Damocles":17,"Lantern":9,"relicPack:DSword":2,"aspiration:Nostalgia":0,"hubris:Towel":8,"relicPack:EdsArm":10,"D6":0,"meleeMod_TeamBeerMang0":0,"construct:Cogwheel":0,"qcfpunch:Red_Headband":18,"Kunai":19,"HushsDoor":0,"vexMod:ImprovementManual":17},{"KeepersGift":0,"Damocles":9,"Lantern":5,"relicPack:DSword":1,"aspiration:Nostalgia":0,"hubris:Towel":5,"relicPack:EdsArm":5,"D6":0,"meleeMod_TeamBeerMang0":0,"construct:Cogwheel":0,"qcfpunch:Red_Headband":10,"Kunai":11,"HushsDoor":0,"vexMod:ImprovementManual":9},{"KeepersGift":0,"Damocles":28,"Lantern":14,"relicPack:DSword":3,"aspiration:Nostalgia":0,"hubris:Towel":14,"relicPack:EdsArm":14,"D6":0,"meleeMod_TeamBeerMang0":0,"construct:Cogwheel":0,"qcfpunch:Red_Headband":32,"Kunai":35,"HushsDoor":0,"vexMod:ImprovementManual":28}]},"card_choices":[{"not_picked":["meleeMod_FalconDive","meleeMod_EdgeGuard"],"picked":"meleeMod_ShieldPoke","floor":1},{"not_picked":["meleeMod_NoDI","meleeMod_WaveLand"],"picked":"meleeMod_RapidJabs","floor":3},{"not_picked":["meleeMod_SoftKnee","meleeMod_TeamAttackOn"],"picked":"meleeMod_ForwardTilt","floor":4},{"not_picked":["meleeMod_DownSmash","meleeMod_ShieldPoke"],"picked":"meleeMod_SweetSpot","floor":5},{"not_picked":["meleeMod_CommandGrab","meleeMod_DIMixUp"],"picked":"meleeMod_Gentleman","floor":7},{"not_picked":["meleeMod_PhantomHit","meleeMod_NoDI","meleeMod_AirDodge"],"picked":"SKIP","floor":11},{"not_picked":["meleeMod_NeutralAir","meleeMod_ForwardTilt"],"picked":"meleeMod_FalconDive","floor":12},{"not_picked":["meleeMod_FireFlower","meleeMod_RockCrock"],"picked":"meleeMod_WallJump","floor":14},{"not_picked":["meleeMod_WeTechThose","meleeMod_EdgeCancel"],"picked":"meleeMod_IKilledMufasa","floor":16},{"not_picked":["meleeMod_UpSmash+1","meleeMod_BMoveSpecialist+1"],"picked":"meleeMod_ShieldDrop","floor":18},{"not_picked":["meleeMod_AirDodge+1","meleeMod_NeutralAir"],"picked":"meleeMod_UpTilt","floor":19}],"player_experience":228776,"relics_obtained":[{"floor":9,"key":"Lantern"},{"floor":18,"key":"qcfpunch:Red_Headband"},{"floor":19,"key":"Kunai"}],"event_choices":[],"is_beta":false,"boss_relics":[{"not_picked":["halation:ForbiddenBikini","SacredBark"],"picked":"vexMod:ImprovementManual"},{"not_picked":[]}],"items_purged_floors":[],"is_endless":false,"potions_floor_spawned":[3,5,7,12,19],"killed_by":"Shelled Parasite and Fungi","ascension_level":0}}