{"host":"kda2p2afd6bvz6qo","time":1611181384,"event":{"mods":["BaseMod","Colored Map","Minty Spire (QoL Compilation)","Relic Stats"],"gold_per_floor":[109,120,132,57,71,100,100,157,184,184,197,214,214,245,245,321,321,331,246,246,246,263,296,296,312,312,150,169,169,194,194,194,267,267,278,289,83,97,18,18,53,53,103,133,133,133,183,200,200,200,200,200],"floor_reached":51,"language":"ENG","playtime":3245,"items_purged":["Reflex"],"score":1606,"play_id":"b11f8061-2e2a-43dc-9048-774413501dcd","local_time":"20210120222304","is_ascension_mode":true,"campfire_choices":[{"data":"Adrenaline","floor":7,"key":"SMITH"},{"data":"Glass Knife","floor":10,"key":"SMITH"},{"data":"Glass Knife","floor":13,"key":"SMITH"},{"data":"All Out Attack","floor":15,"key":"SMITH"},{"floor":24,"key":"REST"},{"data":"Night Terror","floor":29,"key":"SMITH"},{"floor":32,"key":"REST"},{"data":"Footwork","floor":40,"key":"SMITH"},{"floor":42,"key":"REST"},{"floor":45,"key":"REST"},{"data":"Malaise","floor":49,"key":"SMITH"}],"circlet_count":0,"master_deck":["AscendersBane","Survivor","Neutralize","Adrenaline+1","Finisher","All Out Attack+1","Flying Knee","Glass Knife+1","Well Laid Plans","Predator","Cloak And Dagger","Glass Knife+1","Backflip","Deflect","Leg Sweep","Cloak And Dagger","PiercingWail","Dodge and Roll","Bouncing Flask","Night Terror+1","Tactician+1","Terror","Dagger Throw+1","Bouncing Flask+1","Night Terror","CurseOfTheBell","Acrobatics","Malaise+1","Footwork+1","Adrenaline+1","The Bomb"],"relics":["Pandora\u0027s Box","Toy Ornithopter","Oddly Smooth Stone","Strawberry","Runic Dome","Pear","Nilry\u0027s Codex","Nunchaku","Gambling Chip","Chemical X","Ninja Scroll","MutagenicStrength","Calling Bell","Regal Pillow","Paper Crane","Du-Vu Doll","Membership Card","DollysMirror","Mummified Hand","Happy Flower","StoneCalendar"],"acts_visited":["Exordium","TheCity","TheBeyond"],"potions_floor_usage":[6,22,41,41,48],"damage_taken":[{"damage":0,"enemies":"Cultist","floor":1,"turns":2},{"damage":0,"enemies":"2 Louse","floor":2,"turns":2},{"damage":0,"enemies":"Small Slimes","floor":3,"turns":2},{"damage":0,"enemies":"2 Fungi Beasts","floor":5,"turns":2},{"damage":0,"enemies":"Gremlin Nob","floor":6,"turns":2},{"damage":0,"enemies":"Blue Slaver","floor":11,"turns":1},{"damage":0,"enemies":"Red Slaver","floor":12,"turns":2},{"damage":3,"enemies":"3 Sentries","floor":14,"turns":5},{"damage":0,"enemies":"Slime Boss","floor":16,"turns":6},{"damage":11,"enemies":"Chosen","floor":18,"turns":4},{"damage":15,"enemies":"Shell Parasite","floor":22,"turns":2},{"damage":6,"enemies":"Book of Stabbing","floor":23,"turns":5},{"damage":1,"enemies":"3 Cultists","floor":25,"turns":4},{"damage":8,"enemies":"Sentry and Sphere","floor":28,"turns":5},{"damage":0,"enemies":"Gremlin Leader","floor":30,"turns":4},{"damage":22,"enemies":"Collector","floor":33,"turns":7},{"damage":0,"enemies":"Orb Walker","floor":35,"turns":1},{"damage":2,"enemies":"3 Shapes","floor":36,"turns":6},{"damage":1,"enemies":"Jaw Worm Horde","floor":38,"turns":4},{"damage":68,"enemies":"Reptomancer","floor":41,"turns":8},{"damage":14,"enemies":"Giant Head","floor":44,"turns":7},{"damage":0,"enemies":"Spire Growth","floor":48,"turns":3},{"damage":76,"enemies":"Time Eater","floor":50,"turns":13},{"damage":6,"enemies":"Awakened One","floor":51,"turns":2}],"seed_played":"-6864099853476735009","potions_obtained":[{"floor":1,"key":"ColorlessPotion"},{"floor":2,"key":"PowerPotion"},{"floor":3,"key":"FearPotion"},{"floor":6,"key":"Dexterity Potion"},{"floor":18,"key":"SpeedPotion"},{"floor":21,"key":"SkillPotion"},{"floor":23,"key":"AttackPotion"},{"floor":44,"key":"DistilledChaos"},{"floor":48,"key":"BlessingOfTheForge"}],"is_trial":false,"path_per_floor":["M","M","M","$","M","E","R","?","T","R","M","M","R","E","R","B",null,"M","?","?","?","M","E","R","M","T","$","M","R","E","?","R","B",null,"M","M","$","M","$","R","E","R","T","E","R","?","?","M","R","B","B"],"character_chosen":"THE_SILENT","items_purchased":["Chemical X","Membership Card","Footwork","DollysMirror"],"campfire_rested":4,"item_purchase_floors":[27,37,37,39],"current_hp_per_floor":[59,59,59,59,59,59,59,59,59,59,59,59,59,63,63,63,71,60,70,49,49,39,33,57,56,56,56,48,48,48,48,72,50,75,75,73,73,72,72,72,14,53,53,39,78,73,73,78,78,2,0,0],"gold":200,"neow_bonus":"BOSS_RELIC","is_daily":false,"chose_seed":false,"campfire_upgraded":7,"win_rate":0.0,"timestamp":1611181384,"path_taken":["M","?","M","$","M","E","R","?","T","R","M","M","R","E","R","BOSS","M","?","?","?","?","E","R","M","T","$","M","R","E","?","R","BOSS","M","M","$","M","$","R","E","R","T","E","R","?","?","?","R","BOSS","BOSS"],"items_purchased_type":["Relic","Relic","Card","Relic"],"build_version":"2020-12-22","purchased_purges":1,"victory":false,"max_hp_per_floor":[66,66,66,66,66,66,66,66,66,66,66,66,66,73,73,73,73,73,83,83,83,83,83,83,83,83,83,83,83,83,83,83,83,83,83,83,83,83,83,83,83,83,83,83,83,83,83,83,83,83,83,83],"relic_stats":{"Nunchaku":[15],"Regal Pillow":30,"Happy Flower":[8],"counters":[24,99],"Mummified Hand":[15],"Gambling Chip":[15],"Pandora\u0027s Box":["Adrenaline","Reflex","Finisher","All Out Attack","Flying Knee","Glass Knife","Well Laid Plans","Predator","Cloak And Dagger","Glass Knife"],"StoneCalendar":[43],"Chemical X":[9],"obtain_stats":[{"Regal Pillow":34,"Pear":19,"Happy Flower":43,"Nilry\u0027s Codex":20,"Oddly Smooth Stone":9,"StoneCalendar":44,"Paper Crane":34,"Calling Bell":34,"Du-Vu Doll":34,"Runic Dome":17,"Nunchaku":23,"Ninja Scroll":30,"DollysMirror":39,"Mummified Hand":41,"Strawberry":14,"Gambling Chip":26,"MutagenicStrength":31,"Pandora\u0027s Box":0,"Chemical X":27,"Membership Card":37,"Toy Ornithopter":6,"Ring of the Snake":0},{"Regal Pillow":16,"Pear":10,"Happy Flower":20,"Nilry\u0027s Codex":10,"Oddly Smooth Stone":5,"StoneCalendar":21,"Paper Crane":16,"Calling Bell":16,"Du-Vu Doll":16,"Runic Dome":9,"Nunchaku":12,"Ninja Scroll":15,"DollysMirror":19,"Mummified Hand":20,"Strawberry":8,"Gambling Chip":13,"MutagenicStrength":15,"Pandora\u0027s Box":0,"Chemical X":13,"Membership Card":18,"Toy Ornithopter":5,"Ring of the Snake":0},{"Regal Pillow":55,"Pear":28,"Happy Flower":74,"Nilry\u0027s Codex":28,"Oddly Smooth Stone":10,"StoneCalendar":81,"Paper Crane":55,"Calling Bell":55,"Du-Vu Doll":55,"Runic Dome":24,"Nunchaku":35,"Ninja Scroll":48,"DollysMirror":66,"Mummified Hand":74,"Strawberry":18,"Gambling Chip":39,"MutagenicStrength":48,"Pandora\u0027s Box":0,"Chemical X":39,"Membership Card":62,"Toy Ornithopter":10,"Ring of the Snake":0}],"Toy Ornithopter":20},"card_choices":[{"not_picked":["Backstab","Catalyst"],"picked":"Backflip","floor":1},{"not_picked":["Dagger Throw","Bane"],"picked":"Deflect","floor":2},{"not_picked":["Deadly Poison","Unload"],"picked":"Leg Sweep","floor":3},{"not_picked":["Distraction","Bane"],"picked":"Cloak And Dagger","floor":5},{"not_picked":["Endless Agony","Calculated Gamble"],"picked":"PiercingWail","floor":6},{"not_picked":["Slice","Flying Knee"],"picked":"Dodge and Roll","floor":11},{"not_picked":["Slice","Bane","Prepared"],"picked":"SKIP","floor":12},{"not_picked":["Masterful Stab","Flying Knee"],"picked":"Bouncing Flask","floor":14},{"not_picked":["Grand Finale","Venomology"],"picked":"Night Terror","floor":16},{"not_picked":["Bane","Acrobatics"],"picked":"Tactician+1","floor":18},{"not_picked":["Slice","Bane","Deadly Poison"],"picked":"SKIP","floor":22},{"not_picked":["Backflip+1","Bouncing Flask"],"picked":"Terror","floor":23},{"not_picked":["Sucker Punch","Dagger Spray","Bane"],"picked":"SKIP","floor":25},{"not_picked":["Backflip","Quick Slash"],"picked":"Dagger Throw+1","floor":28},{"not_picked":["Dagger Throw","Blade Dance"],"picked":"Bouncing Flask+1","floor":30},{"not_picked":["Storm of Steel","After Image"],"picked":"Night Terror","floor":33},{"not_picked":["Bane","Backflip"],"picked":"Acrobatics","floor":35},{"not_picked":["Quick Slash+1","Outmaneuver"],"picked":"Malaise","floor":36},{"not_picked":["Cloak And Dagger","Deadly Poison+1","Dagger Spray+1"],"picked":"SKIP","floor":38},{"not_picked":["Finisher","Underhanded Strike","All Out Attack"],"picked":"SKIP","floor":41},{"not_picked":["Quick Slash+1","Predator","Heel Hook"],"picked":"SKIP","floor":44},{"not_picked":["Purity","HandOfGreed"],"picked":"The Bomb","floor":46},{"not_picked":["Flechettes+1","Slice","Underhanded Strike"],"picked":"SKIP","floor":48}],"player_experience":151489,"relics_obtained":[{"floor":6,"key":"Toy Ornithopter"},{"floor":9,"key":"Oddly Smooth Stone"},{"floor":14,"key":"Strawberry"},{"floor":20,"key":"Nilry\u0027s Codex"},{"floor":23,"key":"Nunchaku"},{"floor":26,"key":"Gambling Chip"},{"floor":30,"key":"Ninja Scroll"},{"floor":34,"key":"Regal Pillow"},{"floor":34,"key":"Paper Crane"},{"floor":34,"key":"Du-Vu Doll"},{"floor":41,"key":"Mummified Hand"},{"floor":43,"key":"Happy Flower"},{"floor":44,"key":"StoneCalendar"}],"event_choices":[{"damage_healed":0,"gold_gain":57,"player_choice":"Gained Gold","damage_taken":0,"max_hp_gain":0,"max_hp_loss":0,"event_name":"Golden Wing","floor":8,"gold_loss":0},{"damage_healed":0,"gold_gain":0,"player_choice":"Obtained Relic","damage_taken":0,"relics_obtained":["Pear"],"max_hp_gain":0,"max_hp_loss":0,"event_name":"Addict","floor":19,"gold_loss":85},{"damage_healed":0,"gold_gain":0,"player_choice":"Obtained Book","damage_taken":21,"max_hp_gain":0,"max_hp_loss":0,"event_name":"Cursed Tome","floor":20,"gold_loss":0},{"damage_healed":0,"gold_gain":0,"player_choice":"Got Potions","damage_taken":0,"max_hp_gain":0,"max_hp_loss":0,"event_name":"Lab","floor":21,"gold_loss":0},{"damage_healed":0,"gold_gain":0,"player_choice":"Inject Mutagens","damage_taken":0,"relics_obtained":["MutagenicStrength"],"max_hp_gain":0,"max_hp_loss":0,"event_name":"Drug Dealer","floor":31,"gold_loss":0},{"damage_healed":0,"gold_gain":0,"player_choice":"Memory 2","damage_taken":5,"max_hp_gain":0,"max_hp_loss":0,"event_name":"SensoryStone","floor":46,"gold_loss":0},{"damage_healed":0,"gold_gain":50,"player_choice":"Pray","damage_taken":0,"max_hp_gain":0,"max_hp_loss":0,"event_name":"Golden Shrine","floor":47,"gold_loss":0}],"is_beta":false,"boss_relics":[{"not_picked":["Fusion Hammer","Snecko Eye"],"picked":"Runic Dome"},{"not_picked":["Black Star","SlaversCollar"],"picked":"Calling Bell"}],"items_purged_floors":[4],"is_endless":false,"potions_floor_spawned":[1,2,3,6,14,18,23,44,48],"killed_by":"Awakened One","ascension_level":20}}