{"host":"bf9sa99gaumonoeu","time":1611119647,"event":{"mods":["AchievementEnabler","Act Like it!","Aspiration","BaseMod","Bestiary","Better Note","Block Reminder","Colored Map","Colored Powertips","Fox Events","Friendly Minions","Gensokyo","GifTheSpireLib","Googly Eyes","Hallownest","Hermit","Highlight Path","Jorbs\u0027s Wanderer Trilogy","KinomotoSakuraMod(????)","Koishi","Marisa????????","Minty Spire (QoL Compilation)","Rare Cards Sparkle","Relic Stats","Remilia??????","Spire Arcade","StSLib","The Administrix","The Animator","The Bug Knight","The Construct","The Cursed","The Hierophant","The Mystic","The Necromancer","The Poker Player","The Runesmith","The Senshi","The Servant 0.9.4","ojb\u0027s Info Mod"],"gold_per_floor":[111,125,125,143,161,161,187,205,205,205,223,251,314,40,40,115,115,125,140,154,154,44,44,79,79,104,121,121,36,65,65,65,136,136,155,155,174,2,21,46,46,46,73,103,118,137,137,148,148,148,148,148],"floor_reached":51,"language":"ENG","playtime":3881,"items_purged":["Strike_G"],"score":1479,"play_id":"3a52dcdc-e433-44b3-b99c-b5eb732f4395","local_time":"20210120031407","is_ascension_mode":true,"campfire_choices":[{"data":"Skewer","floor":6.0,"key":"SMITH"},{"data":"Finisher","floor":10.0,"key":"SMITH"},{"data":"Neutralize","floor":15.0,"key":"SMITH"},{"data":"All Out Attack","floor":23.0,"key":"SMITH"},{"data":"Crippling Poison","floor":25.0,"key":"SMITH"},{"data":"Phantasmal Killer","floor":28.0,"key":"SMITH"},{"data":"Corpse Explosion","floor":32.0,"key":"SMITH"},{"data":"After Image","floor":41.0,"key":"SMITH"},{"data":"Panache","floor":49.0,"key":"SMITH"}],"circlet_count":0,"master_deck":["AscendersBane","Strike_G","Strike_G","Strike_G","Defend_G","Defend_G","Defend_G","Defend_G","Defend_G","Survivor","Neutralize+1","Finisher+1","Backflip","Skewer+1","Slice+1","Endless Agony","All Out Attack+1","PanicButton","Sucker Punch","Phantasmal Killer+1","Blade Dance+1","Deflect+1","Sucker Punch+1","Prepared","Crippling Poison+1","Outmaneuver+1","Corpse Explosion+1","Writhe","Phantasmal Killer","Wraith","Cloak And Dagger+1","After Image+1","Dark Shackles","Panache+1","PiercingWail","Deflect+1"],"relics":["Ring of the Snake","construct:BoolHorns","Blood Vial","Eternal Feather","Pear","Whetstone","Runic Dome","Dream Catcher","Centennial Puzzle","White Beast Statue","Red Mask","Shuriken","Runic Pyramid","aspiration:Lifesprig","Question Card","Vajra","Ninja Scroll"],"acts_visited":["Exordium","TheCity","TheBeyond"],"potions_floor_usage":[51],"damage_taken":[{"damage":2.0,"enemies":"Jaw Worm","floor":1.0,"turns":6.0},{"damage":4.0,"enemies":"Small Slimes","floor":2.0,"turns":3.0},{"damage":0.0,"enemies":"Cultist","floor":4.0,"turns":3.0},{"damage":12.0,"enemies":"Gremlin Gang","floor":5.0,"turns":7.0},{"damage":0.0,"enemies":"Large Slime","floor":8.0,"turns":3.0},{"damage":0.0,"enemies":"2 Fungi Beasts","floor":11.0,"turns":1.0},{"damage":15.0,"enemies":"Lagavulin","floor":12.0,"turns":5.0},{"damage":10.0,"enemies":"3 Sentries","floor":13.0,"turns":7.0},{"damage":29.0,"enemies":"Slime Boss","floor":16.0,"turns":9.0},{"damage":18.0,"enemies":"Shell Parasite","floor":18.0,"turns":6.0},{"damage":0.0,"enemies":"Chosen","floor":19.0,"turns":3.0},{"damage":0.0,"enemies":"Snecko","floor":20.0,"turns":2.0},{"damage":5.0,"enemies":"Gremlin Leader","floor":24.0,"turns":4.0},{"damage":0.0,"enemies":"Chosen and Byrds","floor":27.0,"turns":3.0},{"damage":15.0,"enemies":"Masked Bandits","floor":30.0,"turns":4.0},{"damage":65.0,"enemies":"Automaton","floor":33.0,"turns":7.0},{"damage":0.0,"enemies":"Orb Walker","floor":35.0,"turns":3.0},{"damage":6.0,"enemies":"3 Shapes","floor":37.0,"turns":3.0},{"damage":0.0,"enemies":"Sphere and 2 Shapes","floor":39.0,"turns":3.0},{"damage":0.0,"enemies":"Reptomancer","floor":40.0,"turns":2.0},{"damage":0.0,"enemies":"Nemesis","floor":44.0,"turns":4.0},{"damage":7.0,"enemies":"Spire Growth","floor":45.0,"turns":4.0},{"damage":0.0,"enemies":"3 Darklings","floor":46.0,"turns":3.0},{"damage":0.0,"enemies":"Transient","floor":48.0,"turns":6.0},{"damage":53.0,"enemies":"Time Eater","floor":50.0,"turns":10.0},{"damage":33,"enemies":"Awakened One","floor":51,"turns":3}],"seed_played":"-3156549524522069475","potions_obtained":[{"floor":2.0,"key":"CultistPotion"},{"floor":8.0,"key":"Fire Potion"},{"floor":13.0,"key":"SkillPotion"},{"floor":20.0,"key":"Strength Potion"},{"floor":24.0,"key":"Strength Potion"},{"floor":30.0,"key":"PowerPotion"},{"floor":33.0,"key":"Poison Potion"},{"floor":35.0,"key":"BlessingOfTheForge"},{"floor":37.0,"key":"SteroidPotion"},{"floor":40.0,"key":"SkillPotion"},{"floor":44.0,"key":"Block Potion"},{"floor":45.0,"key":"GamblersBrew"},{"floor":46.0,"key":"Weak Potion"},{"floor":48.0,"key":"Strength Potion"}],"is_trial":false,"path_per_floor":["M","M","?","M","M","R","T","M","T","R","M","E","?","$","R","B",null,"M","M","M","?","$","R","E","R","T","M","R","?","?","?","R","B",null,"M","?","M","$","M","E","R","?","T","E","M","M","?","M","R","B","B"],"character_chosen":"THE_SILENT","items_purchased":["DuplicationPotion","PanicButton","Sucker Punch","Prepared","DuplicationPotion","aspiration:Lifesprig"],"campfire_rested":0,"item_purchase_floors":[14,14,14,22,22,38],"current_hp_per_floor":[63,59,48,48,36,36,36,38,38,47,49,46,38,38,50,23,67,51,53,55,55,55,70,67,82,82,82,82,82,67,67,82,17,66,68,68,64,64,66,68,82,72,72,74,69,71,71,73,82,29,0,0],"gold":148,"neow_bonus":"TEN_PERCENT_HP_BONUS","is_daily":false,"chose_seed":false,"campfire_upgraded":9,"win_rate":0.0,"timestamp":1611119647,"path_taken":["M","M","?","M","M","R","?","M","T","R","M","E","?","$","R","BOSS","M","M","M","?","$","R","E","R","T","?","R","?","?","?","R","BOSS","M","?","M","$","M","E","R","?","T","E","M","M","?","M","R","BOSS","BOSS"],"items_purchased_type":["Potion","Card","Card","Card","Potion","Relic"],"build_version":"2020-12-22","purchased_purges":1,"victory":false,"max_hp_per_floor":[72,72,72,72,72,72,72,72,72,72,72,82,82,82,82,82,82,82,82,82,82,82,82,82,82,82,82,82,82,82,82,82,82,82,82,82,82,82,82,82,82,82,82,82,82,82,82,82,82,82,82,82],"relic_stats":{"Blood Vial":36,"Dream Catcher":0,"Centennial Puzzle":[19],"counters":[26,114],"Shuriken":[37],"Eternal Feather":89,"Whetstone":["Slice","Strike_G"],"Question Card":7,"obtain_stats":[{"construct:BoolHorns":3,"aspiration:Lifesprig":38,"Pear":12,"Vajra":43,"Eternal Feather":9,"Whetstone":13,"Question Card":40,"White Beast Statue":29,"Blood Vial":7,"Runic Dome":17,"Dream Catcher":24,"Centennial Puzzle":26,"Shuriken":31,"Ninja Scroll":44,"Red Mask":30,"Ring of the Snake":0,"Runic Pyramid":34},{"construct:BoolHorns":2,"aspiration:Lifesprig":18,"Pear":7,"Vajra":20,"Eternal Feather":5,"Whetstone":8,"Question Card":20,"White Beast Statue":14,"Blood Vial":4,"Runic Dome":9,"Dream Catcher":13,"Centennial Puzzle":13,"Shuriken":15,"Ninja Scroll":21,"Red Mask":15,"Ring of the Snake":0,"Runic Pyramid":16},{"construct:BoolHorns":9,"aspiration:Lifesprig":79,"Pear":28,"Vajra":84,"Eternal Feather":22,"Whetstone":35,"Question Card":84,"White Beast Statue":62,"Blood Vial":19,"Runic Dome":44,"Dream Catcher":59,"Centennial Puzzle":59,"Shuriken":66,"Ninja Scroll":88,"Red Mask":66,"Ring of the Snake":0,"Runic Pyramid":73}],"Ring of the Snake":[53]},"card_choices":[{"not_picked":["Dodge and Roll","Acrobatics"],"picked":"Finisher","floor":1.0},{"not_picked":["Tactician","PiercingWail"],"picked":"Backflip","floor":2.0},{"not_picked":["Underhanded Strike","Acrobatics"],"picked":"Skewer","floor":4.0},{"not_picked":["Deadly Poison","Bane"],"picked":"Slice","floor":5.0},{"not_picked":["PiercingWail","Finisher"],"picked":"Endless Agony","floor":8.0},{"not_picked":["Crippling Poison","Accuracy","Poisoned Stab"],"picked":"SKIP","floor":11.0},{"not_picked":["Outmaneuver","Backflip"],"picked":"All Out Attack","floor":12.0},{"not_picked":["After Image","Envenom"],"picked":"Phantasmal Killer","floor":16.0},{"not_picked":["Prepared","Dagger Spray"],"picked":"Blade Dance+1","floor":18.0},{"not_picked":["Dagger Throw","Backflip"],"picked":"Deflect+1","floor":19.0},{"not_picked":["Dodge and Roll","Flying Knee"],"picked":"Sucker Punch+1","floor":20.0},{"not_picked":["Acrobatics","Flying Knee"],"picked":"Crippling Poison","floor":24.0},{"not_picked":["Reflex","Flying Knee+1"],"picked":"Outmaneuver+1","floor":27.0},{"not_picked":["Quick Slash","Deadly Poison"],"picked":"Corpse Explosion","floor":30.0},{"not_picked":["Venomology","aspiration:Lunge"],"picked":"Phantasmal Killer","floor":33.0},{"not_picked":["Quick Slash+1","Bane","Expertise+1"],"picked":"SKIP","floor":35.0},{"not_picked":["Well Laid Plans","Bane","Flying Knee"],"picked":"SKIP","floor":37.0},{"not_picked":["Backflip","Dodge and Roll+1"],"picked":"Cloak And Dagger+1","floor":39.0},{"not_picked":["Dagger Spray","Dodge and Roll+1"],"picked":"After Image","floor":40.0},{"not_picked":["Mind Blast","Dramatic Entrance","Apotheosis"],"picked":"Dark Shackles","floor":42.0},{"not_picked":["Secret Weapon","Madness","Impatience"],"picked":"Panache","floor":42.0},{"not_picked":["Bane","Backflip","Quick Slash"],"picked":"PiercingWail","floor":44.0},{"not_picked":["Dodge and Roll","Dagger Throw","Dagger Spray","Cloak And Dagger+1"],"picked":"SKIP","floor":45.0},{"not_picked":["Dodge and Roll","Dagger Throw","Dagger Spray","Cloak And Dagger+1"],"picked":"SKIP","floor":45.0},{"not_picked":["Reflex","Masterful Stab","Adrenaline","Catalyst"],"picked":"SKIP","floor":46.0},{"not_picked":["Prepared","Flying Knee","Backflip"],"picked":"Deflect+1","floor":48.0}],"player_experience":1019858,"relics_obtained":[{"floor":7.0,"key":"Blood Vial"},{"floor":9.0,"key":"Eternal Feather"},{"floor":12.0,"key":"Pear"},{"floor":13.0,"key":"Whetstone"},{"floor":24.0,"key":"Dream Catcher"},{"floor":26.0,"key":"Centennial Puzzle"},{"floor":30.0,"key":"Red Mask"},{"floor":40.0,"key":"Question Card"},{"floor":43.0,"key":"Vajra"},{"floor":44.0,"key":"Ninja Scroll"}],"event_choices":[{"damage_healed":0.0,"max_hp_gain":0.0,"max_hp_loss":0.0,"gold_gain":0.0,"event_name":"Scrap Ooze","player_choice":"Success","floor":3.0,"gold_loss":0.0,"damage_taken":11.0,"relics_obtained":["construct:BoolHorns"]},{"damage_healed":0.0,"max_hp_gain":0.0,"max_hp_loss":0.0,"gold_gain":0.0,"event_name":"Dead Adventurer","player_choice":"Searched \u00272\u0027 times","floor":13.0,"gold_loss":0.0,"damage_taken":0.0},{"cards_removed":["PanicButton"],"damage_healed":0.0,"max_hp_gain":0.0,"max_hp_loss":0.0,"gold_gain":0.0,"event_name":"betterNote:BetterNote","player_choice":"Give","floor":21.0,"gold_loss":0.0,"damage_taken":0.0,"cards_obtained":["aspiration:Lunge"]},{"damage_healed":0.0,"max_hp_gain":0.0,"max_hp_loss":0.0,"gold_gain":0.0,"event_name":"Addict","player_choice":"Obtained Relic","floor":29.0,"gold_loss":85.0,"damage_taken":0.0,"relics_obtained":["White Beast Statue"]},{"damage_healed":0.0,"max_hp_gain":0.0,"max_hp_loss":0.0,"gold_gain":0.0,"event_name":"Masked Bandits","player_choice":"Fought Bandits","floor":30.0,"gold_loss":0.0,"damage_taken":0.0},{"damage_healed":0.0,"max_hp_gain":0.0,"max_hp_loss":0.0,"gold_gain":0.0,"event_name":"The Mausoleum","player_choice":"Opened","floor":31.0,"gold_loss":0.0,"damage_taken":0.0,"relics_obtained":["Shuriken"],"cards_obtained":["Writhe"]},{"damage_healed":0.0,"max_hp_gain":0.0,"max_hp_loss":0.0,"gold_gain":0.0,"event_name":"OrinTheCat","player_choice":"Ignored","floor":36.0,"gold_loss":0.0,"damage_taken":0.0},{"damage_healed":0.0,"max_hp_gain":0.0,"max_hp_loss":0.0,"gold_gain":0.0,"event_name":"SensoryStone","player_choice":"Memory 3","floor":42.0,"gold_loss":0.0,"damage_taken":10.0},{"cards_removed":["Strike_G"],"damage_healed":0.0,"max_hp_gain":0.0,"max_hp_loss":0.0,"gold_gain":0.0,"event_name":"Falling","player_choice":"Removed Attack","floor":47.0,"gold_loss":0.0,"damage_taken":0.0}],"is_beta":false,"boss_relics":[{"not_picked":["Snecko Eye","Empty Cage"],"picked":"Runic Dome"},{"not_picked":["aspiration:DefectSkillbook","aspiration:ServantSkillbook"],"picked":"Runic Pyramid"}],"items_purged_floors":[14],"is_endless":false,"potions_floor_spawned":[2,8,13,20,24,30,33,35,37,39,40,44,45,46,48],"killed_by":"Awakened One","ascension_level":20}}