{"host":"igi9xpgoc000gxf5","time":1611181250,"event":{"mods":["BaseMod","Colored Powertips","Downfall","Googly Eyes","Minty Spire (QoL Compilation)","StSLib"],"gold_per_floor":[111,140,452,31,41,141,141,141,157,171,197,18,28,47,63,161,161,161,180,180,180,195,195,222,222,222,234,234,234,18,33,46,144,144,144,162,173,5,5,25,49,49,72,29,29,13,13,72,101,101],"floor_reached":51,"language":"ENG","playtime":4610,"items_purged":["downfall:Icky"],"score":664,"play_id":"7a7e43be-a22e-4436-9155-8d7ec56d85c4","local_time":"20210120232050","is_ascension_mode":false,"campfire_choices":[{"data":"bronze:Goto","floor":1,"key":"SMITH"},{"floor":8,"key":"REST"},{"data":"bronze:HardenedForm","floor":18,"key":"SMITH"},{"data":"bronze:Terminator","floor":23,"key":"SMITH"},{"data":"bronze:Overload","floor":26,"key":"SMITH"},{"data":"bronze:MaxOutput","floor":29,"key":"SMITH"},{"data":"bronze:WhirlingStrike","floor":35,"key":"SMITH"},{"floor":42,"key":"REST"},{"data":"bronze:BronzeOrb","floor":45,"key":"SMITH"},{"data":"bronze:Separator","floor":47,"key":"SMITH"}],"circlet_count":0,"master_deck":["bronze:Strike","bronze:Strike","bronze:Strike","bronze:Defend","bronze:Defend","bronze:Defend","bronze:Defend","bronze:Replicate","bronze:Goto+1","bronze:Branch","bronze:Terminator+1","bronze:MaxOutput+1","expansioncontent:DashGenerateEvil+1","bronze:BugBarrage","bronze:Frontload","bronze:Allocate","bronze:WildBeam","bronze:Separator+1","bronze:Turbo","bronze:Branch","bronze:FineTuning","bronze:BronzeOrb","bronze:Deprecate","bronze:ClassDefault","bronze:WhirlingStrike+1","bronze:Overload+1","bronze:Separator+1","Writhe","bronze:BugBarrage","bronze:Repair","RitualDagger+1","bronze:Branch","bronze:Shield","bronze:Turbo+1","bronze:Safeguard","bronze:HyperBeam","bronze:BronzeOrb+1","bronze:Branch+1","bronze:WhirlingStrike+1","bronze:WhirlingStrike","bronze:Frontload","bronze:Deprecate+1","bronze:Branch","bronze:Constructor+1","bronze:SpaghettiCode"],"relics":["bronze:BronzeCore","MawBank","Blood Vial","Boot","Odd Mushroom","Blue Candle","Orichalcum","MealTicket","SlaversCollar","Lantern","CeramicFish","Nunchaku","Eternal Feather","Calipers"],"acts_visited":["Exordium","TheCity","TheBeyond"],"potions_floor_usage":[16,16,19,33,33,40,40,50,50,50],"damage_taken":[{"damage":8,"enemies":"Small Slimes","floor":2,"turns":4},{"damage":0,"enemies":"downfall:FleeingMerchant","floor":4,"turns":4},{"damage":1,"enemies":"Jaw Worm","floor":5,"turns":3},{"damage":18,"enemies":"downfall:Heads","floor":6,"turns":5},{"damage":0,"enemies":"2 Louse","floor":9,"turns":3},{"damage":16,"enemies":"Large Slime","floor":10,"turns":2},{"damage":7,"enemies":"The Mushroom Lair","floor":11,"turns":4},{"damage":15,"enemies":"downfall:FleeingMerchant","floor":12,"turns":4},{"damage":0,"enemies":"3 Louse","floor":13,"turns":3},{"damage":0,"enemies":"Blue Slaver","floor":14,"turns":3},{"damage":0,"enemies":"Exordium Wildlife","floor":15,"turns":3},{"damage":41,"enemies":"WA_ARCHETYPE_RETAIN","floor":16,"turns":7},{"damage":5,"enemies":"3 Byrds","floor":19,"turns":6},{"damage":10,"enemies":"Shelled Parasite and Fungi","floor":22,"turns":6},{"damage":10,"enemies":"Centurion and Healer","floor":27,"turns":6},{"damage":7,"enemies":"downfall:FleeingMerchant","floor":30,"turns":4},{"damage":8,"enemies":"3 Cultists","floor":31,"turns":4},{"damage":27,"enemies":"Shelled Parasite and Fungi","floor":32,"turns":4},{"damage":38,"enemies":"IC_MUSHROOM_ARCHETYPE","floor":33,"turns":7},{"damage":9,"enemies":"3 Darklings","floor":36,"turns":9},{"damage":1,"enemies":"Orb Walker","floor":37,"turns":4},{"damage":0,"enemies":"downfall:FleeingMerchant","floor":38,"turns":4},{"damage":19,"enemies":"3 Darklings","floor":40,"turns":5},{"damage":18,"enemies":"Sphere and 2 Shapes","floor":43,"turns":6},{"damage":18,"enemies":"downfall:FleeingMerchant","floor":44,"turns":4},{"damage":11,"enemies":"downfall:FleeingMerchant","floor":48,"turns":6},{"damage":46,"enemies":"Maw","floor":49,"turns":10},{"damage":4,"enemies":"SI_POISON_ARCHETYPE","floor":50,"turns":13}],"seed_played":"-7472221852868976177","potions_obtained":[{"floor":5,"key":"SpeedPotion"},{"floor":9,"key":"sneckomod:MuddlingPotion"},{"floor":10,"key":"champ:CounterPotion"},{"floor":14,"key":"CultistPotion"},{"floor":16,"key":"EntropicBrew"},{"floor":22,"key":"Fire Potion"},{"floor":28,"key":"CultistPotion"},{"floor":33,"key":"ColorlessPotion"},{"floor":36,"key":"Ancient Potion"},{"floor":40,"key":"CultistPotion"},{"floor":49,"key":"Fire Potion"}],"is_trial":false,"path_per_floor":["R","M","?","$","M","?","T","R","M","M","?","$","M","M","M","B",null,"R","M","?","?","M","R","T","?","R","M","?","R","$","M","M","B",null,"R","M","M","?","?","M","T","R","M","$","R","$","R","?","M","B",null],"character_chosen":"THE_AUTOMATON","items_purchased":["Blood Vial","bronze:MaxOutput","expansioncontent:DashGenerateEvil","bronze:BugBarrage","bronze:BronzeOrb","bronze:Deprecate","MealTicket","bronze:Shield","Lantern","Nunchaku","Eternal Feather","bronze:Branch"],"campfire_rested":2,"item_purchase_floors":[4,4,4,4,12,12,30,30,38,44,44,46],"current_hp_per_floor":[70,62,62,62,63,47,47,68,70,54,49,36,38,40,42,3,70,70,65,65,65,57,57,57,80,80,70,70,70,65,66,41,27,80,80,78,79,80,80,61,61,80,62,68,80,80,80,69,25,30],"gold":101,"neow_bonus":"RANDOM_COMMON_RELIC","is_daily":false,"chose_seed":false,"campfire_upgraded":8,"win_rate":0.0,"timestamp":1611181250,"path_taken":["R","M","?","$","M","?","T","R","M","M","?","$","M","M","M","BOSS","R","M","?","?","M","R","T","?","R","?","?","R","$","M","M","BOSS","R","M","M","?","?","M","T","R","M","$","R","$","R","?","M","BOSS"],"items_purchased_type":["Relic","Card","Card","Card","Card","Card","Relic","Card","Relic","Relic","Relic","Card"],"build_version":"2020-12-22","purchased_purges":1,"victory":true,"max_hp_per_floor":[70,70,70,70,70,70,70,70,70,70,70,70,70,70,70,70,70,70,70,70,70,70,70,70,80,80,80,80,80,80,80,80,80,80,80,80,80,80,80,80,80,80,80,80,80,80,80,80,80,80],"card_choices":[{"not_picked":["bronze:Frontload","bronze:BronzeArmor"],"picked":"bronze:Branch","floor":2},{"not_picked":["bronze:Virus","bronze:Overload"],"picked":"bronze:Terminator","floor":4},{"not_picked":["bronze:Return","bronze:Shield"],"picked":"bronze:Frontload","floor":5},{"not_picked":["bronze:Fortify","bronze:Optimize"],"picked":"bronze:WildBeam","floor":6},{"not_picked":["bronze:Fortify","bronze:DelayedGuard"],"picked":"bronze:Separator","floor":9},{"not_picked":["bronze:FindAndReplace","bronze:Overheat"],"picked":"bronze:Turbo","floor":10},{"not_picked":["bronze:DelayedGuard","bronze:Optimize"],"picked":"bronze:Branch","floor":11},{"not_picked":["bronze:Return","bronze:BugBarrage"],"picked":"bronze:FineTuning","floor":12},{"not_picked":["bronze:FineTuning","bronze:Branch"],"picked":"bronze:ClassDefault","floor":13},{"not_picked":["bronze:Optimize","bronze:Turbo"],"picked":"bronze:WhirlingStrike","floor":14},{"not_picked":["bronze:Refactor","bronze:Turbo"],"picked":"bronze:Overload","floor":15},{"not_picked":["bronze:Virus","bronze:RecursiveStrike"],"picked":"bronze:HardenedForm","floor":16},{"not_picked":["bronze:Frontload","bronze:ChildClass"],"picked":"bronze:Separator+1","floor":19},{"not_picked":["bronze:BitShift","bronze:CutThrough"],"picked":"bronze:BugBarrage","floor":22},{"not_picked":["bronze:CloningBeam","bronze:Frontload+1"],"picked":"bronze:Repair","floor":27},{"not_picked":["bronze:Deprecate","bronze:Invalidate+1"],"picked":"bronze:Branch","floor":30},{"not_picked":["bronze:CloningBeam+1","bronze:Optimize+1"],"picked":"bronze:Turbo+1","floor":31},{"not_picked":["bronze:Fortify","bronze:BronzeArmor"],"picked":"bronze:Safeguard","floor":32},{"not_picked":["bronze:RecursiveStrike","bronze:CleanCode"],"picked":"bronze:HyperBeam","floor":33},{"not_picked":["bronze:OilSpill+1","bronze:Boost"],"picked":"bronze:BronzeOrb","floor":36},{"not_picked":["bronze:DelayedGuard","bronze:Terminator"],"picked":"bronze:Branch+1","floor":37},{"not_picked":["bronze:BugBarrage+1","bronze:Turbo"],"picked":"bronze:WhirlingStrike+1","floor":38},{"not_picked":["bronze:Branch","bronze:ForLoop"],"picked":"bronze:WhirlingStrike","floor":40},{"not_picked":["bronze:FineTuning","bronze:Safeguard"],"picked":"bronze:Frontload","floor":43},{"not_picked":["bronze:Turbo","bronze:Boost"],"picked":"bronze:Deprecate+1","floor":44},{"not_picked":["bronze:Fortify","bronze:Repair"],"picked":"bronze:Constructor+1","floor":48},{"not_picked":["bronze:BuggyMess","bronze:Boost+1"],"picked":"bronze:SpaghettiCode","floor":49}],"player_experience":951765,"relics_obtained":[{"floor":7,"key":"Boot"},{"floor":11,"key":"Odd Mushroom"},{"floor":24,"key":"Orichalcum"},{"floor":41,"key":"CeramicFish"},{"floor":48,"key":"Calipers"}],"event_choices":[{"damage_healed":0,"gold_gain":0,"player_choice":"Fought Mushrooms","damage_taken":0,"max_hp_gain":0,"max_hp_loss":0,"event_name":"Mushrooms","floor":11,"gold_loss":0},{"damage_healed":0,"gold_gain":0,"player_choice":"Ignored","damage_taken":0,"max_hp_gain":0,"max_hp_loss":0,"event_name":"Ghosts","floor":21,"gold_loss":0},{"damage_healed":0,"gold_gain":0,"player_choice":"Ignored","damage_taken":0,"max_hp_gain":0,"max_hp_loss":0,"event_name":"Mysterious Sphere","floor":39,"gold_loss":0}],"is_beta":false,"boss_relics":[{"not_picked":["Empty Cage","Busted Crown","Runic Pyramid"]},{"not_picked":["Pandora\u0027s Box","Astrolabe"],"picked":"SlaversCollar"}],"items_purged_floors":[12],"is_endless":false,"potions_floor_spawned":[5,9,10,14,15,16,19,22,32,33,36,40,49],"ascension_level":0}}