{"host":"te4ihy0orbpglf07","time":1611167507,"event":{"mods":["Act Like it!","Arknights The Spire","BaseMod","BetterRewards","Ekko","Friendly Minions","Gensokyo","Hermit","Hubris","Infinite Spire","Minty Spire (QoL Compilation)","RumiaBox-????????","Small Relic Pack","StSLib","SuperFastMode","??????REMEMod"],"gold_per_floor":[109,122,122,122,134,191,220,243,306,332,344,370,382,447,459,567,579,605,134,230,230,240,240,252,351,351,351,276,276,276,292,292,395,395,412,427,427,427,447,447,447,447,500,500,518,530,530,547,547,652],"floor_reached":51,"language":"ENG","playtime":3295,"items_purged":[],"score":878,"play_id":"d13502df-8aec-4c76-90c6-7737ee71bce6","local_time":"20210120213147","is_ascension_mode":false,"campfire_choices":[{"floor":15.0,"key":"REST"},{"floor":23.0,"key":"REST"},{"floor":29.0,"key":"REST"},{"floor":32.0,"key":"REST"},{"data":"hermit:TakeAim","floor":40.0,"key":"SMITH"},{"data":"hermit:BlackWind","floor":42.0,"key":"SMITH"},{"data":"hermit:BlackWind","floor":44.0,"key":"SMITH"},{"floor":49.0,"key":"REST"}],"circlet_count":0,"master_deck":["hermit:Strike_Hermit","hermit:Strike_Hermit","hermit:Strike_Hermit","hermit:Defend_Hermit","hermit:Defend_Hermit","hermit:Defend_Hermit+1","hermit:Defend_Hermit","hermit:Snapshot","hermit:Covet","hermit:Snipe","hermit:ShadowCloak","Decay","hermit:Midnight","hermit:BlackWind+1","hermit:BlackWind+1","hermit:CalledShot","REME_WheelOfFate+1","hermit:TakeAim+1","Writhe","hermit:FinalCanter","hermit:Reprieve","CurseOfTheBell","hermit:CalledShot","hermit:Deadeye+1","hermit:EyeOfTheStorm","hermit:Shortfuse+1","hermit:Scavenge","hermit:TrackingShot"],"relics":["hermit:Momento","REME_ComplimentaryCards","infinitespire:Golems Mask","relicPack:OneForAll","MawBank","REME_PuzzleBoxRelic","hubris:Icosahedron","Runic Pyramid","MealTicket","relicPack:SpireResearchBook","War Paint","Lantern","infinitespire:EmpoweringShard","Calling Bell","hubris:SlimyHat","Matryoshka","Calipers","Regal Pillow","Blood Vial","Toy Ornithopter"],"acts_visited":["Exordium","TheCity","TheBeyond"],"potions_floor_usage":[50,50],"damage_taken":[{"damage":0.0,"enemies":"Cultist","floor":1.0,"turns":4.0},{"damage":7.0,"enemies":"Small Slimes","floor":2.0,"turns":4.0},{"damage":0.0,"enemies":"2 Louse","floor":5.0,"turns":4.0},{"damage":41.0,"enemies":"Gremlin Nob","floor":6.0,"turns":5.0},{"damage":13.0,"enemies":"Lots of Slimes","floor":7.0,"turns":7.0},{"damage":13.0,"enemies":"Red Slaver","floor":8.0,"turns":5.0},{"damage":0.0,"enemies":"Exordium Wildlife","floor":10.0,"turns":1.0},{"damage":0.0,"enemies":"2 Fungi Beasts","floor":12.0,"turns":3.0},{"damage":8.0,"enemies":"Slime Boss","floor":16.0,"turns":8.0},{"damage":12.0,"enemies":"Chosen","floor":18.0,"turns":5.0},{"damage":46.0,"enemies":"2 Thieves","floor":20.0,"turns":4.0},{"damage":11.0,"enemies":"Sentry and Sphere","floor":22.0,"turns":5.0},{"damage":14.0,"enemies":"3 Cultists","floor":24.0,"turns":4.0},{"damage":0.0,"enemies":"Snecko","floor":25.0,"turns":2.0},{"damage":0.0,"enemies":"Centurion and Healer","floor":31.0,"turns":3.0},{"damage":44.0,"enemies":"hubris:MusketHawk","floor":33.0,"turns":7.0},{"damage":18.0,"enemies":"3 Shapes","floor":35.0,"turns":4.0},{"damage":23.0,"enemies":"3 Darklings","floor":36.0,"turns":3.0},{"damage":21.0,"enemies":"Jaw Worm Horde","floor":39.0,"turns":3.0},{"damage":10.0,"enemies":"4 Shapes","floor":45.0,"turns":3.0},{"damage":7.0,"enemies":"3 Darklings","floor":46.0,"turns":4.0},{"damage":31.0,"enemies":"Sphere and 2 Shapes","floor":48.0,"turns":5.0},{"damage":82,"enemies":"Awakened One","floor":50,"turns":9}],"seed_played":"-2545404322081536020","potions_obtained":[{"floor":2.0,"key":"DuplicationPotion"},{"floor":5.0,"key":"REME_GoldPotion"},{"floor":6.0,"key":"AttackPotion"},{"floor":8.0,"key":"EssenceOfSteel"},{"floor":12.0,"key":"Dexterity Potion"},{"floor":18.0,"key":"DuplicationPotion"},{"floor":22.0,"key":"SmokeBomb"},{"floor":24.0,"key":"Energy Potion"},{"floor":36.0,"key":"LiquidMemories"},{"floor":46.0,"key":"SteroidPotion"},{"floor":48.0,"key":"hermit:Tonic"}],"is_trial":false,"path_per_floor":["M","M","?","?","M","E","M","M","T","M","$","M","?","?","R","B",null,"M","$","M","?","M","R","M","M","T","?","?","R","?","M","R","B",null,"M","M","?","?","M","R","?","R","T","R","M","M","AVR","M","R","B",null],"character_chosen":"HERMIT","items_purchased":["infinitespire:Golems Mask","MealTicket","relicPack:SpireResearchBook","REME_WheelOfFate"],"campfire_rested":5,"item_purchase_floors":[0,19,19,19],"current_hp_per_floor":[75,68,68,68,68,27,14,1,1,1,1,1,1,1,23,15,75,63,63,17,17,6,28,14,14,14,14,14,36,36,36,58,14,75,57,34,34,75,58,58,58,58,58,58,58,53,53,33,70,4],"gold":652,"neow_bonus":"","is_daily":false,"chose_seed":false,"campfire_upgraded":3,"win_rate":0.0,"timestamp":1611167507,"path_taken":["M","?","?","?","M","E","M","M","T","?","?","M","?","?","R","BOSS","M","$","M","?","M","R","M","M","T","?","?","R","?","M","R","BOSS","M","?","?","?","?","R","?","R","T","R","M","M","AVR","M","R","BOSS"],"items_purchased_type":["Relic","Relic","Relic","Card"],"build_version":"2020-12-22","purchased_purges":0,"victory":true,"max_hp_per_floor":[75,75,75,75,75,75,75,75,75,75,75,75,75,75,75,75,75,75,75,75,75,75,75,75,75,75,75,75,75,75,75,75,75,75,75,75,75,75,75,75,75,75,75,75,75,75,75,75,75,75],"card_choices":[{"not_picked":["hermit:LowProfile","hermit:Ricochet"],"picked":"hermit:Snipe","floor":1.0},{"not_picked":["hermit:LowProfile","hermit:Malice"],"picked":"hermit:ShadowCloak","floor":2.0},{"not_picked":["hermit:Snipe","hermit:Gestalt"],"picked":"hermit:Midnight","floor":5.0},{"not_picked":["hermit:BodyArmor","hermit:Snipe","hermit:Glare"],"picked":"SKIP","floor":6.0},{"not_picked":["hermit:Showdown","hermit:Feint","hermit:BodyArmor"],"picked":"SKIP","floor":7.0},{"not_picked":["hermit:Midnight","hermit:BodyArmor"],"picked":"hermit:BlackWind","floor":8.0},{"not_picked":["hermit:Feint","hermit:SprayPray","hermit:Showdown"],"picked":"SKIP","floor":10.0},{"not_picked":["hermit:Brawl","hermit:Malice","hermit:ItchyTrigger"],"picked":"SKIP","floor":12.0},{"not_picked":["hermit:Dissolve","hermit:FatalDesire"],"picked":"hermit:BlackWind","floor":16.0},{"not_picked":["hermit:Glare","hermit:Misfire"],"picked":"hermit:CalledShot","floor":18.0},{"not_picked":["hermit:BodyArmor","hermit:SprayPray"],"picked":"hermit:TakeAim","floor":20.0},{"not_picked":["hermit:WideOpen","hermit:Virtue+1","hermit:TakeCover"],"picked":"SKIP","floor":22.0},{"not_picked":["hermit:Brawl","hermit:SprayPray+1"],"picked":"hermit:FinalCanter","floor":24.0},{"not_picked":["hermit:Glare","hermit:Ricochet+1","hermit:LowProfile"],"picked":"SKIP","floor":25.0},{"not_picked":["hermit:Vantage","hermit:TakeAim","hermit:Quickdraw"],"picked":"SKIP","floor":31.0},{"not_picked":["hermit:OverwhelmingPower","hermit:EternalForm"],"picked":"hermit:Reprieve","floor":33.0},{"not_picked":["hermit:FullyLoaded+1","hermit:TrackingShot"],"picked":"hermit:CalledShot","floor":35.0},{"not_picked":["hermit:Desperado","hermit:HighCaliber"],"picked":"hermit:Deadeye+1","floor":36.0},{"not_picked":["hermit:EyeOfTheStorm","hermit:Snipe+1","hermit:Virtue"],"picked":"SKIP","floor":39.0},{"not_picked":["hermit:EyeOfTheStorm","hermit:Ricochet"],"picked":"hermit:Shortfuse+1","floor":45.0},{"not_picked":["hermit:Showdown+1","hermit:Roulette+1"],"picked":"hermit:Scavenge","floor":46.0},{"not_picked":["hermit:TakeCover","hermit:Roulette+1"],"picked":"hermit:TrackingShot","floor":48.0}],"player_experience":53119,"relics_obtained":[{"floor":6.0,"key":"MawBank"},{"floor":9.0,"key":"REME_PuzzleBoxRelic"},{"floor":26.0,"key":"infinitespire:EmpoweringShard"},{"floor":34.0,"key":"hubris:SlimyHat"},{"floor":34.0,"key":"Matryoshka"},{"floor":34.0,"key":"Calipers"},{"floor":43.0,"key":"Regal Pillow"},{"floor":43.0,"key":"Blood Vial"}],"event_choices":[{"damage_healed":0.0,"max_hp_gain":0.0,"max_hp_loss":0.0,"gold_gain":0.0,"event_name":"Wheel of Change","player_choice":"Cursed","floor":4.0,"gold_loss":0.0,"damage_taken":0.0,"cards_obtained":["Decay"]},{"damage_healed":0.0,"max_hp_gain":0.0,"max_hp_loss":0.0,"gold_gain":53.0,"event_name":"Golden Wing","player_choice":"Gained Gold","floor":14.0,"gold_loss":0.0,"damage_taken":0.0},{"damage_healed":0.0,"max_hp_gain":0.0,"max_hp_loss":0.0,"gold_gain":0.0,"event_name":"The Mausoleum","player_choice":"Opened","floor":21.0,"gold_loss":0.0,"damage_taken":0.0,"relics_obtained":["War Paint"],"cards_obtained":["Writhe"]},{"damage_healed":0.0,"max_hp_gain":0.0,"max_hp_loss":0.0,"gold_gain":0.0,"event_name":"Ghosts","player_choice":"Ignored","floor":27.0,"gold_loss":0.0,"damage_taken":0.0},{"cards_removed":["hermit:Strike_Hermit"],"damage_healed":0.0,"max_hp_gain":0.0,"max_hp_loss":0.0,"gold_gain":0.0,"event_name":"Beggar","player_choice":"Gave Gold","floor":28.0,"gold_loss":75.0,"damage_taken":0.0},{"damage_healed":0.0,"max_hp_gain":0.0,"max_hp_loss":0.0,"gold_gain":0.0,"event_name":"Fountain of Cleansing","player_choice":"Ignored","floor":30.0,"gold_loss":0.0,"damage_taken":0.0},{"cards_removed":["WaveOfTheHand"],"damage_healed":41.0,"max_hp_gain":0.0,"max_hp_loss":0.0,"gold_gain":0.0,"event_name":"Bonfire Elementals","player_choice":"Offered Uncommon","floor":38.0,"gold_loss":0.0,"damage_taken":0.0},{"damage_healed":0.0,"max_hp_gain":0.0,"max_hp_loss":0.0,"gold_gain":0.0,"event_name":"Match and Keep!","player_choice":"1 cards matched","floor":41.0,"gold_loss":0.0,"damage_taken":0.0,"cards_obtained":["hermit:EyeOfTheStorm"]}],"is_beta":false,"boss_relics":[{"not_picked":["Ectoplasm","Snecko Eye"],"picked":"Runic Pyramid"},{"not_picked":["REME_ChargedStone","REME_DuelDisc"],"picked":"Calling Bell"}],"items_purged_floors":[],"is_endless":false,"potions_floor_spawned":[2,5,6,8,12,18,22,24,36,46,48],"ascension_level":0}}