{"host":"axuns55dzq466eei","time":1611148099,"event":{"mods":["BaseMod","Colored Map","Keyboard Shortcuts","Minty Spire (QoL Compilation)","StSLib","SuperFastMode"],"gold_per_floor":[117,117,137,151,169,169,185,216,216,23,82,101,101,101,101,194,194,219,240,78,101,115,115,15,15,15,15,15],"floor_reached":27,"language":"KOR","playtime":619,"items_purged":["Strike_B","Strike_B"],"score":430,"play_id":"fbb18cb1-2291-4825-ab45-89cf10a54d24","local_time":"20210120220819","is_ascension_mode":true,"campfire_choices":[{"data":"Beam Cell","floor":6.0,"key":"SMITH"},{"data":"Coolheaded","floor":13.0,"key":"SMITH"},{"data":"Ball Lightning","floor":15.0,"key":"SMITH"},{"data":"Dualcast","floor":23.0,"key":"SMITH"}],"circlet_count":0,"master_deck":["AscendersBane","Strike_B","Strike_B","Defend_B","Defend_B","Defend_B","Defend_B","Zap+1","Dualcast+1","Beam Cell+1","Ball Lightning+1","Coolheaded+1","Glacier","Self Repair","Cold Snap","Compile Driver","Compile Driver","Rainbow","Fusion+1","Seek"],"relics":["Cracked Core","NeowsBlessing","Kunai","Sundial","Lee\u0027s Waffle","Ginger","Golden Idol","Cursed Key"],"acts_visited":["Exordium","TheCity"],"potions_floor_usage":[],"damage_taken":[{"damage":0.0,"enemies":"Small Slimes","floor":1.0,"turns":1.0},{"damage":0.0,"enemies":"Cultist","floor":3.0,"turns":1.0},{"damage":0.0,"enemies":"2 Louse","floor":4.0,"turns":1.0},{"damage":11.0,"enemies":"Blue Slaver","floor":5.0,"turns":3.0},{"damage":1.0,"enemies":"Exordium Wildlife","floor":7.0,"turns":4.0},{"damage":42.0,"enemies":"Gremlin Nob","floor":8.0,"turns":5.0},{"damage":24.0,"enemies":"Lagavulin Event","floor":11.0,"turns":6.0},{"damage":6.0,"enemies":"Looter","floor":12.0,"turns":2.0},{"damage":16.0,"enemies":"Slime Boss","floor":16.0,"turns":12.0},{"damage":4.0,"enemies":"Spheric Guardian","floor":18.0,"turns":3.0},{"damage":13.0,"enemies":"3 Byrds","floor":19.0,"turns":5.0},{"damage":17.0,"enemies":"Snake Plant","floor":21.0,"turns":4.0},{"damage":16.0,"enemies":"Centurion and Healer","floor":22.0,"turns":6.0},{"damage":47,"enemies":"Book of Stabbing","floor":27,"turns":5}],"seed_played":"8456095084475220996","potions_obtained":[{"floor":1.0,"key":"ColorlessPotion"},{"floor":8.0,"key":"Weak Potion"},{"floor":16.0,"key":"Ancient Potion"},{"floor":18.0,"key":"ColorlessPotion"},{"floor":22.0,"key":"EssenceOfDarkness"}],"is_trial":false,"path_per_floor":["M","?","M","M","M","R","M","E","T","$","?","M","R","?","R","B",null,"M","M","$","M","M","R","$","?","T","E"],"character_chosen":"DEFECT","items_purchased":["Lee\u0027s Waffle","Compile Driver","Seek"],"campfire_rested":0,"item_purchase_floors":[10,10,20],"current_hp_per_floor":[64,64,64,64,53,53,52,17,17,78,61,62,62,62,62,53,67,70,64,64,54,45,45,45,45,45,0,0],"gold":15,"neow_bonus":"THREE_ENEMY_KILL","is_daily":false,"chose_seed":false,"campfire_upgraded":4,"win_rate":0.0,"timestamp":1611148099,"path_taken":["M","?","M","M","?","R","M","E","T","$","?","M","R","?","R","BOSS","M","M","$","M","M","R","$","?","T","E"],"items_purchased_type":["Relic","Card","Card"],"build_version":"2020-12-22","purchased_purges":2,"victory":false,"max_hp_per_floor":[71,71,71,71,71,71,71,71,71,78,78,78,78,71,71,71,71,71,71,71,71,71,71,71,71,71,71,71],"card_choices":[{"not_picked":["Hello World","Conserve Battery"],"picked":"Beam Cell","floor":1.0},{"not_picked":["Compile Driver","Beam Cell"],"picked":"Ball Lightning","floor":3.0},{"not_picked":["Stack","Conserve Battery"],"picked":"Coolheaded","floor":4.0},{"not_picked":["Barrage","Thunder Strike"],"picked":"Glacier","floor":5.0},{"not_picked":["Conserve Battery","Aggregate"],"picked":"Self Repair","floor":7.0},{"not_picked":["Steam","Melter"],"picked":"Cold Snap","floor":8.0},{"not_picked":["Steam","Stack"],"picked":"Compile Driver","floor":11.0},{"not_picked":["Redo","Rebound","Compile Driver"],"picked":"SKIP","floor":12.0},{"not_picked":["Creative AI","All For One"],"picked":"Rainbow","floor":16.0},{"not_picked":["Sweeping Beam","Gash"],"picked":"Fusion+1","floor":18.0},{"not_picked":["Stack","Cold Snap","Ball Lightning"],"picked":"SKIP","floor":19.0},{"not_picked":["Leap+1","Rip and Tear","Redo"],"picked":"SKIP","floor":21.0},{"not_picked":["Steam","Leap+1","Chill"],"picked":"SKIP","floor":22.0}],"player_experience":1090246,"relics_obtained":[{"floor":8.0,"key":"Kunai"},{"floor":9.0,"key":"Sundial"}],"event_choices":[{"damage_healed":0.0,"max_hp_gain":0.0,"max_hp_loss":0.0,"gold_gain":0.0,"event_name":"Accursed Blacksmith","player_choice":"Forge","floor":2.0,"gold_loss":0.0,"damage_taken":0.0,"cards_upgraded":["Zap"]},{"damage_healed":0.0,"max_hp_gain":0.0,"max_hp_loss":0.0,"gold_gain":0.0,"event_name":"Dead Adventurer","player_choice":"Searched \u00272\u0027 times","floor":11.0,"gold_loss":0.0,"damage_taken":0.0,"relics_obtained":["Ginger"]},{"damage_healed":0.0,"max_hp_gain":0.0,"max_hp_loss":7.0,"gold_gain":0.0,"event_name":"Golden Idol","player_choice":"Lose Max HP","floor":14.0,"gold_loss":0.0,"damage_taken":0.0,"relics_obtained":["Golden Idol"]}],"is_beta":false,"boss_relics":[{"not_picked":["Philosopher\u0027s Stone","Coffee Dripper"],"picked":"Cursed Key"}],"items_purged_floors":[20,24],"is_endless":false,"potions_floor_spawned":[1,8,16,18,22],"killed_by":"Book of Stabbing","ascension_level":20}}