{"host":"8388a52tkodd0hlf","time":1611177818,"event":{"mods":["BaseMod","Googly Eyes","Hubris","Infinite Spire","Marisa????????","Minty Spire (QoL Compilation)","Replay The Spire","StSLib","The Animator","The Bug Knight","The Cursed","The Hierophant","The Servant 0.9.4","Unceasing Turn Reminder"],"gold_per_floor":[129,129,142,417,271,285,285,285,285],"floor_reached":8,"language":"ENG","playtime":323,"items_purged":[],"score":46,"play_id":"37adcbdb-0bb1-496e-8fa5-fb67f60f23d9","local_time":"20210120152338","is_ascension_mode":false,"campfire_choices":[{"data":"animator:Evileye","floor":7,"key":"SMITH"}],"circlet_count":0,"master_deck":["animator:Strike_Konosuba","animator:Defend_Konosuba","animator:Strike","animator:Strike","animator:Strike","animator:Defend","animator:Defend","animator:Defend","animator:Kazuma","animator:Aqua","animator:MumenRider","animator:Evileye+1","Regret"],"relics":["animator:LivingPicture","animator:TheMissingPiece","NeowsBlessing","Replay:Bandana"],"acts_visited":["Exordium"],"potions_floor_usage":[],"damage_taken":[{"damage":0,"enemies":"Small Slimes","floor":1,"turns":1},{"damage":0,"enemies":"Cultist","floor":3,"turns":1},{"damage":0,"enemies":"2 Louse","floor":6,"turns":1},{"damage":0,"enemies":"3 Sentries","floor":8,"turns":1}],"seed_played":"3217671445377954252","potions_obtained":[{"floor":1,"key":"DuplicationPotion"},{"floor":3,"key":"SteroidPotion"}],"is_trial":false,"path_per_floor":["M","$","M","?","$","M","R","E"],"character_chosen":"THE_ANIMATOR","items_purchased":["Replay:Bandana"],"campfire_rested":0,"item_purchase_floors":[5],"current_hp_per_floor":[66,66,66,66,66,66,66,66,66],"gold":285,"neow_bonus":"THREE_ENEMY_KILL","is_daily":false,"chose_seed":false,"campfire_upgraded":1,"win_rate":0.0,"timestamp":1611177818,"path_taken":["M","$","M","?","$","?","R","E"],"items_purchased_type":["Relic"],"build_version":"2020-12-22","purchased_purges":0,"victory":false,"max_hp_per_floor":[66,66,66,66,66,66,66,66,66],"card_choices":[{"not_picked":["animator:NarberalGamma","animator:AcuraAkari"],"picked":"animator:MumenRider","floor":1},{"not_picked":["animator:Chung","animator:Priestess"],"picked":"animator:Evileye","floor":3},{"not_picked":["animator:Aqua","animator:MumenRider","animator:Raven"],"picked":"SKIP","floor":6}],"player_experience":48528,"relics_obtained":[],"event_choices":[{"damage_healed":0,"gold_gain":275,"player_choice":"Desecrate","damage_taken":0,"max_hp_gain":0,"max_hp_loss":0,"event_name":"Golden Shrine","floor":4,"gold_loss":0,"cards_obtained":["Regret"]}],"is_beta":false,"boss_relics":[],"items_purged_floors":[],"is_endless":false,"potions_floor_spawned":[1,3],"killed_by":"3 Sentries","ascension_level":0}}