{"host":"xp5rvh2jwe2ejyfm","time":1611180192,"event":{"mods":["BaseMod","Downfall","Hermit","Minty Spire (QoL Compilation)","Robot Space Explorer","StSLib","The Clintock","The Construct","The Cursed","The Disciple","The Forsaken","The Hierophant","The Runesmith"],"gold_per_floor":[99,116,127,144,163,163,187,197,222,22,22,7,7,21,35,130,130,130,144,47,47,66,66,66,78,78,94,112,122,222,242,253,253,253,253],"floor_reached":33,"language":"ENG","playtime":2221,"items_purged":[],"score":280,"play_id":"2b0a9b5c-b4e8-41bb-9c60-15bd7128bcc9","local_time":"20210120170312","is_ascension_mode":false,"campfire_choices":[{"floor":1,"key":"RECALL"},{"floor":10,"key":"REST"},{"data":"hexamod:ChargedBarrage","floor":13,"key":"SMITH"},{"data":"hexamod:EtherealExpedition","floor":18,"key":"SMITH"},{"floor":23,"key":"REST"},{"data":"hexamod:Sear","floor":26,"key":"SMITH"}],"circlet_count":0,"master_deck":["hexamod:Strike","hexamod:Strike","hexamod:Strike+1","hexamod:Strike","hexamod:Defend+1","hexamod:Defend","hexamod:Defend","hexamod:Defend","hexamod:Sear+1","hexamod:Float","hexamod:ChargedBarrage+1","hexamod:GhostflameBarrier","hexamod:InspiringFlames","hexamod:FastForward","hexamod:SpectersWail","hexamod:FirstSeal","hexamod:EtherealExpedition+1","hexamod:RecurringNightmare","hexamod:CatchUp","hexamod:HexaLevel","CurseOfTheBell","hexamod:FastForward+1","hexamod:EmpoweredFlame","hexamod:ThirdSeal","hexamod:Incineration","hexamod:RecurringNightmare","hexamod:GhostOfSpirePast","hexamod:BurningTouch","hexamod:HauntingEcho+1","hexamod:InspiringFlames","hexamod:GhostOfSpireFuture+1","hexamod:NightmareStrike","hexamod:PhantomFireball","hexamod:HauntingEcho+1","hexamod:FifthSeal","hexamod:Incineration","hexamod:StepThrough","hexamod:BacktrackSmack"],"relics":["hexamod:SpiritBrand","Bag of Preparation","Regal Pillow","Nunchaku","downfall:HeartBlessingRed","downfall:HeartBlessingGreen","Calling Bell","Pen Nib","White Beast Statue","FossilizedHelix","TungstenRod","Shuriken"],"acts_visited":["Exordium","TheCity"],"potions_floor_usage":[16,32,33,33,33],"damage_taken":[{"damage":0,"enemies":"Small Slimes","floor":2,"turns":4},{"damage":1,"enemies":"Jaw Worm","floor":3,"turns":3},{"damage":0,"enemies":"Cultist","floor":4,"turns":5},{"damage":14,"enemies":"3 Louse","floor":5,"turns":5},{"damage":25,"enemies":"Exordium Wildlife","floor":8,"turns":7},{"damage":53,"enemies":"3 Sentries","floor":9,"turns":9},{"damage":0,"enemies":"downfall:FleeingMerchant","floor":12,"turns":4},{"damage":6,"enemies":"Blue Slaver","floor":14,"turns":4},{"damage":4,"enemies":"2 Fungi Beasts","floor":15,"turns":3},{"damage":60,"enemies":"WA_ARCHETYPE_RETAIN","floor":16,"turns":12},{"damage":19,"enemies":"Shell Parasite","floor":19,"turns":9},{"damage":12,"enemies":"downfall:FleeingMerchant","floor":20,"turns":4},{"damage":27,"enemies":"Spheric Guardian","floor":22,"turns":6},{"damage":12,"enemies":"Snecko","floor":25,"turns":5},{"damage":0,"enemies":"Snake Plant","floor":27,"turns":3},{"damage":22,"enemies":"Centurion and Healer","floor":28,"turns":12},{"damage":38,"enemies":"Shelled Parasite and Fungi","floor":29,"turns":6},{"damage":47,"enemies":"IC_STATUS_ARCHETYPE","floor":30,"turns":10},{"damage":12,"enemies":"Snake Plant","floor":31,"turns":4},{"damage":14,"enemies":"Snecko","floor":32,"turns":6},{"damage":22,"enemies":"SI_MIRROR_ARCHETYPE","floor":33,"turns":8}],"seed_played":"-6298735162025496147","potions_obtained":[{"floor":2,"key":"FairyPotion"},{"floor":3,"key":"FairyPotion"},{"floor":15,"key":"EssenceOfSteel"},{"floor":16,"key":"champ:CounterPotion"},{"floor":19,"key":"Strength Potion"},{"floor":25,"key":"FairyPotion"},{"floor":30,"key":"LiquidBronze"},{"floor":31,"key":"Regen Potion"},{"floor":32,"key":"hexamod:EctoCoolerPotion"}],"is_trial":false,"path_per_floor":["R","M","M","M","M","?","T","M","E","R","?","$","R","M","M","B",null,"R","M","$","?","M","R","T","M","R","M","M","M","?","M","M","B"],"character_chosen":"THE_SPIRIT","items_purchased":["hexamod:ThirdSeal"],"campfire_rested":2,"item_purchase_floors":[20],"current_hp_per_floor":[77,77,76,76,62,50,50,25,5,43,68,75,75,76,77,24,77,77,65,53,45,25,63,63,58,58,58,43,5,23,18,19,0,0,0],"gold":253,"neow_bonus":"TEN_PERCENT_HP_BONUS","is_daily":false,"chose_seed":false,"campfire_upgraded":3,"win_rate":0.0,"timestamp":1611180192,"path_taken":["R","M","M","M","M","?","T","M","E","R","?","?","R","M","M","BOSS","R","M","$","?","M","R","T","M","R","M","M","?","?","M","M","BOSS"],"items_purchased_type":["Card"],"build_version":"2020-12-22","purchased_purges":0,"victory":false,"max_hp_per_floor":[77,77,77,77,77,77,77,77,77,77,77,77,77,77,77,77,77,77,77,77,77,77,77,77,77,77,77,77,77,77,77,77,77,77,77],"card_choices":[{"not_picked":["hexamod:PhantomCloak","hexamod:AdvancingGuard"],"picked":"hexamod:ChargedBarrage","floor":2},{"not_picked":["hexamod:ThermalTransfer","hexamod:Firestarter"],"picked":"hexamod:GhostflameBarrier","floor":3},{"not_picked":["hexamod:NecessarySacrifice","hexamod:ThermalTransfer"],"picked":"hexamod:InspiringFlames","floor":4},{"not_picked":["hexamod:GhostflameBarrier","hexamod:ThermalTransfer"],"picked":"hexamod:FastForward","floor":5},{"not_picked":["hexamod:ChargedBarrage","hexamod:Rewind"],"picked":"hexamod:SpectersWail","floor":8},{"not_picked":["hexamod:EtherealExpedition","hexamod:NightmareStrike"],"picked":"hexamod:FirstSeal","floor":9},{"not_picked":["hexamod:NightmareGuise","hexamod:RainOfEmbers"],"picked":"hexamod:EtherealExpedition","floor":12},{"not_picked":["hexamod:ChargedBarrage","hexamod:BurningTouch"],"picked":"hexamod:RecurringNightmare","floor":14},{"not_picked":["hexamod:SecondSeal","hexamod:InspiringFlames"],"picked":"hexamod:CatchUp","floor":15},{"not_picked":["hexamod:ParanormalForm","hexamod:WildfireWeapon"],"picked":"hexamod:HexaLevel","floor":16},{"not_picked":["hexamod:HauntingEcho+1","hexamod:HeatMetal+1"],"picked":"hexamod:FastForward+1","floor":19},{"not_picked":["hexamod:InspiringFlames","hexamod:StepThrough"],"picked":"hexamod:EmpoweredFlame","floor":20},{"not_picked":["hexamod:FourthSeal","hexamod:Hexaguard+1"],"picked":"hexamod:Incineration","floor":22},{"not_picked":["hexamod:TimeOfNeed","hexamod:NecessarySacrifice"],"picked":"hexamod:RecurringNightmare","floor":22},{"not_picked":["hexamod:SpectersWail","hexamod:Hexaguard"],"picked":"hexamod:GhostOfSpirePast","floor":25},{"not_picked":["hexamod:GhostShield","hexamod:SwordOfDarkness+1"],"picked":"hexamod:BurningTouch","floor":25},{"not_picked":["hexamod:BurningTouch+1","hexamod:ShieldOfDarkness"],"picked":"hexamod:HauntingEcho+1","floor":27},{"not_picked":["hexamod:SpectersWail","hexamod:FastForward"],"picked":"hexamod:InspiringFlames","floor":28},{"not_picked":["hexamod:SecondSeal","hexamod:InspiringFlames"],"picked":"hexamod:GhostOfSpireFuture+1","floor":28},{"not_picked":["hexamod:InspiringFlames","hexamod:StepThrough"],"picked":"hexamod:NightmareStrike","floor":29},{"not_picked":["hexamod:FastForward","hexamod:NightmareGuise"],"picked":"hexamod:PhantomFireball","floor":29},{"not_picked":["hexamod:AdvancingGuard+1","hexamod:PhantomCloak"],"picked":"hexamod:HauntingEcho+1","floor":30},{"not_picked":["hexamod:BacktrackSmack","hexamod:HauntingEcho"],"picked":"hexamod:FifthSeal","floor":30},{"not_picked":["hexamod:SkipABeat","hexamod:AdvancingGuard"],"picked":"hexamod:Incineration","floor":31},{"not_picked":["hexamod:HeatShield","hexamod:PhantomCloak"],"picked":"hexamod:StepThrough","floor":31},{"not_picked":["hexamod:GhostOfSpireFuture","hexamod:ThirdSeal"],"picked":"hexamod:BacktrackSmack","floor":32}],"player_experience":271043,"relics_obtained":[{"floor":7,"key":"Regal Pillow"},{"floor":9,"key":"Nunchaku"},{"floor":17,"key":"Pen Nib"},{"floor":17,"key":"White Beast Statue"},{"floor":17,"key":"FossilizedHelix"},{"floor":30,"key":"TungstenRod"},{"floor":30,"key":"Shuriken"}],"event_choices":[{"damage_healed":0,"gold_gain":0,"player_choice":"Success","damage_taken":12,"relics_obtained":["Bag of Preparation"],"max_hp_gain":0,"max_hp_loss":0,"event_name":"Scrap Ooze","floor":6,"gold_loss":0},{"damage_healed":25,"gold_gain":0,"player_choice":"Banana","damage_taken":0,"max_hp_gain":0,"max_hp_loss":0,"event_name":"Big Fish","floor":11,"gold_loss":0}],"is_beta":false,"boss_relics":[{"not_picked":["SlaversCollar","Astrolabe"],"picked":"Calling Bell"}],"items_purged_floors":[],"is_endless":false,"potions_floor_spawned":[2,3,15,16,19,20,22,25,27,28,29,30,31,32],"killed_by":"SI_MIRROR_ARCHETYPE","ascension_level":0}}