{"host":"qhd5m7ak4qaao2fj","time":1611135582,"event":{"mods":["AchievementEnabler","BaseMod","Bestiary","Block Reminder","Colored Map","Colored Powertips","DeckTracker","Highlight Path","Minty Spire (QoL Compilation)","Quick Restart","Relic Stats"],"gold_per_floor":[216,226,301,301,226,226,256,271,318,318,318,352,362,30,30,30,30],"floor_reached":16,"language":"ENG","playtime":1292,"items_purged":["Defend_R"],"score":119,"play_id":"5ad817d2-0027-4180-98be-f93f8495e0d9","local_time":"20210120103942","is_ascension_mode":true,"campfire_choices":[{"data":"Perfected Strike","floor":6,"key":"SMITH"},{"floor":15,"key":"RECALL"}],"circlet_count":0,"master_deck":["Strike_R","Strike_R","Strike_R","Strike_R","Strike_R","Defend_R","Defend_R","Bash","Perfected Strike+1","Inflame","Limit Break","Seeing Red","Twin Strike","Wild Strike","Wild Strike"],"relics":["Burning Blood","MealTicket","Ancient Tea Set","Toy Ornithopter","Vajra","Lantern"],"acts_visited":["Exordium"],"potions_floor_usage":[16],"damage_taken":[{"damage":0,"enemies":"2 Louse","floor":1,"turns":3},{"damage":0,"enemies":"Small Slimes","floor":2,"turns":3},{"damage":28,"enemies":"Gremlin Nob","floor":7,"turns":4},{"damage":0,"enemies":"Cultist","floor":8,"turns":2},{"damage":26,"enemies":"Lagavulin","floor":12,"turns":6},{"damage":0,"enemies":"Large Slime","floor":13,"turns":4},{"damage":68,"enemies":"The Guardian","floor":16,"turns":7}],"seed_played":"5350410123519825207","potions_obtained":[{"floor":2,"key":"Ancient Potion"},{"floor":4,"key":"FearPotion"},{"floor":4,"key":"Ancient Potion"},{"floor":7,"key":"BloodPotion"}],"is_trial":false,"path_per_floor":["M","M","?","?","$","R","E","M","T","?","T","E","M","$","R","B"],"character_chosen":"IRONCLAD","items_purchased":["Vajra","Lantern","Wild Strike"],"campfire_rested":0,"item_purchase_floors":[14,14,14],"current_hp_per_floor":[80,80,69,69,69,69,47,53,53,46,46,26,32,47,47,0,0],"gold":30,"neow_bonus":"HUNDRED_GOLD","is_daily":false,"chose_seed":false,"campfire_upgraded":1,"win_rate":0.0,"timestamp":1611135582,"path_taken":["M","M","?","?","$","R","E","?","T","?","?","E","M","$","R","BOSS"],"items_purchased_type":["Relic","Relic","Card"],"build_version":"2020-12-22","purchased_purges":1,"victory":false,"max_hp_per_floor":[80,80,80,80,80,80,80,80,80,80,80,80,80,80,80,80,80],"relic_stats":{"counters":[7,29],"MealTicket":15,"obtain_stats":[{"Lantern":14,"Vajra":14,"MealTicket":7,"Ancient Tea Set":11,"Burning Blood":0,"Toy Ornithopter":12},{"Lantern":6,"Vajra":6,"MealTicket":3,"Ancient Tea Set":4,"Burning Blood":0,"Toy Ornithopter":5},{"Lantern":22,"Vajra":22,"MealTicket":10,"Ancient Tea Set":12,"Burning Blood":0,"Toy Ornithopter":18}],"Burning Blood":24,"Toy Ornithopter":5},"card_choices":[{"not_picked":["Iron Wave","Armaments"],"picked":"Perfected Strike","floor":1},{"not_picked":["Sword Boomerang","Bloodletting"],"picked":"Inflame","floor":2},{"not_picked":["Blood for Blood","Sword Boomerang"],"picked":"Limit Break","floor":7},{"not_picked":["Cleave","True Grit"],"picked":"Seeing Red","floor":8},{"not_picked":["Power Through","Carnage"],"picked":"Twin Strike","floor":12},{"not_picked":["Clothesline","Evolve"],"picked":"Wild Strike","floor":13}],"player_experience":255230,"relics_obtained":[{"floor":7,"key":"MealTicket"},{"floor":11,"key":"Ancient Tea Set"},{"floor":12,"key":"Toy Ornithopter"}],"event_choices":[{"damage_healed":0,"gold_gain":75,"player_choice":"Gather Gold","damage_taken":11,"max_hp_gain":0,"max_hp_loss":0,"event_name":"World of Goop","floor":3,"gold_loss":0},{"damage_healed":0,"gold_gain":0,"player_choice":"Got Potions","damage_taken":0,"max_hp_gain":0,"max_hp_loss":0,"event_name":"Lab","floor":4,"gold_loss":0},{"cards_removed":["Defend_R"],"damage_healed":0,"gold_gain":0,"player_choice":"Card Removal","damage_taken":7,"max_hp_gain":0,"max_hp_loss":0,"event_name":"Golden Wing","floor":10,"gold_loss":0}],"is_beta":false,"boss_relics":[],"items_purged_floors":[5],"is_endless":false,"potions_floor_spawned":[2,7,8],"killed_by":"The Guardian","ascension_level":2}}