{"host":"aq6zgkax5kiz71xp","time":1611150204,"event":{"mods":["BaseMod","Bestiary","Minty Spire (QoL Compilation)","Quick Restart","StSLib"],"gold_per_floor":[110,125,51,126,151,151,179,199,274,288,463,463,318,352,352,454,454,473,486,502,349,349,349,92,92,92,117,117,45,45,495,495,596,596,606,606,606,516,528,528,528],"floor_reached":40,"language":"ZHS","playtime":1328,"items_purged":["Regret","Doubt"],"score":544,"play_id":"ae723b00-5e5f-4d92-a67a-dc8007f75873","local_time":"20210120214324","is_ascension_mode":true,"campfire_choices":[{"floor":6.0,"key":"REST"},{"floor":15.0,"key":"REST"},{"data":"Creative AI","floor":23,"key":"SMITH"},{"data":"Double Energy","floor":25,"key":"SMITH"},{"data":"Machine Learning","floor":28,"key":"SMITH"},{"floor":32,"key":"REST"}],"circlet_count":0,"master_deck":["Strike_B+1","Strike_B+1","Strike_B+1","Defend_B+1","Defend_B+1","Defend_B+1","Zap","Dualcast","Machine Learning+1","Static Discharge","Force Field","Electrodynamics","Hello World","Genetic Algorithm","Storm","Creative AI+1","CurseOfTheBell","Double Energy+1","Machine Learning+1","Skim+1","Static Discharge","Writhe"],"relics":["Cracked Core","Bag of Marbles","HornCleat","Darkstone Periapt","Letter Opener","Lizard Tail","Calling Bell","Lantern","Blue Candle","CaptainsWheel","Lee\u0027s Waffle","Toxic Egg 2","Anchor","SlaversCollar"],"acts_visited":["Exordium","TheCity","TheBeyond"],"potions_floor_usage":[19,33,33],"damage_taken":[{"damage":8.0,"enemies":"Small Slimes","floor":1.0,"turns":3.0},{"damage":7.0,"enemies":"Jaw Worm","floor":2.0,"turns":3.0},{"damage":35.0,"enemies":"3 Sentries","floor":7.0,"turns":7.0},{"damage":0.0,"enemies":"Cultist","floor":8.0,"turns":3.0},{"damage":8.0,"enemies":"Blue Slaver","floor":10.0,"turns":3.0},{"damage":11.0,"enemies":"Gremlin Nob","floor":14.0,"turns":4.0},{"damage":35.0,"enemies":"Slime Boss","floor":16.0,"turns":8.0},{"damage":25.0,"enemies":"Shell Parasite","floor":18.0,"turns":8.0},{"damage":0,"enemies":"3 Byrds","floor":19,"turns":1},{"damage":7,"enemies":"Snake Plant","floor":20,"turns":4},{"damage":45,"enemies":"Gremlin Leader","floor":27,"turns":7},{"damage":69,"enemies":"Collector","floor":33,"turns":10},{"damage":11,"enemies":"3 Shapes","floor":35,"turns":3},{"damage":22,"enemies":"3 Darklings","floor":39,"turns":4},{"damage":86,"enemies":"Nemesis","floor":40,"turns":6}],"seed_played":"-5701707919441253884","potions_obtained":[{"floor":1.0,"key":"SteroidPotion"},{"floor":2.0,"key":"PowerPotion"},{"floor":14.0,"key":"SkillPotion"},{"floor":16.0,"key":"Explosive Potion"},{"floor":18.0,"key":"EssenceOfSteel"},{"floor":20,"key":"LiquidMemories"}],"is_trial":false,"path_per_floor":["M","M","$","?","T","R","E","M","T","M","?","?","$","E","R","B",null,"M","M","M","$","?","R","$","R","T","E","R","$","?","?","R","B",null,"M","?","?","?","M","E"],"character_chosen":"DEFECT","items_purchased":["Force Field","Storm","Lee\u0027s Waffle","Machine Learning","Static Discharge"],"campfire_rested":3,"item_purchase_floors":[3,13,21,24,29],"current_hp_per_floor":[67,60,60,49,49,71,36,36,36,28,34,40,40,29,55,20,93,68,68,61,100,100,100,100,100,100,55,55,55,55,9,39,39,100,89,106,106,106,84,0,0],"gold":528,"neow_bonus":"ONE_RANDOM_RARE_CARD","is_daily":false,"chose_seed":false,"campfire_upgraded":3,"win_rate":0.0,"timestamp":1611150204,"path_taken":["M","M","$","?","?","R","E","M","T","?","?","?","$","E","R","BOSS","M","M","M","$","?","R","$","R","T","E","R","$","?","?","R","BOSS","M","?","?","?","?","E"],"items_purchased_type":["Card","Card","Relic","Card","Card"],"build_version":"2020-12-22","purchased_purges":2,"victory":false,"max_hp_per_floor":[75,75,75,75,75,75,75,75,75,75,81,87,87,87,87,87,93,93,93,93,100,100,100,100,100,100,100,100,100,100,100,100,100,100,100,106,106,106,106,106,106],"card_choices":[{"not_picked":["Sunder","Fusion"],"picked":"Static Discharge","floor":1.0},{"not_picked":["Steam","Hologram","Go for the Eyes"],"picked":"SKIP","floor":2.0},{"not_picked":["Stack","FTL"],"picked":"Electrodynamics","floor":7.0},{"not_picked":["Streamline","Melter"],"picked":"Hello World","floor":8.0},{"not_picked":["FTL","Redo"],"picked":"Genetic Algorithm","floor":10.0},{"not_picked":["Beam Cell","Steam","Steam Power"],"picked":"SKIP","floor":14.0},{"not_picked":["Seek","Rainbow"],"picked":"Creative AI","floor":16.0},{"not_picked":["Beam Cell","Leap","Rebound+1"],"picked":"SKIP","floor":18.0},{"not_picked":["Compile Driver","Biased Cognition","Ball Lightning+1"],"picked":"SKIP","floor":19},{"not_picked":["Genetic Algorithm","Steam+1"],"picked":"Double Energy","floor":20},{"not_picked":["Defragment","Hologram+1"],"picked":"Skim+1","floor":27},{"not_picked":["FTL","Go for the Eyes","Gash"],"picked":"SKIP","floor":35},{"not_picked":["Conserve Battery+1","Gash","Chill+1"],"picked":"SKIP","floor":39}],"player_experience":374191,"relics_obtained":[{"floor":5.0,"key":"Bag of Marbles"},{"floor":7.0,"key":"HornCleat"},{"floor":9.0,"key":"Darkstone Periapt"},{"floor":14.0,"key":"Lizard Tail"},{"floor":17.0,"key":"Lantern"},{"floor":17.0,"key":"Blue Candle"},{"floor":17.0,"key":"CaptainsWheel"},{"floor":26,"key":"Toxic Egg 2"},{"floor":27,"key":"Anchor"}],"event_choices":[{"damage_healed":0.0,"max_hp_gain":0.0,"max_hp_loss":0.0,"gold_gain":75.0,"event_name":"World of Goop","player_choice":"Gather Gold","floor":4.0,"gold_loss":0.0,"damage_taken":11.0},{"damage_healed":0.0,"max_hp_gain":0.0,"max_hp_loss":0.0,"gold_gain":175.0,"event_name":"Liars Game","player_choice":"AGREE","floor":11.0,"gold_loss":0.0,"damage_taken":0.0,"cards_obtained":["Doubt"]},{"damage_healed":0.0,"max_hp_gain":0.0,"max_hp_loss":0.0,"gold_gain":0.0,"event_name":"Big Fish","player_choice":"Box","floor":12.0,"gold_loss":0.0,"damage_taken":0.0,"relics_obtained":["Letter Opener"],"cards_obtained":["Regret"]},{"damage_healed":0,"gold_gain":0,"player_choice":"Ignored","damage_taken":0,"max_hp_gain":0,"max_hp_loss":0,"event_name":"Vampires","floor":22,"gold_loss":0},{"damage_healed":0,"gold_gain":0,"player_choice":"Simplicity","damage_taken":0,"max_hp_gain":0,"max_hp_loss":0,"event_name":"Back to Basics","floor":30,"gold_loss":0,"cards_upgraded":["Strike_B","Strike_B","Strike_B","Strike_B","Defend_B","Defend_B","Defend_B","Defend_B"]},{"damage_healed":0,"gold_gain":450,"player_choice":"GOLD GOLD GOLD GOLD GOLD ","damage_taken":46,"max_hp_gain":0,"max_hp_loss":0,"event_name":"Knowing Skull","floor":31,"potions_obtained":[],"gold_loss":0,"cards_obtained":[]},{"damage_healed":25,"gold_gain":0,"player_choice":"Writhe","damage_taken":0,"max_hp_gain":0,"max_hp_loss":0,"event_name":"Winding Halls","floor":36,"gold_loss":0,"cards_obtained":["Writhe"]},{"cards_removed":["Strike_B"],"damage_healed":0,"gold_gain":0,"player_choice":"Removed Attack","damage_taken":0,"max_hp_gain":0,"max_hp_loss":0,"event_name":"Falling","floor":37,"gold_loss":0},{"cards_removed":["Defend_B"],"damage_healed":0,"gold_gain":0,"player_choice":"Upgrade and Remove","damage_taken":0,"max_hp_gain":0,"max_hp_loss":0,"event_name":"Designer","floor":38,"gold_loss":90,"cards_upgraded":["Machine Learning"]}],"is_beta":false,"boss_relics":[{"not_picked":["Philosopher\u0027s Stone","Snecko Eye"],"picked":"Calling Bell"},{"not_picked":["Tiny House","Black Star"],"picked":"SlaversCollar"}],"items_purged_floors":[13,24],"is_endless":false,"potions_floor_spawned":[1,2,14,16,18,20],"killed_by":"Nemesis","ascension_level":3}}