{"host":"qhhcmep1unj6mpf7","time":1611129739,"event":{"mods":["2.2 Compatiblity","AchievementEnabler","BaseMod","Colored Map","DeckTracker","Highlight Path","Keyboard Shortcuts","Minty Spire (QoL Compilation)","Permanent Neow","Quick Restart","Random Character Button","StSLib","SuperFastMode","everything is the same but u backflip on backflip"],"gold_per_floor":[16,26,42,59,59,59,92,92,92,109,35,35,35,53,53,153,153,163,11,86,99,117,146,146,173,200,200,210,210,69,69,69,69,69],"floor_reached":33,"language":"KOR","playtime":802,"items_purged":["Regret"],"score":265,"play_id":"596ae4fe-2c0d-4cdb-880d-ae765c43c86f","local_time":"20210120170219","is_ascension_mode":false,"campfire_choices":[{"data":"Apotheosis","floor":6.0,"key":"SMITH"},{"data":"Echo Form","floor":12.0,"key":"SMITH"},{"data":"Defragment","floor":15.0,"key":"SMITH"},{"data":"Defragment","floor":27.0,"key":"SMITH"},{"floor":29.0,"key":"RECALL"},{"data":"Multi-Cast","floor":32.0,"key":"SMITH"}],"circlet_count":0,"master_deck":["Strike_B","Strike_B","Strike_B","Defend_B","Defend_B","Defend_B","Defend_B","Zap","Dualcast","Apotheosis+1","Defragment+1","Defragment+1","Echo Form+1","Skim","Loop+1","Cold Snap","Multi-Cast+1","CurseOfTheBell","Capacitor+1","Capacitor+1","Darkness+1","Reboot+1"],"relics":["Cracked Core","FossilizedHelix","Symbiotic Virus","Frozen Egg 2","Calling Bell","Lantern","Mummified Hand","Torii","Toxic Egg 2","Bronze Scales","Red Mask","DataDisk"],"acts_visited":["Exordium","TheCity"],"potions_floor_usage":[33],"damage_taken":[{"damage":3.0,"enemies":"Small Slimes","floor":1.0,"turns":3.0},{"damage":4.0,"enemies":"2 Louse","floor":2.0,"turns":3.0},{"damage":1.0,"enemies":"Cultist","floor":3.0,"turns":3.0},{"damage":6.0,"enemies":"Blue Slaver","floor":4.0,"turns":4.0},{"damage":16.0,"enemies":"Gremlin Nob","floor":7.0,"turns":4.0},{"damage":3.0,"enemies":"Looter","floor":10.0,"turns":3.0},{"damage":9.0,"enemies":"2 Fungi Beasts","floor":14.0,"turns":4.0},{"damage":19.0,"enemies":"Slime Boss","floor":16.0,"turns":6.0},{"damage":0.0,"enemies":"Shell Parasite","floor":18.0,"turns":2.0},{"damage":7.0,"enemies":"2 Thieves","floor":21.0,"turns":4.0},{"damage":15.0,"enemies":"Snake Plant","floor":22.0,"turns":4.0},{"damage":8.0,"enemies":"Book of Stabbing","floor":23.0,"turns":5.0},{"damage":0.0,"enemies":"Masked Bandits","floor":25.0,"turns":3.0},{"damage":7.0,"enemies":"Centurion and Healer","floor":28.0,"turns":4.0},{"damage":17,"enemies":"Collector","floor":33,"turns":3}],"seed_played":"4018699827019623248","potions_obtained":[{"floor":7.0,"key":"GamblersBrew"},{"floor":14.0,"key":"AttackPotion"},{"floor":16.0,"key":"Block Potion"},{"floor":18.0,"key":"SneckoOil"},{"floor":25.0,"key":"DuplicationPotion"}],"is_trial":false,"path_per_floor":["M","M","M","M","?","R","E","?","T","M","$","R","$","M","R","B",null,"M","$","?","M","M","E","?","?","T","R","M","R","$","?","R","B"],"character_chosen":"DEFECT","items_purchased":["Loop+1","Capacitor+1","Reboot+1"],"campfire_rested":0,"item_purchase_floors":[11,19,30],"current_hp_per_floor":[72,68,67,61,61,61,45,45,45,42,42,42,42,33,33,14,75,75,75,68,61,46,38,38,38,38,38,31,31,31,17,17,0,0],"gold":69,"neow_bonus":"RANDOM_COLORLESS_2","is_daily":false,"chose_seed":false,"campfire_upgraded":5,"win_rate":0.0,"timestamp":1611129739,"path_taken":["M","M","M","M","?","R","E","?","T","M","$","R","$","M","R","BOSS","M","$","?","M","?","E","?","?","T","R","M","R","$","?","R","BOSS"],"items_purchased_type":["Card","Card","Card"],"build_version":"2020-12-22","purchased_purges":1,"victory":false,"max_hp_per_floor":[75,75,75,75,75,75,75,75,75,75,75,75,75,75,75,75,75,75,75,75,75,75,75,75,75,75,75,75,75,75,80,80,80,80],"card_choices":[{"not_picked":["Panache","Thinking Ahead"],"picked":"Apotheosis","floor":0.0},{"not_picked":["Sweeping Beam","Streamline"],"picked":"Defragment","floor":1.0},{"not_picked":["Force Field","Stack"],"picked":"Defragment","floor":2.0},{"not_picked":["Beam Cell","Stack","Turbo"],"picked":"SKIP","floor":3.0},{"not_picked":["Streamline","Double Energy","Scrape"],"picked":"SKIP","floor":4.0},{"not_picked":["Chill","Melter"],"picked":"Echo Form","floor":7.0},{"not_picked":["Doom and Gloom","Turbo"],"picked":"Skim","floor":10.0},{"not_picked":["Stack","Steam"],"picked":"Cold Snap","floor":14.0},{"not_picked":["All For One","Fission"],"picked":"Multi-Cast","floor":16.0},{"not_picked":["Beam Cell","Hologram+1","Go for the Eyes"],"picked":"SKIP","floor":18.0},{"not_picked":["Conserve Battery","Hologram","Rebound"],"picked":"SKIP","floor":21.0},{"not_picked":["Heatsinks+1","Force Field+1","BootSequence+1"],"picked":"SKIP","floor":22.0},{"not_picked":["Heatsinks+1","Force Field+1","BootSequence+1"],"picked":"SKIP","floor":22.0},{"not_picked":["Redo+1","Steam Power+1","Double Energy+1"],"picked":"SKIP","floor":23.0},{"not_picked":["Streamline","Conserve Battery+1"],"picked":"Capacitor+1","floor":25.0},{"not_picked":["Coolheaded+1","Streamline"],"picked":"Darkness+1","floor":28.0}],"player_experience":322082,"relics_obtained":[{"floor":7.0,"key":"FossilizedHelix"},{"floor":9.0,"key":"Frozen Egg 2"},{"floor":17.0,"key":"Lantern"},{"floor":17.0,"key":"Mummified Hand"},{"floor":17.0,"key":"Torii"},{"floor":23.0,"key":"Toxic Egg 2"},{"floor":25.0,"key":"Red Mask"},{"floor":26.0,"key":"DataDisk"}],"event_choices":[{"cards_removed":["Strike_B"],"damage_healed":0.0,"max_hp_gain":0.0,"max_hp_loss":0.0,"gold_gain":0.0,"event_name":"Living Wall","player_choice":"Forget","floor":5.0,"gold_loss":0.0,"damage_taken":0.0},{"damage_healed":0.0,"max_hp_gain":0.0,"max_hp_loss":0.0,"gold_gain":0.0,"event_name":"Big Fish","player_choice":"Box","floor":8.0,"gold_loss":0.0,"damage_taken":0.0,"relics_obtained":["Symbiotic Virus"],"cards_obtained":["Regret"]},{"damage_healed":0.0,"max_hp_gain":0.0,"max_hp_loss":0.0,"gold_gain":75.0,"event_name":"FaceTrader","player_choice":"Touch","floor":20.0,"gold_loss":0.0,"damage_taken":7.0},{"damage_healed":0.0,"max_hp_gain":0.0,"max_hp_loss":0.0,"gold_gain":0.0,"event_name":"The Mausoleum","player_choice":"Opened","floor":24.0,"gold_loss":0.0,"damage_taken":0.0,"relics_obtained":["Bronze Scales"]},{"damage_healed":0.0,"max_hp_gain":0.0,"max_hp_loss":0.0,"gold_gain":0.0,"event_name":"Masked Bandits","player_choice":"Fought Bandits","floor":25.0,"gold_loss":0.0,"damage_taken":0.0},{"damage_healed":0.0,"max_hp_gain":5.0,"max_hp_loss":0.0,"gold_gain":0.0,"event_name":"Forgotten Altar","player_choice":"Shed Blood","floor":31.0,"gold_loss":0.0,"damage_taken":19.0}],"is_beta":false,"boss_relics":[{"not_picked":["Busted Crown","Sozu"],"picked":"Calling Bell"}],"items_purged_floors":[19],"is_endless":false,"potions_floor_spawned":[7,14,16,18,25],"killed_by":"Collector","ascension_level":0}}