{"host":"g8zw5beq5mqt80bj","time":1611135367,"event":{"mods":["2.2 Compatiblity","AchievementEnabler","BaseMod","Colored Map","Colored Powertips","DeckTracker","Highlight Path","Minty Spire (QoL Compilation)","Quick Restart","Random Character Button","Rare Cards Sparkle"],"gold_per_floor":[99,99,99,99,99,99,99,99,99,99,99,69,69,69,69,69,69,69,69,69,69,69,69,69,69,69,69,69,69,69,69,69,69,69],"floor_reached":33,"language":"POL","playtime":1942,"items_purged":[],"score":310,"play_id":"ed96b78d-27c0-41f2-8162-45b25623370e","local_time":"20210120103607","is_ascension_mode":false,"campfire_choices":[{"floor":6.0,"key":"REST"},{"floor":8.0,"key":"REST"},{"data":"Spot Weakness","floor":15.0,"key":"SMITH"},{"floor":23.0,"key":"REST"},{"data":"Demon Form","floor":29.0,"key":"SMITH"},{"floor":32,"key":"REST"}],"circlet_count":0,"master_deck":["Defend_R","Defend_R","Defend_R","Defend_R","Bash","Infernal Blade","Clothesline","Cleave","Armaments+1","Reaper","Wild Strike","Spot Weakness+1","Twin Strike","Shrug It Off","Anger","Demon Form+1","Flex","Pommel Strike","Pommel Strike","Perfected Strike","Flex","Intimidate","Rage+1","Bite","Bite","Bite","Bite","Bite","Shrug It Off","Flex","Sword Boomerang","Exhume"],"relics":["Ectoplasm","Blood Vial","Strawberry","Prayer Wheel","Boot","Pocketwatch","Paper Frog","Philosopher\u0027s Stone","MawBank","The Courier","Juzu Bracelet"],"acts_visited":["Exordium","TheCity"],"potions_floor_usage":[33],"damage_taken":[{"damage":1.0,"enemies":"Cultist","floor":1.0,"turns":3.0},{"damage":11.0,"enemies":"Jaw Worm","floor":4.0,"turns":3.0},{"damage":1.0,"enemies":"Small Slimes","floor":5.0,"turns":3.0},{"damage":26.0,"enemies":"3 Sentries","floor":7.0,"turns":5.0},{"damage":20.0,"enemies":"Lagavulin","floor":10.0,"turns":6.0},{"damage":10.0,"enemies":"Looter","floor":12.0,"turns":3.0},{"damage":0.0,"enemies":"3 Louse","floor":13.0,"turns":3.0},{"damage":13.0,"enemies":"3 Sentries","floor":14.0,"turns":4.0},{"damage":17.0,"enemies":"The Guardian","floor":16.0,"turns":7.0},{"damage":9.0,"enemies":"3 Byrds","floor":18.0,"turns":4.0},{"damage":12.0,"enemies":"Chosen","floor":20.0,"turns":5.0},{"damage":7.0,"enemies":"3 Cultists","floor":24.0,"turns":4.0},{"damage":20.0,"enemies":"Slavers","floor":25.0,"turns":4.0},{"damage":11.0,"enemies":"Snecko","floor":28.0,"turns":4.0},{"damage":0,"enemies":"Snake Plant","floor":31,"turns":3},{"damage":108,"enemies":"Automaton","floor":33,"turns":8}],"seed_played":"-1907559890438145548","potions_obtained":[{"floor":1.0,"key":"Weak Potion"},{"floor":4.0,"key":"BloodPotion"},{"floor":12.0,"key":"Fire Potion"},{"floor":18.0,"key":"PowerPotion"},{"floor":24.0,"key":"DuplicationPotion"},{"floor":28.0,"key":"BlessingOfTheForge"}],"is_trial":false,"path_per_floor":["M","?","?","M","M","R","E","R","T","E","?","M","M","E","R","B",null,"M","?","M","$","?","R","M","E","T","?","M","R","T","M","R","B"],"character_chosen":"IRONCLAD","items_purchased":[],"campfire_rested":4,"item_purchase_floors":[],"current_hp_per_floor":[79,67,74,65,66,87,61,87,87,67,67,64,79,74,74,72,87,87,87,75,75,58,85,80,65,65,64,53,53,53,62,64,0,0],"gold":69,"neow_bonus":"BOSS_RELIC","is_daily":false,"chose_seed":false,"campfire_upgraded":2,"win_rate":0.0,"timestamp":1611135367,"path_taken":["M","?","?","?","M","R","E","R","T","E","?","M","M","E","R","BOSS","M","?","M","$","?","R","M","E","T","?","M","R","?","M","R","BOSS"],"items_purchased_type":[],"build_version":"2020-12-22","purchased_purges":0,"victory":false,"max_hp_per_floor":[80,80,87,87,87,87,87,87,87,87,87,87,87,87,87,87,87,87,87,87,87,92,92,92,92,92,64,64,64,64,64,64,64,64],"card_choices":[{"not_picked":["Dropkick","Thunderclap"],"picked":"Infernal Blade","floor":1.0},{"not_picked":["Body Slam","Rupture"],"picked":"Clothesline","floor":4.0},{"not_picked":["Bloodletting","Perfected Strike"],"picked":"Cleave","floor":5.0},{"not_picked":["Infernal Blade","Pummel"],"picked":"Armaments","floor":7.0},{"not_picked":["Warcry","Barricade"],"picked":"Reaper","floor":10.0},{"not_picked":["Armaments","Shockwave"],"picked":"Wild Strike","floor":12.0},{"not_picked":["Cleave","Twin Strike"],"picked":"Spot Weakness","floor":12.0},{"not_picked":["Sword Boomerang","Cleave"],"picked":"Twin Strike","floor":13.0},{"not_picked":["Clash","Bloodletting"],"picked":"Shrug It Off","floor":13.0},{"not_picked":["Iron Wave","Brutality"],"picked":"Anger","floor":14.0},{"not_picked":["Corruption","Barricade"],"picked":"Demon Form","floor":16.0},{"not_picked":["Thunderclap+1","Sentinel"],"picked":"Flex","floor":18.0},{"not_picked":["Warcry","Clothesline"],"picked":"Pommel Strike","floor":18.0},{"not_picked":["Perfected Strike","Sever Soul"],"picked":"Pommel Strike","floor":20.0},{"not_picked":["Uppercut","Entrench"],"picked":"Perfected Strike","floor":20.0},{"not_picked":["Wild Strike","Searing Blow+1"],"picked":"Flex","floor":24.0},{"not_picked":["Anger","Carnage"],"picked":"Intimidate","floor":24.0},{"not_picked":["Anger","Bloodletting+1"],"picked":"Rage+1","floor":25.0},{"not_picked":["Clothesline+1","Anger"],"picked":"Shrug It Off","floor":28.0},{"not_picked":["Clothesline+1","Feel No Pain"],"picked":"Flex","floor":28.0},{"not_picked":["Whirlwind","Body Slam+1"],"picked":"Sword Boomerang","floor":31},{"not_picked":["Headbutt+1","Clothesline+1"],"picked":"Exhume","floor":31}],"player_experience":109456,"relics_obtained":[{"floor":3.0,"key":"Strawberry"},{"floor":7.0,"key":"Prayer Wheel"},{"floor":9.0,"key":"Boot"},{"floor":10.0,"key":"Pocketwatch"},{"floor":14.0,"key":"Paper Frog"},{"floor":25.0,"key":"MawBank"},{"floor":26.0,"key":"The Courier"},{"floor":30.0,"key":"Juzu Bracelet"}],"event_choices":[{"damage_healed":0.0,"max_hp_gain":0.0,"max_hp_loss":0.0,"gold_gain":0.0,"event_name":"Scrap Ooze","player_choice":"Success","floor":2.0,"gold_loss":0.0,"damage_taken":12.0,"relics_obtained":["Blood Vial"]},{"damage_healed":0.0,"max_hp_gain":0.0,"max_hp_loss":0.0,"gold_gain":0.0,"event_name":"Wheel of Change","player_choice":"Relic","floor":3.0,"gold_loss":0.0,"damage_taken":0.0},{"damage_healed":0.0,"max_hp_gain":0.0,"max_hp_loss":0.0,"gold_gain":0.0,"event_name":"Accursed Blacksmith","player_choice":"Forge","floor":11.0,"gold_loss":0.0,"damage_taken":0.0,"cards_upgraded":["Armaments"]},{"damage_healed":0.0,"max_hp_gain":5.0,"max_hp_loss":0.0,"gold_gain":0.0,"event_name":"Forgotten Altar","player_choice":"Shed Blood","floor":22.0,"gold_loss":0.0,"damage_taken":22.0},{"damage_healed":0.0,"max_hp_gain":0.0,"max_hp_loss":28.0,"gold_gain":0.0,"event_name":"Vampires","player_choice":"Became a vampire","floor":27.0,"gold_loss":0.0,"damage_taken":0.0,"cards_obtained":["Bite","Bite","Bite","Bite","Bite"]}],"is_beta":false,"boss_relics":[{"not_picked":["Coffee Dripper","Tiny House"],"picked":"Philosopher\u0027s Stone"}],"items_purged_floors":[],"is_endless":false,"potions_floor_spawned":[1,4,12,13,18,24,28],"killed_by":"Automaton","ascension_level":0}}