{"host":"qekv59dthhdg54sz","time":1611119455,"event":{"mods":["AchievementEnabler","BaseMod","Colored Map","DeckTracker","KOR Keyword Fix","Minty Spire (QoL Compilation)","Rare Cards Sparkle","StSLib","SuperFastMode"],"gold_per_floor":[110,110,110,35,53,53,86,101,101,101,121,121,151,51,51,128,128,144,144,154,29,29,64,64,90,90,109,109,120,120,135,135,210,210,227,60,70,85,85,85,117,0,0,17,27,27,27,52,52,52,52],"floor_reached":52,"language":"KOR","playtime":1309,"items_purged":["LikeWater","FlyingSleeves","Perseverance"],"score":2006,"play_id":"8bcc5910-7e33-495a-9bd4-28542afbcc2e","local_time":"20210120141055","is_ascension_mode":true,"campfire_choices":[{"data":"Ragnarok","floor":6.0,"key":"SMITH"},{"data":"Eruption","floor":12.0,"key":"SMITH"},{"data":"WreathOfFlame","floor":15.0,"key":"SMITH"},{"data":"Blasphemy","floor":24.0,"key":"SMITH"},{"data":"Protect","floor":28.0,"key":"SMITH"},{"floor":32.0,"key":"REST"},{"data":"1","floor":40,"key":"LIFT"},{"data":"2","floor":46,"key":"LIFT"},{"data":"3","floor":49,"key":"LIFT"}],"circlet_count":0,"master_deck":["AscendersBane","Eruption+1","Vigilance","Ragnarok+1","Wallop+1","Swivel","EmptyMind+1","WheelKick+1","Protect+1","Evaluate","WreathOfFlame+1","Blasphemy+1","Swivel","TalkToTheHand+1","Ragnarok","Adaptation+1"],"relics":["Pandora\u0027s Box","Pocketwatch","Juzu Bracelet","Meat on the Bone","Incense Burner","Snecko Eye","Whetstone","Calipers","Singing Bowl","Runic Pyramid","Bag of Preparation","Girya","Smiling Mask","Red Mask","Toy Ornithopter","Gambling Chip"],"acts_visited":["Exordium","TheCity","TheBeyond"],"potions_floor_usage":[38],"damage_taken":[{"damage":4.0,"enemies":"Jaw Worm","floor":1.0,"turns":2.0},{"damage":0.0,"enemies":"Small Slimes","floor":5.0,"turns":3.0},{"damage":0.0,"enemies":"Lagavulin","floor":7.0,"turns":4.0},{"damage":0.0,"enemies":"Cultist","floor":8.0,"turns":2.0},{"damage":6.0,"enemies":"3 Louse","floor":11.0,"turns":2.0},{"damage":3.0,"enemies":"Gremlin Nob","floor":13.0,"turns":3.0},{"damage":4.0,"enemies":"Hexaghost","floor":16.0,"turns":7.0},{"damage":4.0,"enemies":"2 Thieves","floor":18.0,"turns":2.0},{"damage":0.0,"enemies":"Spheric Guardian","floor":20.0,"turns":1.0},{"damage":4.0,"enemies":"Gremlin Leader","floor":23.0,"turns":3.0},{"damage":26.0,"enemies":"Slavers","floor":25.0,"turns":4.0},{"damage":0.0,"enemies":"Snecko","floor":27.0,"turns":2.0},{"damage":5.0,"enemies":"Chosen and Byrds","floor":29.0,"turns":3.0},{"damage":0.0,"enemies":"Centurion and Healer","floor":31.0,"turns":3.0},{"damage":9.0,"enemies":"Champ","floor":33.0,"turns":5.0},{"damage":35,"enemies":"3 Shapes","floor":35,"turns":2},{"damage":0,"enemies":"Orb Walker","floor":37,"turns":1},{"damage":0,"enemies":"3 Darklings","floor":38,"turns":1},{"damage":0,"enemies":"Nemesis","floor":41,"turns":1},{"damage":0,"enemies":"Sphere and 2 Shapes","floor":44,"turns":2},{"damage":1,"enemies":"Jaw Worm Horde","floor":45,"turns":3},{"damage":0,"enemies":"Mind Bloom Boss Battle","floor":48,"turns":3},{"damage":12,"enemies":"Awakened One","floor":50,"turns":10},{"damage":0,"enemies":"Time Eater","floor":51,"turns":2}],"seed_played":"4427042009830689668","potions_obtained":[{"floor":1.0,"key":"Regen Potion"},{"floor":5.0,"key":"BottledMiracle"},{"floor":38,"key":"ColorlessPotion"},{"floor":44,"key":"FairyPotion"},{"floor":48,"key":"Swift Potion"}],"is_trial":false,"path_per_floor":["M","?","?","$","M","R","E","M","T","?","M","R","E","$","R","B",null,"M","?","M","$","?","E","R","E","T","M","R","M","?","M","R","B",null,"M","$","M","M","T","R","E","?","T","M","M","R","?","?","R","B","B",null],"character_chosen":"WATCHER","items_purchased":["Bag of Preparation"],"campfire_rested":1,"item_purchase_floors":[36],"current_hp_per_floor":[57,52,32,32,32,32,32,32,32,32,38,38,35,35,35,43,62,58,58,58,58,58,54,54,40,40,40,40,37,37,39,60,51,67,46,46,48,50,50,50,50,50,50,52,53,53,53,55,55,43,43],"gold":52,"neow_bonus":"BOSS_RELIC","is_daily":false,"chose_seed":false,"campfire_upgraded":5,"win_rate":0.0,"timestamp":1611119455,"path_taken":["M","?","?","?","?","R","E","M","T","?","M","R","E","$","R","BOSS","M","?","M","$","?","E","R","E","T","M","R","M","?","M","R","BOSS","M","$","M","M","?","R","E","?","T","M","M","R","?","?","R","BOSS","BOSS"],"items_purchased_type":["Relic"],"build_version":"2020-12-22","purchased_purges":3,"victory":true,"max_hp_per_floor":[68,68,68,68,68,68,68,68,68,68,68,68,68,68,68,68,68,68,68,68,68,68,68,68,68,68,68,68,70,70,72,72,72,72,74,74,76,78,78,78,78,78,78,80,82,82,78,80,80,80,80],"card_choices":[{"not_picked":["FlurryOfBlows","Study"],"picked":"EmptyMind","floor":1.0},{"not_picked":["CutThroughFate","SignatureMove"],"picked":"WheelKick","floor":5.0},{"not_picked":["FlurryOfBlows","Sanctity"],"picked":"Protect","floor":7.0},{"not_picked":["Wireheading","PathToVictory","Protect"],"picked":"SKIP","floor":8.0},{"not_picked":["ClearTheMind","Wireheading"],"picked":"Evaluate","floor":11.0},{"not_picked":["JustLucky","Devotion"],"picked":"WreathOfFlame","floor":13.0},{"not_picked":["Brilliance","Alpha"],"picked":"Blasphemy","floor":16.0},{"not_picked":["Prostrate","Meditate","PathToVictory"],"picked":"SKIP","floor":18.0},{"not_picked":["Tantrum+1","ClearTheMind","Halt"],"picked":"SKIP","floor":20.0},{"not_picked":["JustLucky","Consecrate","CutThroughFate"],"picked":"SKIP","floor":23.0},{"not_picked":["ClearTheMind","Vengeance"],"picked":"Swivel","floor":25.0},{"not_picked":["PathToVictory","Evaluate+1"],"picked":"TalkToTheHand+1","floor":27.0},{"not_picked":["Perseverance","Consecrate+1","CrushJoints"],"picked":"Singing Bowl","floor":29.0},{"not_picked":["ThirdEye","FlyingSleeves","Crescendo"],"picked":"Singing Bowl","floor":31.0},{"not_picked":["SpiritShield","Establishment"],"picked":"Ragnarok","floor":33.0},{"not_picked":["DeceiveReality","Evaluate+1","JustLucky+1"],"picked":"Singing Bowl","floor":35},{"not_picked":["EmptyMind","BattleHymn","Protect"],"picked":"Singing Bowl","floor":37},{"not_picked":["EmptyMind","Crescendo","JustLucky"],"picked":"Singing Bowl","floor":38},{"not_picked":["Swivel","Brilliance"],"picked":"Adaptation+1","floor":41},{"not_picked":["Swivel","FlurryOfBlows+1","SashWhip+1"],"picked":"Singing Bowl","floor":44},{"not_picked":["InnerPeace","PathToVictory","FlyingSleeves+1"],"picked":"Singing Bowl","floor":45},{"not_picked":["FollowUp","CutThroughFate","InnerPeace"],"picked":"Singing Bowl","floor":48}],"player_experience":783288,"relics_obtained":[{"floor":7.0,"key":"Juzu Bracelet"},{"floor":9.0,"key":"Meat on the Bone"},{"floor":13.0,"key":"Incense Burner"},{"floor":23.0,"key":"Whetstone"},{"floor":25.0,"key":"Calipers"},{"floor":26.0,"key":"Singing Bowl"},{"floor":39,"key":"Girya"},{"floor":41,"key":"Smiling Mask"},{"floor":43,"key":"Toy Ornithopter"},{"floor":48,"key":"Gambling Chip"}],"event_choices":[{"damage_healed":0.0,"max_hp_gain":0.0,"max_hp_loss":0.0,"gold_gain":0.0,"event_name":"Scrap Ooze","player_choice":"Success","floor":2.0,"gold_loss":0.0,"damage_taken":5.0,"relics_obtained":["Pocketwatch"]},{"damage_healed":0.0,"max_hp_gain":0.0,"max_hp_loss":0.0,"gold_gain":0.0,"event_name":"Shining Light","player_choice":"Entered Light","floor":3.0,"gold_loss":0.0,"damage_taken":20.0,"cards_upgraded":["EmptyMind","MasterReality"]},{"cards_removed":["Consecrate"],"damage_healed":0.0,"max_hp_gain":0.0,"max_hp_loss":0.0,"gold_gain":0.0,"event_name":"Living Wall","player_choice":"Forget","floor":10.0,"gold_loss":0.0,"damage_taken":0.0},{"damage_healed":0.0,"max_hp_gain":0.0,"max_hp_loss":0.0,"gold_gain":0.0,"event_name":"Vampires","player_choice":"Ignored","floor":19.0,"gold_loss":0.0,"damage_taken":0.0},{"cards_removed":["MasterReality"],"damage_healed":0.0,"max_hp_gain":0.0,"max_hp_loss":0.0,"gold_gain":0.0,"event_name":"Back to Basics","player_choice":"Elegance","floor":22.0,"gold_loss":0.0,"damage_taken":0.0},{"damage_healed":0.0,"max_hp_gain":0.0,"max_hp_loss":0.0,"gold_gain":0.0,"event_name":"N\u0027loth","player_choice":"Ignored","floor":30.0,"gold_loss":0.0,"damage_taken":0.0},{"damage_healed":0,"gold_gain":0,"player_choice":"Paid","damage_taken":0,"relics_obtained":["Red Mask"],"max_hp_gain":0,"max_hp_loss":0,"event_name":"Tomb of Lord Red Mask","floor":42,"gold_loss":117},{"damage_healed":0,"gold_gain":0,"player_choice":"Max HP","damage_taken":0,"max_hp_gain":0,"max_hp_loss":4,"event_name":"Winding Halls","floor":47,"gold_loss":0},{"damage_healed":0,"gold_gain":0,"player_choice":"Fight","damage_taken":0,"max_hp_gain":0,"max_hp_loss":0,"event_name":"MindBloom","floor":48,"gold_loss":0}],"is_beta":false,"boss_relics":[{"not_picked":["Astrolabe","Sozu"],"picked":"Snecko Eye"},{"not_picked":["Philosopher\u0027s Stone","Calling Bell"],"picked":"Runic Pyramid"}],"items_purged_floors":[4,14,21],"is_endless":false,"potions_floor_spawned":[1,5,13,20,23,27,37,38,44,48],"ascension_level":20}}