{"host":"f5h077e5av00giy4","time":1611115989,"event":{"mods":["100% Spire Juice","Act Like it!","Aspiration","BaseMod","Colored Powertips","Conspire","Decade(王小明)","Hermit","Hunter 猎人","KinomotoSakuraMod(木之本樱)","Koishi","KomeijiMod","Marisa（F雨　魔理沙）","Marked Mod","Minty Spire (QoL Compilation)","MostiFishMod","Pale of the Ancients","Quick Restart","Reimu（博丽灵梦）","Relic Stats","Remilia（蕾米莉亚）","Replay The Spire","RumiaBox-露米娅的神秘盒子","SOS（斯巴达之子）","Shop Mod","Spicy Shops","StSLib","TestMod","The Blackbeard","The Gatherer","The Mystic","The Poker Player","The Runesmith","The Servant 0.9.4","Yakumo Yukari mod","Youmu（魂魄妖梦）","Yuri Mod","Yuyuko","noobMod","vexMod","【功能Mod】聪明的最终Boss","【遗物卡牌】REMEMod","篝火指南"],"gold_per_floor":[111,131,81,95,95,95,95,114,114,145,164,199,105,122,56,160,160,177,177,187,286,297,330,330,274,274,344,360,397,242,268,99,226,271,318,346,390,451,451,528,437,473,473,484,493,529,313,341,113,134,163,188,188,114,43,81,81,81,81,102],"floor_reached":61,"language":"ZHS","playtime":2172,"items_purged":["Pain"],"score":1876,"play_id":"beffb7c9-7357-47cc-a544-8811df1c144e","local_time":"20210120121309","is_ascension_mode":false,"campfire_choices":[{"data":"Creative AI","floor":6.0,"key":"SMITH"},{"data":"blackbeard:PirateStrength","floor":57,"key":"SMITH"}],"circlet_count":0,"master_deck":["blackbeard:BlackbeardStrike+1","blackbeard:BlackbeardStrike","blackbeard:BlackbeardStrike","blackbeard:IntimidatingStrike","blackbeard:BlackbeardDefend","blackbeard:BlackbeardDefend+1","blackbeard:BlackbeardDefend","blackbeard:BlackbeardDefend","blackbeard:Cutlass","Creative AI+1","blackbeard:Spear","blackbeard:BlindAttacks+1","blackbeard:GoldenStrike","blackbeard:InfiniteBarrage","blackbeard:FieryDefense","blackbeard:Sharpening","blackbeard:Fencing","blackbeard:RemoveScurvy","blackbeard:Intoxication","blackbeard:ReapersScythe","blackbeard:DeadlyArsenal","blackbeard:RemoveScurvy+1","blackbeard:Toast+1","blackbeard:PiratesWill+1","Exhaustion","blackbeard:SmithingHammer","blackbeard:Parrot","blackbeard:TacticalRetreat","blackbeard:BoostMorale","MostiFishMod:Neptune","MostiFishMod:TheEndOfMoonlight","MostiFishMod:SparklingWater","MostiFishMod:FantasySummer","MostiFishMod:NightSea+1","blackbeard:PirateEarring","blackbeard:TheDrunkenSailor","blackbeard:GoldenCannonball+1","blackbeard:GhostInTheRum+1","blackbeard:GoldenStrike+1","blackbeard:WiseDefense+1","blackbeard:SwordDance+1","blackbeard:Shrapnel","blackbeard:PirateStrength+1","blackbeard:PirateHook+1","blackbeard:Provisioning","blackbeard:RearmingStrike+1"],"relics":["blackbeard:LoadTheCannons","testmod-TestBox","ice","DaveBox","REME_ComplimentaryCards","FeatherPendant","testmod-CardMagician","SynthV:TestCard","ThirstyCross","ArrowTower","MerchantsRug","Centennial Puzzle","Coffee Dripper","blackbeard:WhitePearl","REME_ArchaeologicalTools","Civilization","GodSword1","Pocketwatch","blackbeard:CannonballsOfSteel","Mastiff:ReiMu","Frozen Eye","CeramicFish","MoonlightInvasionPlan","DianPoetry","Gremlin Food","Replay:Rubber Ducky","MiracleMallet","aspiration:HatOfInfinitePower","Nunchaku","Toolbox","blackbeard:BloodOrange","paleoftheancients:Timepiece","paleoftheancients:KeyRelic","Letter Opener","CultistMask","paleoftheancients:SoulOfTheWokeBloke","TimeFreeze","BrkXgEgg","HornCleat"],"acts_visited":["Exordium","TheCity","TheBeyond","paleoftheancients:PaleOfTheAncients"],"potions_floor_usage":[50,56,60,60,60,60],"damage_taken":[{"damage":1.0,"enemies":"conspire:RoseBush","floor":1.0,"turns":1.0},{"damage":0.0,"enemies":"2 Louse","floor":2.0,"turns":1.0},{"damage":0.0,"enemies":"Jaw Worm","floor":4.0,"turns":1.0},{"damage":4.0,"enemies":"Exordium Thugs","floor":8.0,"turns":3.0},{"damage":1.0,"enemies":"Gremlin Nob","floor":10.0,"turns":2.0},{"damage":0.0,"enemies":"Looter","floor":11.0,"turns":1.0},{"damage":17.0,"enemies":"Lagavulin","floor":12.0,"turns":3.0},{"damage":0.0,"enemies":"Gremlin Gang","floor":14.0,"turns":1.0},{"damage":4.0,"enemies":"Slime Boss","floor":16.0,"turns":6.0},{"damage":0.0,"enemies":"Spheric Guardian","floor":18.0,"turns":2.0},{"damage":3.0,"enemies":"3 Byrds","floor":20.0,"turns":4.0},{"damage":0.0,"enemies":"Shelled Parasite and Fungi","floor":22.0,"turns":3.0},{"damage":0.0,"enemies":"Slavers","floor":23.0,"turns":2.0},{"damage":0.0,"enemies":"Gremlin Leader","floor":27.0,"turns":2.0},{"damage":0.0,"enemies":"conspire:SneckoGhost","floor":29.0,"turns":2.0},{"damage":1.0,"enemies":"Snecko","floor":31.0,"turns":1.0},{"damage":6.0,"enemies":"conspire:MysteriousRune","floor":33.0,"turns":4.0},{"damage":6.0,"enemies":"3 Shapes","floor":35.0,"turns":1.0},{"damage":0.0,"enemies":"3 Darklings","floor":36.0,"turns":3.0},{"damage":44.0,"enemies":"Transient","floor":37.0,"turns":5.0},{"damage":0.0,"enemies":"2 Orb Walkers","floor":38.0,"turns":1.0},{"damage":35.0,"enemies":"R_Hoarder","floor":40.0,"turns":4.0},{"damage":3,"enemies":"Maw","floor":42,"turns":5},{"damage":0,"enemies":"Reptomancer","floor":46,"turns":2},{"damage":0,"enemies":"Spire Growth","floor":48,"turns":2},{"damage":6,"enemies":"conspire:OrnateMirror","floor":50,"turns":1},{"damage":1,"enemies":"conspire:OrnateMirror","floor":51,"turns":2},{"damage":0,"enemies":"conspire:OrnateMirror","floor":52,"turns":1},{"damage":8,"enemies":"conspire:OrnateMirror","floor":56,"turns":3},{"damage":9,"enemies":"paleoftheancients:N","floor":60,"turns":5}],"seed_played":"1849156559637295161","potions_obtained":[{"floor":1.0,"key":"Energy Potion"},{"floor":10.0,"key":"LifebloodPotion"},{"floor":11.0,"key":"blackbeard:OrangeJuicePotion"},{"floor":12.0,"key":"AttackPotion"},{"floor":14.0,"key":"SkillPotion"},{"floor":16.0,"key":"LifebloodPotion"},{"floor":18.0,"key":"Dexterity Potion"},{"floor":20.0,"key":"Death Potion"},{"floor":22.0,"key":"Swift Potion"},{"floor":23.0,"key":"testmod-EscapePotion"},{"floor":27.0,"key":"Dexterity Potion"},{"floor":29.0,"key":"testmod-TestPotion"},{"floor":31.0,"key":"testmod-TestPotion"},{"floor":33.0,"key":"AttackPotion"},{"floor":35.0,"key":"Adrenaline Potion"},{"floor":36.0,"key":"LiquidMemories"},{"floor":37.0,"key":"Swift Potion"},{"floor":38.0,"key":"REME_GoldPotion"},{"floor":40.0,"key":"REME_GoldPotion"},{"floor":42,"key":"Elixir"},{"floor":46,"key":"MagicPotion:ReiMu"},{"floor":48,"key":"testmod-TestPotion"},{"floor":51,"key":"GamblersBrew"},{"floor":52,"key":"SpeedPotion"}],"is_trial":false,"path_per_floor":["M","M","?","M","?","R","$","M","T","E","M","E","R","M","R","B",null,"M","?","M","?","M","E","?","$","T","E","R","E","$","M","R","B",null,"M","M","M","?","?","E","R","M","T","R","?","E","R","M","R","B","M","M","?","$","R","M","R","T","?","B",null],"character_chosen":"BLACKBEARD_CLASS","items_purchased":["MerchantsRug","Centennial Puzzle","Civilization","Mastiff:ReiMu","Frozen Eye","CeramicFish","Replay:Rubber Ducky","Nunchaku","Toolbox","blackbeard:Shrapnel","War Paint","blackbeard:BloodOrange","TimeFreeze","BrkXgEgg"],"campfire_rested":0,"item_purchase_floors":[13,15,25,30,32,32,41,47,47,47,49,49,54,55],"current_hp_per_floor":[81,81,81,81,81,81,81,77,77,76,76,65,65,65,65,71,82,82,82,79,79,82,82,82,82,82,83,83,85,85,87,87,85,92,91,96,73,88,88,58,58,76,76,76,76,81,81,86,86,137,142,147,147,147,147,148,148,148,148,151],"gold":102,"neow_bonus":"TEN_PERCENT_HP_BONUS","is_daily":false,"chose_seed":false,"campfire_upgraded":2,"win_rate":0.0,"timestamp":1611115989,"path_taken":["M","M","?","M","?","R","?","M","T","E","M","E","R","?","R","BOSS","M","?","?","?","M","E","?","?","T","E","R","E","$","M","R","BOSS","M","M","M","?","?","E","R","M","T","R","?","E","R","M","R","BOSS","M","M","?","$","R","M","R","T","?","BOSS"],"items_purchased_type":["Relic","Relic","Relic","Relic","Relic","Relic","Relic","Relic","Relic","Card","Relic","Relic","Relic","Relic"],"build_version":"2020-12-22","purchased_purges":1,"victory":true,"max_hp_per_floor":[82,82,82,82,82,82,82,82,82,82,82,82,82,82,82,82,82,82,82,82,82,82,82,82,82,82,83,83,85,85,88,88,92,92,97,102,107,112,112,117,117,122,122,122,122,127,127,132,132,137,142,147,147,147,147,152,152,152,152,157],"relic_stats":{"Centennial Puzzle":[31],"Nunchaku":[7],"counters":[30,73],"CeramicFish":171,"Letter Opener":[55],"obtain_stats":[{"ThirstyCross":5,"DaveBox":0,"DianPoetry":38,"CeramicFish":32,"ice":0,"Whetstone":10,"Replay:Rubber Ducky":41,"Civilization":25,"Frozen Eye":32,"Centennial Puzzle":15,"Nunchaku":47,"HornCleat":58,"Mastiff:ReiMu":30,"Toolbox":47,"REME_ArchaeologicalTools":23,"MiracleMallet":45,"Gremlin Food":40,"MerchantsRug":13,"paleoftheancients:KeyRelic":50,"testmod-TestBox":0,"blackbeard:LoadTheCannons":0,"blackbeard:CannonballsOfSteel":29,"MoonlightInvasionPlan":34,"testmod-CardMagician":0,"BrkXgEgg":55,"blackbeard:WhitePearl":19,"Letter Opener":50,"War Paint":49,"TimeFreeze":54,"White Beast Statue":9,"paleoftheancients:Timepiece":50,"SynthV:TestCard":1,"FeatherPendant":0,"paleoftheancients:SoulOfTheWokeBloke":51,"CultistMask":50,"Coffee Dripper":17,"blackbeard:BloodOrange":49,"ArrowTower":12,"aspiration:HatOfInfinitePower":46,"REME_ComplimentaryCards":0,"GodSword1":26,"Pocketwatch":27},{"ThirstyCross":3,"DaveBox":0,"DianPoetry":21,"CeramicFish":16,"ice":0,"Whetstone":5,"Replay:Rubber Ducky":22,"Civilization":13,"Frozen Eye":16,"Centennial Puzzle":8,"Nunchaku":24,"HornCleat":29,"Mastiff:ReiMu":15,"Toolbox":24,"REME_ArchaeologicalTools":13,"MiracleMallet":23,"Gremlin Food":22,"MerchantsRug":7,"paleoftheancients:KeyRelic":26,"testmod-TestBox":0,"blackbeard:LoadTheCannons":0,"blackbeard:CannonballsOfSteel":15,"MoonlightInvasionPlan":17,"testmod-CardMagician":0,"BrkXgEgg":28,"blackbeard:WhitePearl":10,"Letter Opener":26,"War Paint":25,"TimeFreeze":28,"White Beast Statue":4,"paleoftheancients:Timepiece":26,"SynthV:TestCard":1,"FeatherPendant":0,"paleoftheancients:SoulOfTheWokeBloke":27,"CultistMask":26,"Coffee Dripper":9,"blackbeard:BloodOrange":25,"ArrowTower":7,"aspiration:HatOfInfinitePower":24,"REME_ComplimentaryCards":0,"GodSword1":13,"Pocketwatch":14},{"ThirstyCross":3,"DaveBox":0,"DianPoetry":48,"CeramicFish":34,"ice":0,"Whetstone":8,"Replay:Rubber Ducky":52,"Civilization":29,"Frozen Eye":34,"Centennial Puzzle":13,"Nunchaku":59,"HornCleat":68,"Mastiff:ReiMu":33,"Toolbox":59,"REME_ArchaeologicalTools":29,"MiracleMallet":57,"Gremlin Food":52,"MerchantsRug":12,"paleoftheancients:KeyRelic":62,"testmod-TestBox":0,"blackbeard:LoadTheCannons":0,"blackbeard:CannonballsOfSteel":33,"MoonlightInvasionPlan":38,"testmod-CardMagician":0,"BrkXgEgg":65,"blackbeard:WhitePearl":21,"Letter Opener":62,"War Paint":61,"TimeFreeze":65,"White Beast Statue":6,"paleoftheancients:Timepiece":62,"SynthV:TestCard":1,"FeatherPendant":0,"paleoftheancients:SoulOfTheWokeBloke":64,"CultistMask":62,"Coffee Dripper":19,"blackbeard:BloodOrange":61,"ArrowTower":12,"aspiration:HatOfInfinitePower":59,"REME_ComplimentaryCards":0,"GodSword1":29,"Pocketwatch":31}],"Pocketwatch":[0]},"card_choices":[{"not_picked":["blackbeard:BeatUp","blackbeard:TacticalRetreat"],"picked":"blackbeard:Spear","floor":1.0},{"not_picked":["blackbeard:Sharpening","blackbeard:Sword","blackbeard:FieryDefense","blackbeard:CannonBarrage"],"picked":"blackbeard:BlindAttacks","floor":2.0},{"not_picked":["blackbeard:JollyRoger","blackbeard:Fencing","blackbeard:Anchor","blackbeard:BlindAttacks"],"picked":"blackbeard:InfiniteBarrage","floor":4.0},{"not_picked":["blackbeard:RearmingStrike","blackbeard:GoldenStrike","blackbeard:DelayedPain","blackbeard:CloakAndCannonball"],"picked":"blackbeard:FieryDefense","floor":8.0},{"not_picked":["blackbeard:DangerousBlow","blackbeard:Shrapnel","blackbeard:PiratesWill","blackbeard:DoubleCannonball"],"picked":"blackbeard:Sharpening","floor":10.0},{"not_picked":["blackbeard:DangerousBlow","blackbeard:JollyRoger","blackbeard:FieryDefense","blackbeard:DeadlyArsenal"],"picked":"blackbeard:Fencing","floor":11.0},{"not_picked":["blackbeard:AgileStrike","blackbeard:GhostInTheRum","blackbeard:TacticalRetreat","blackbeard:Toast"],"picked":"blackbeard:RemoveScurvy","floor":12.0},{"not_picked":["blackbeard:BeatUp","blackbeard:RearmingStrike","blackbeard:Fencing","blackbeard:WiseDefense"],"picked":"blackbeard:Intoxication","floor":14.0},{"not_picked":["blackbeard:PirateStrength","blackbeard:Intoxication","blackbeard:Murder","blackbeard:Halberd"],"picked":"blackbeard:ReapersScythe","floor":16.0},{"not_picked":["blackbeard:VengefulSpirit","blackbeard:Fencing","blackbeard:Spear","blackbeard:FieryDefense"],"picked":"blackbeard:DeadlyArsenal","floor":18.0},{"not_picked":["blackbeard:Sharpening","blackbeard:Toast","blackbeard:DelayedPain","blackbeard:Shrapnel"],"picked":"blackbeard:RemoveScurvy+1","floor":20.0},{"not_picked":["blackbeard:CaptainsCabin","blackbeard:DangerousBlow","blackbeard:BlindAttacks","blackbeard:ArmorUp"],"picked":"blackbeard:Toast+1","floor":22.0},{"not_picked":["blackbeard:FieryDefense","blackbeard:DoubleCannonball+1","blackbeard:InfiniteBarrage","blackbeard:Spear+1"],"picked":"blackbeard:PiratesWill+1","floor":23.0},{"not_picked":["blackbeard:Rum+1","blackbeard:GoldenStrike","blackbeard:FieryDefense","blackbeard:GoldenCannonball+1"],"picked":"blackbeard:SmithingHammer","floor":27.0},{"not_picked":["blackbeard:CloakAndCannonball+1","blackbeard:DeadlyArsenal","blackbeard:BeatUp","blackbeard:ChaoticDefense+1"],"picked":"blackbeard:Parrot","floor":29.0},{"not_picked":["blackbeard:Recklessness+1","blackbeard:BrownPants","blackbeard:Fencing","blackbeard:Sword"],"picked":"blackbeard:TacticalRetreat","floor":31.0},{"not_picked":["blackbeard:HumongousCannonball","blackbeard:Intoxication","blackbeard:ReapersScythe","blackbeard:Lifeboat"],"picked":"blackbeard:BoostMorale","floor":33.0},{"not_picked":["blackbeard:RearmingStrike","blackbeard:CaptainsCabin","blackbeard:AgileStrike+1","blackbeard:CatONineTails+1"],"picked":"blackbeard:PirateEarring","floor":35.0},{"not_picked":["blackbeard:Spear+1","blackbeard:DelayedPain","blackbeard:WeaponProficiency","blackbeard:WiseDefense"],"picked":"blackbeard:TerrorOfTheSeas+1","floor":36.0},{"not_picked":["blackbeard:PiratesWill","blackbeard:Dagger","blackbeard:Sword","blackbeard:PirateEarring+1"],"picked":"blackbeard:TheDrunkenSailor","floor":37.0},{"not_picked":["blackbeard:BrownPants+1","blackbeard:DeadlyArsenal+1","blackbeard:VengefulSpirit+1","blackbeard:Sword+1"],"picked":"blackbeard:GoldenCannonball+1","floor":38.0},{"not_picked":["blackbeard:RearmingStrike","blackbeard:FieryDefense+1","blackbeard:DeadlyArsenal+1","blackbeard:WiseDefense"],"picked":"blackbeard:GhostInTheRum+1","floor":40.0},{"not_picked":["blackbeard:FieryDefense","blackbeard:WoodenLeg","blackbeard:InfiniteBarrage","blackbeard:GhostInTheRum+1"],"picked":"blackbeard:GoldenStrike+1","floor":42},{"not_picked":["blackbeard:CannonballSupply","blackbeard:Sharpening+1","blackbeard:Boarding","blackbeard:BuriedTreasure"],"picked":"blackbeard:WiseDefense+1","floor":45},{"not_picked":["blackbeard:GoldenDefense","blackbeard:Anchor+1","blackbeard:InfiniteBarrage","blackbeard:Spear+1"],"picked":"blackbeard:SwordDance+1","floor":46},{"not_picked":["blackbeard:GoldenStrike","blackbeard:TerrorOfTheSeas","blackbeard:Anchor","blackbeard:Dagger"],"picked":"blackbeard:PirateStrength","floor":48},{"not_picked":["blackbeard:DoubleCannonball","blackbeard:TerrorOfTheSeas","blackbeard:DeadlyArsenal","blackbeard:CatONineTails"],"picked":"blackbeard:PirateHook+1","floor":51},{"not_picked":["blackbeard:WiseDefense","blackbeard:CannonBarrage","blackbeard:PowderKeg+1","blackbeard:GoldenDefense+1"],"picked":"blackbeard:Provisioning","floor":52},{"not_picked":["blackbeard:SmithingHammer+1","blackbeard:Sharpening+1","blackbeard:BlindAttacks+1","blackbeard:GoldenStrike"],"picked":"blackbeard:RearmingStrike+1","floor":56}],"player_experience":296601,"relics_obtained":[{"floor":1.0,"key":"SynthV:TestCard"},{"floor":9.0,"key":"White Beast Statue"},{"floor":10.0,"key":"Whetstone"},{"floor":12.0,"key":"ArrowTower"},{"floor":23.0,"key":"REME_ArchaeologicalTools"},{"floor":26.0,"key":"GodSword1"},{"floor":27.0,"key":"Pocketwatch"},{"floor":29.0,"key":"blackbeard:CannonballsOfSteel"},{"floor":38.0,"key":"DianPoetry"},{"floor":40.0,"key":"Gremlin Food"},{"floor":45,"key":"MiracleMallet"},{"floor":46,"key":"aspiration:HatOfInfinitePower"},{"floor":51,"key":"paleoftheancients:SoulOfTheWokeBloke"},{"floor":58,"key":"HornCleat"}],"event_choices":[{"damage_healed":0.0,"max_hp_gain":0.0,"max_hp_loss":0.0,"gold_gain":0.0,"event_name":"blackbeard:GoldsmithEvent","player_choice":"blackbeard:GoldenStrike","floor":3.0,"gold_loss":0.0,"damage_taken":0.0,"cards_obtained":["blackbeard:GoldenStrike"]},{"damage_healed":0.0,"max_hp_gain":0.0,"max_hp_loss":0.0,"gold_gain":0.0,"event_name":"WeMeetAgain","player_choice":"Gave Potion","floor":19.0,"gold_loss":0.0,"damage_taken":0.0,"relics_obtained":["blackbeard:WhitePearl"]},{"damage_healed":0.0,"max_hp_gain":0.0,"max_hp_loss":0.0,"gold_gain":99.0,"event_name":"Nest","player_choice":"Stole From Cult","floor":21.0,"gold_loss":0.0,"damage_taken":0.0},{"damage_healed":0.0,"max_hp_gain":0.0,"max_hp_loss":0.0,"gold_gain":0.0,"event_name":"Mysterious Sphere","player_choice":"Fight","floor":38.0,"gold_loss":0.0,"damage_taken":0.0},{"damage_healed":0.0,"max_hp_gain":0.0,"max_hp_loss":0.0,"gold_gain":0.0,"event_name":"Tomb of Lord Red Mask","player_choice":"Ignored","floor":39.0,"gold_loss":0.0,"damage_taken":0.0}],"is_beta":false,"boss_relics":[{"not_picked":["Fusion Hammer","Kintsugi"],"picked":"Coffee Dripper"},{"not_picked":["JellyFishMachine","ReplayTheSpireMod:DimensionalGlitch"],"picked":"MoonlightInvasionPlan"}],"items_purged_floors":[25],"is_endless":false,"potions_floor_spawned":[1,10,11,12,14,16,18,20,22,23,27,29,31,33,35,36,37,38,40,42,46,48,51,52],"ascension_level":0}}