{"host":"32dedufnxebqtmo3","time":1611157018,"event":{"mods":["AchievementEnabler","BaseMod","Better Third Choice","Card Filter","Colored Powertips","Defuse TimeMaze Blight","GifTheSpireLib","Minty Spire (QoL Compilation)","Permanent Neow","Relic Filter","Relic Stats","Remove Card Discount Mod","Retaliation","Shop Mod","StSLib","The Cursed","Unceasing Turn Reminder"],"gold_per_floor":[111,125,73,73,83,117,130,130,130,41,41,54,69,80,80,179,179,192,192,192,192,178,178,35,35,83,114,126,138,183,209,221,332,344,367,399,411,423,288,314,365,398,471,471,502,521,521,538,538,538],"floor_reached":51,"language":"ENG","playtime":5947,"items_purged":["Pain","Entrench","Heavy Blade","Demon Form","Bash","Defend_R","Bite"],"score":805,"play_id":"7e9923ea-25f0-4d22-a61d-6a8768fe2dce","local_time":"20210120073658","is_ascension_mode":false,"campfire_choices":[{"data":"True Grit","floor":11,"key":"SMITH"},{"data":"DDmod:EasePowerCard","floor":15,"key":"SMITH"},{"data":"Dark Embrace","floor":23,"key":"SMITH"},{"data":"Disarm","floor":25,"key":"SMITH"},{"data":"DDmod:SpikeMailSkill","floor":28,"key":"SMITH"},{"data":"DDmod:BurningFumesPowerCard","floor":32,"key":"SMITH"}],"circlet_count":0,"master_deck":["Defend_R+1","Defend_R+1","Defend_R+1","Feed","Spot Weakness","Disarm+1","DDmod:EasePowerCard+1","DDmod:UnstoppableAttack","Reckless Charge","True Grit+1","Dark Embrace+1","Wild Strike","CurseOfTheBell","Disarm+1","Bite","Bite+1","Bite","Bite","DDmod:BurningFumesPowerCard+1","DDmod:SpikeMailSkill+1","Dramatic Entrance+1","DDmod:UnstoppableAttack+1","Seeing Red","True Grit","Flame Barrier","Pummel","Reckless Charge+1","Rampage"],"relics":["Burning Blood","DDmod:BarbedSlagRelic","Centennial Puzzle","WarpedTongs","InkBottle","Omamori","Matryoshka","Pocketwatch","Mummified Hand","Cursed Key","MerchantsRug","Akabeko","DDmod:StuhbiRelic","Bottled Tornado","Singing Bowl","Meat on the Bone","Letter Opener"],"acts_visited":["Exordium","TheCity","TheBeyond"],"potions_floor_usage":[6,31,41,41,42,50,50,50,50,50,50],"damage_taken":[{"damage":7,"enemies":"2 Louse","floor":1,"turns":2},{"damage":1,"enemies":"Cultist","floor":2,"turns":3},{"damage":7,"enemies":"Jaw Worm","floor":5,"turns":6},{"damage":27,"enemies":"Gremlin Nob","floor":6,"turns":4},{"damage":2,"enemies":"3 Louse","floor":7,"turns":7},{"damage":9,"enemies":"2 Fungi Beasts","floor":12,"turns":3},{"damage":3,"enemies":"Red Slaver","floor":13,"turns":4},{"damage":10,"enemies":"Looter","floor":14,"turns":3},{"damage":47,"enemies":"The Guardian","floor":16,"turns":11},{"damage":12,"enemies":"Chosen","floor":18,"turns":6},{"damage":26,"enemies":"2 Thieves","floor":22,"turns":4},{"damage":16,"enemies":"Centurion and Healer","floor":27,"turns":9},{"damage":18,"enemies":"Book of Stabbing","floor":30,"turns":8},{"damage":11,"enemies":"Cultist and Chosen","floor":31,"turns":10},{"damage":124,"enemies":"Champ","floor":33,"turns":18},{"damage":17,"enemies":"Orb Walker","floor":35,"turns":4},{"damage":37,"enemies":"3 Darklings","floor":36,"turns":10},{"damage":22,"enemies":"Nemesis","floor":40,"turns":9},{"damage":66,"enemies":"2 Orb Walkers","floor":41,"turns":7},{"damage":116,"enemies":"Giant Head","floor":42,"turns":13},{"damage":30,"enemies":"Reptomancer","floor":45,"turns":10},{"damage":7,"enemies":"Jaw Worm Horde","floor":46,"turns":3},{"damage":12,"enemies":"Transient","floor":48,"turns":5},{"damage":34,"enemies":"Time Eater","floor":50,"turns":8}],"seed_played":"-6272044864471884661","potions_obtained":[{"floor":1,"key":"Strength Potion"},{"floor":5,"key":"DDmod:CleansePotion"},{"floor":6,"key":"DDmod:CleansePotion"},{"floor":14,"key":"EntropicBrew"},{"floor":16,"key":"BlessingOfTheForge"},{"floor":31,"key":"Fruit Juice"},{"floor":35,"key":"DuplicationPotion"},{"floor":41,"key":"DistilledChaos"},{"floor":45,"key":"SteroidPotion"},{"floor":48,"key":"CultistPotion"}],"is_trial":false,"path_per_floor":["M","M","$","?","M","E","M","?","T","$","R","M","M","M","R","B",null,"M","?","?","?","M","R","$","R","T","M","R","?","E","M","R","B",null,"M","M","?","$","$","E","?","E","T","?","E","M","?","M","R","B",null],"character_chosen":"IRONCLAD","items_purchased":["DDmod:EasePowerCard","True Grit","Dark Embrace","DDmod:SpikeMailSkill","Dramatic Entrance","MerchantsRug","Flame Barrier"],"campfire_rested":0,"item_purchase_floors":[3,10,10,24,24,39,39],"current_hp_per_floor":[58,63,63,63,62,45,56,56,56,56,56,57,71,75,75,50,99,103,103,72,72,64,64,64,64,64,75,75,75,79,88,88,38,92,92,96,87,87,87,100,77,30,30,30,73,90,92,113,113,98],"gold":538,"neow_bonus":"THREE_RARE_CARDS","is_daily":false,"chose_seed":false,"campfire_upgraded":6,"win_rate":0.0,"timestamp":1611157018,"path_taken":["M","M","$","?","M","E","M","?","T","$","R","?","M","M","R","BOSS","M","?","?","?","M","R","$","R","T","?","R","?","E","M","R","BOSS","M","M","?","?","$","E","?","E","T","?","E","?","?","M","R","BOSS"],"items_purchased_type":["Card","Card","Card","Card","Card","Relic","Card"],"build_version":"2020-12-22","purchased_purges":7,"victory":true,"max_hp_per_floor":[83,83,83,83,83,86,89,89,89,89,89,92,95,95,95,99,99,103,103,72,72,72,72,72,72,72,75,75,75,79,88,88,92,92,92,96,96,96,96,100,103,103,103,103,103,109,111,113,113,113],"relic_stats":{"Centennial Puzzle":[60],"Singing Bowl":6,"counters":[24,167],"Mummified Hand":[33],"Letter Opener":[5],"Cursed Key":1,"obtain_stats":[{"MerchantsRug":39,"Singing Bowl":43,"Omamori":17,"Whetstone":26,"Letter Opener":45,"Bottled Tornado":42,"MawBank":26,"Cursed Key":34,"Burning Blood":0,"Akabeko":40,"WarpedTongs":8,"Calling Bell":17,"Centennial Puzzle":6,"Matryoshka":17,"DDmod:StuhbiRelic":41,"Mummified Hand":30,"DDmod:BarbedSlagRelic":4,"InkBottle":9,"Pocketwatch":17,"Meat on the Bone":43},{"MerchantsRug":17,"Singing Bowl":20,"Omamori":9,"Whetstone":11,"Letter Opener":21,"Bottled Tornado":20,"MawBank":11,"Cursed Key":15,"Burning Blood":0,"Akabeko":18,"WarpedTongs":5,"Calling Bell":9,"Centennial Puzzle":4,"Matryoshka":9,"DDmod:StuhbiRelic":19,"Mummified Hand":13,"DDmod:BarbedSlagRelic":2,"InkBottle":5,"Pocketwatch":9,"Meat on the Bone":20},{"MerchantsRug":112,"Singing Bowl":141,"Omamori":43,"Whetstone":53,"Letter Opener":151,"Bottled Tornado":141,"MawBank":53,"Cursed Key":98,"Burning Blood":0,"Akabeko":121,"WarpedTongs":22,"Calling Bell":43,"Centennial Puzzle":15,"Matryoshka":43,"DDmod:StuhbiRelic":128,"Mummified Hand":70,"DDmod:BarbedSlagRelic":5,"InkBottle":22,"Pocketwatch":43,"Meat on the Bone":141}],"Burning Blood":97,"InkBottle":[51],"WarpedTongs":[116],"Pocketwatch":[108],"Meat on the Bone":0},"card_choices":[{"not_picked":["Fiend Fire","Brutality"],"picked":"Feed","floor":0},{"not_picked":["Sword Boomerang","Heavy Blade"],"picked":"Spot Weakness","floor":1},{"not_picked":["Flex","Evolve"],"picked":"Disarm","floor":2},{"not_picked":["Seeing Red","Infernal Blade"],"picked":"Heavy Blade","floor":5},{"not_picked":["Heavy Blade","Shrug It Off"],"picked":"DDmod:UnstoppableAttack","floor":6},{"not_picked":["Battle Trance","Warcry"],"picked":"Reckless Charge","floor":7},{"not_picked":["Intimidate","Sword Boomerang"],"picked":"Wild Strike","floor":12},{"not_picked":["Offering","Heavy Blade","DDmod:EasePowerCard"],"picked":"SKIP","floor":13},{"not_picked":["Flex","DDmod:CallousedSkill"],"picked":"Body Slam","floor":14},{"not_picked":["DDmod:GrandUltimatumAttack","Bludgeon"],"picked":"Demon Form","floor":16},{"not_picked":["Spot Weakness","Whirlwind+1"],"picked":"Disarm+1","floor":18},{"not_picked":["Metallicize","Anger+1"],"picked":"DDmod:BurningFumesPowerCard","floor":22},{"not_picked":["Uppercut+1","Warcry"],"picked":"DDmod:UnstoppableAttack+1","floor":27},{"not_picked":["DDmod:CallousedSkill","Whirlwind","DDmod:SpikeShotSkill"],"picked":"SKIP","floor":30},{"not_picked":["Clash+1","DDmod:PokeAttack+1"],"picked":"Seeing Red","floor":31},{"not_picked":["Thunderclap+1","Pommel Strike+1","Heavy Blade+1"],"picked":"SKIP","floor":35},{"not_picked":["DDmod:BurningFumesPowerCard","Infernal Blade"],"picked":"True Grit","floor":36},{"not_picked":["Wild Strike","Entrench"],"picked":"Pummel","floor":40},{"not_picked":["DDmod:BurningFumesPowerCard+1","Flex"],"picked":"Evolve+1","floor":41},{"not_picked":["DDmod:CallousedSkill+1","Evolve"],"picked":"Reckless Charge+1","floor":42},{"not_picked":["Inflame","DDmod:SpikeShotSkill"],"picked":"Rampage","floor":45},{"not_picked":["Ghostly Armor+1","Perfected Strike","Uppercut+1"],"picked":"Singing Bowl","floor":46},{"not_picked":["Mayhem","Flash of Steel","Transmutation"],"picked":"Singing Bowl","floor":47},{"not_picked":["Wild Strike","DDmod:EasePowerCard","Armaments+1"],"picked":"Singing Bowl","floor":48}],"player_experience":670489,"relics_obtained":[{"floor":6,"key":"Centennial Puzzle"},{"floor":9,"key":"InkBottle"},{"floor":17,"key":"Omamori"},{"floor":17,"key":"Matryoshka"},{"floor":17,"key":"Pocketwatch"},{"floor":26,"key":"Whetstone"},{"floor":26,"key":"MawBank"},{"floor":30,"key":"Mummified Hand"},{"floor":40,"key":"Akabeko"},{"floor":41,"key":"DDmod:StuhbiRelic"},{"floor":42,"key":"Bottled Tornado"},{"floor":43,"key":"Singing Bowl"},{"floor":43,"key":"Meat on the Bone"},{"floor":45,"key":"Letter Opener"}],"event_choices":[{"damage_healed":0,"gold_gain":0,"player_choice":"Rummage","damage_taken":0,"relics_obtained":["WarpedTongs"],"max_hp_gain":0,"max_hp_loss":0,"event_name":"Accursed Blacksmith","floor":8,"gold_loss":0,"cards_obtained":["Pain"]},{"damage_healed":0,"gold_gain":0,"player_choice":"Ignored","damage_taken":0,"max_hp_gain":0,"max_hp_loss":0,"event_name":"Ghosts","floor":19,"gold_loss":0},{"damage_healed":0,"gold_gain":0,"player_choice":"Became a vampire","damage_taken":0,"max_hp_gain":0,"max_hp_loss":31,"event_name":"Vampires","floor":20,"gold_loss":0,"cards_obtained":["Bite","Bite","Bite","Bite","Bite"]},{"damage_healed":0,"gold_gain":0,"cards_transformed":["Body Slam"],"player_choice":"Transformed","damage_taken":0,"max_hp_gain":0,"max_hp_loss":0,"event_name":"Transmorgrifier","floor":21,"gold_loss":0,"cards_obtained":["Entrench"]},{"damage_healed":0,"gold_gain":0,"player_choice":"Simplicity","damage_taken":0,"max_hp_gain":0,"max_hp_loss":3,"event_name":"betterThird:BetterWriting","floor":29,"gold_loss":0},{"damage_healed":0,"gold_gain":0,"player_choice":"Damaged","damage_taken":9,"max_hp_gain":0,"max_hp_loss":0,"event_name":"Wheel of Change","floor":37,"gold_loss":0},{"damage_healed":0,"gold_gain":0,"player_choice":"Fight","damage_taken":0,"max_hp_gain":0,"max_hp_loss":0,"event_name":"Mysterious Sphere","floor":41,"gold_loss":0},{"cards_removed":["Evolve"],"damage_healed":0,"gold_gain":0,"player_choice":"Removed Power","damage_taken":0,"max_hp_gain":0,"max_hp_loss":0,"event_name":"Falling","floor":44,"gold_loss":0},{"damage_healed":0,"gold_gain":0,"player_choice":"Memory 1","damage_taken":0,"max_hp_gain":0,"max_hp_loss":0,"event_name":"SensoryStone","floor":47,"gold_loss":0}],"is_beta":false,"boss_relics":[{"not_picked":["SlaversCollar","Empty Cage"],"picked":"Calling Bell"},{"not_picked":["Astrolabe","Sozu"],"picked":"Cursed Key"}],"items_purged_floors":[10,24,24,24,24,24,39],"is_endless":false,"potions_floor_spawned":[1,5,6,14,16,22,31,35,36,41,45,48],"ascension_level":0}}