{"host":"7uuqqk35leady37t","time":1611122541,"event":{"mods":["BaseMod","Colored Map","Colored Powertips","Marisa£®ÏF”Í°°ƒß¿Ì…≥£©","Minty Spire (QoL Compilation)","Relic Stats","Remilia£®¿Ÿ√◊¿Ú—«£©","Replay The Spire","Robot Space Explorer","StSLib","The Bug Knight","The Servant 0.9.4","UnlockEverythingMod","Waifu the Spire","Yuri Mod","[IsaacMod]“‘»ˆº‚À˛"],"gold_per_floor":[116,132,150,184,211,211,251,268,268,302,320,333,380,380,380,408,408],"floor_reached":16,"language":"ZHS","playtime":777,"items_purged":[],"score":252,"play_id":"c4c11653-55bb-41a9-8fc0-01cc82b8bb71","local_time":"20210120140221","is_ascension_mode":true,"campfire_choices":[{"data":"Prostrate","floor":6,"key":"SMITH"},{"floor":15,"key":"REST"}],"circlet_count":0,"master_deck":["AscendersBane","Strike_P","Strike_P","Strike_P","Strike_P","Defend_P","Defend_P","Defend_P","Defend_P","Eruption","Vigilance","BloodyBrimstone","ThirdEye","FlyingSleeves","Replay:ManipulateFuture","Prostrate+1","FollowUp","Nirvana","Prostrate","Fasting2","Replay:DivineShield","Prostrate","Languid"],"relics":["PureWater","HushsDoor","SalivaCoin","Oddly Smooth Stone","Simple Rune","Yang","Lantern","Ring of Peace","Ring of Misfortune"],"acts_visited":["Exordium"],"potions_floor_usage":[10,16,16],"damage_taken":[{"damage":0,"enemies":"Cultist","floor":1,"turns":2},{"damage":0,"enemies":"Jaw Worm","floor":2,"turns":3},{"damage":0,"enemies":"Small Slimes","floor":3,"turns":1},{"damage":10,"enemies":"3 Louse","floor":4,"turns":3},{"damage":12,"enemies":"Exordium Wildlife","floor":5,"turns":3},{"damage":16,"enemies":"3 Sentries","floor":7,"turns":7},{"damage":2,"enemies":"Red Slaver","floor":8,"turns":2},{"damage":5,"enemies":"Gremlin Nob","floor":10,"turns":3},{"damage":0,"enemies":"Looter","floor":11,"turns":2},{"damage":0,"enemies":"Exordium Thugs","floor":12,"turns":1},{"damage":12,"enemies":"Lagavulin","floor":13,"turns":6},{"damage":28,"enemies":"The Guardian","floor":16,"turns":10}],"seed_played":"8984461907746215342","potions_obtained":[{"floor":1,"key":"BottledMiracle"},{"floor":4,"key":"Dexterity Potion"},{"floor":10,"key":"BottledMiracle"}],"is_trial":false,"path_per_floor":["M","M","M","M","M","R","E","M","T","E","M","M","E","?","R","B"],"character_chosen":"WATCHER","items_purchased":[],"campfire_rested":1,"item_purchase_floors":[],"current_hp_per_floor":[67,67,67,57,45,45,29,27,27,22,22,22,10,10,23,0,0],"gold":408,"neow_bonus":"TEN_PERCENT_HP_BONUS","is_daily":false,"chose_seed":false,"campfire_upgraded":1,"win_rate":0.0,"timestamp":1611122541,"path_taken":["M","M","M","?","?","R","E","M","T","E","M","M","E","?","R","BOSS"],"items_purchased_type":[],"build_version":"2020-12-22","purchased_purges":0,"victory":false,"max_hp_per_floor":[74,71,68,65,62,62,59,56,56,53,50,47,44,44,44,41,41],"relic_stats":{"counters":[12,43],"Yang":[23],"obtain_stats":[{"KeepersGift":0,"Lantern":13,"Ring of Peace":14,"Ring of Misfortune":14,"Oddly Smooth Stone":7,"Simple Rune":9,"Yang":10,"SalivaCoin":0,"PureWater":0,"HushsDoor":0},{"KeepersGift":0,"Lantern":11,"Ring of Peace":11,"Ring of Misfortune":11,"Oddly Smooth Stone":6,"Simple Rune":7,"Yang":8,"SalivaCoin":0,"PureWater":0,"HushsDoor":0},{"KeepersGift":0,"Lantern":33,"Ring of Peace":33,"Ring of Misfortune":33,"Oddly Smooth Stone":19,"Simple Rune":21,"Yang":24,"SalivaCoin":0,"PureWater":0,"HushsDoor":0}]},"card_choices":[{"not_picked":[],"picked":"BloodyBrimstone","floor":0},{"not_picked":["WaveOfTheHand","TalkToTheHand","BowlingBash"],"picked":"SKIP","floor":1},{"not_picked":["Crescendo","Bomb"],"picked":"ThirdEye","floor":2},{"not_picked":["WaveOfTheHand","CutThroughFate"],"picked":"FlyingSleeves","floor":3},{"not_picked":["CrushJoints","ThirdEye"],"picked":"Replay:ManipulateFuture","floor":4},{"not_picked":["WaveOfTheHand","FlurryOfBlows"],"picked":"Prostrate","floor":5},{"not_picked":["Replay:BluntJabs","Replay:LoomingThreat"],"picked":"FollowUp","floor":7},{"not_picked":["Replay:Anticipation","BowlingBash"],"picked":"Nirvana","floor":8},{"not_picked":["Weave","WaveOfTheHand"],"picked":"Prostrate","floor":10},{"not_picked":["BattleHymn","ClearTheMind"],"picked":"Fasting2","floor":11},{"not_picked":["WheelKick","Bomb"],"picked":"Replay:DivineShield","floor":12},{"not_picked":["Adaptation","Conclude"],"picked":"Prostrate","floor":13}],"player_experience":64311,"relics_obtained":[{"floor":7,"key":"Oddly Smooth Stone"},{"floor":9,"key":"Simple Rune"},{"floor":10,"key":"Yang"},{"floor":13,"key":"Lantern"},{"floor":14,"key":"Ring of Peace"},{"floor":14,"key":"Ring of Misfortune"}],"event_choices":[],"is_beta":false,"boss_relics":[],"items_purged_floors":[],"is_endless":false,"potions_floor_spawned":[1,4,7,10,11,13],"killed_by":"The Guardian","ascension_level":20}}