{"host":"8u7tvcybuv0u72fd","time":1611124122,"event":{"mods":["BaseMod","BetterRewards","Colored Map","Colored Powertips","Minty Spire (QoL Compilation)","Quick Restart","Shop Mod"],"gold_per_floor":[114,114,127,144,144,144,163,163,163,163,36,47,47,76,76,178,178,190,190,209,228,228,228,228,228,228,244,16,16,16,3,3,107,107,121,136,151,151,1,1,20,20,43,43,60,72,87,106,106,106,106,106,5,30,30,30],"floor_reached":55,"language":"ENG","playtime":2527,"items_purged":["Strike_R","Pain"],"score":919,"play_id":"9ea33ca6-ad70-4179-9ad8-eda81f05f6ed","local_time":"20210120012842","is_ascension_mode":false,"campfire_choices":[{"data":"Bash","floor":6.0,"key":"SMITH"},{"data":"Rampage","floor":8.0,"key":"SMITH"},{"data":"Inflame","floor":10.0,"key":"SMITH"},{"data":"Rage","floor":13.0,"key":"SMITH"},{"data":"Heavy Blade","floor":15.0,"key":"SMITH"},{"data":"Uppercut","floor":23.0,"key":"SMITH"},{"data":"Shrug It Off","floor":25.0,"key":"SMITH"},{"data":"Barricade","floor":29.0,"key":"SMITH"},{"data":"Pommel Strike","floor":30.0,"key":"SMITH"},{"data":"Defend_R","floor":32.0,"key":"SMITH"},{"data":"Sword Boomerang","floor":40.0,"key":"SMITH"},{"data":"Defend_R","floor":42.0,"key":"SMITH"},{"data":"Defend_R","floor":44.0,"key":"SMITH"},{"floor":49.0,"key":"RECALL"},{"data":"Strike_R","floor":52.0,"key":"SMITH"}],"circlet_count":0,"master_deck":["Strike_R+1","Strike_R","Strike_R","Strike_R+1","Defend_R+1","Defend_R+1","Defend_R+1","Defend_R+1","Bash+1","Rampage+1","Rage+1","Inflame+1","Sword Boomerang+1","Pommel Strike+1","Heavy Blade+1","Exhume","Uppercut+1","Shrug It Off+1","True Grit+1","Iron Wave+1","Barricade+1","Pummel+1"],"relics":["Burning Blood","Lee\u0027s Waffle","Boot","Gremlin Horn","Bottled Tornado","MerchantsRug","HornCleat","Velvet Choker","WarpedTongs","Busted Crown","Membership Card","Akabeko","Paper Frog"],"acts_visited":["Exordium","TheCity","TheBeyond","TheEnding"],"potions_floor_usage":[54,54,55],"damage_taken":[{"damage":4.0,"enemies":"Small Slimes","floor":1.0,"turns":4.0},{"damage":3.0,"enemies":"Jaw Worm","floor":3.0,"turns":3.0},{"damage":1.0,"enemies":"Cultist","floor":4.0,"turns":3.0},{"damage":5.0,"enemies":"Large Slime","floor":7.0,"turns":5.0},{"damage":4.0,"enemies":"Looter","floor":12.0,"turns":2.0},{"damage":16.0,"enemies":"Gremlin Nob","floor":14.0,"turns":3.0},{"damage":39.0,"enemies":"The Guardian","floor":16.0,"turns":7.0},{"damage":10.0,"enemies":"3 Byrds","floor":18.0,"turns":5.0},{"damage":15.0,"enemies":"2 Thieves","floor":20.0,"turns":3.0},{"damage":16.0,"enemies":"Snake Plant","floor":21.0,"turns":3.0},{"damage":2.0,"enemies":"3 Cultists","floor":27.0,"turns":5.0},{"damage":0.0,"enemies":"Collector","floor":33.0,"turns":10.0},{"damage":3.0,"enemies":"3 Darklings","floor":35.0,"turns":6.0},{"damage":3.0,"enemies":"Orb Walker","floor":36.0,"turns":4.0},{"damage":0.0,"enemies":"Spire Growth","floor":37.0,"turns":3.0},{"damage":25.0,"enemies":"Transient","floor":41.0,"turns":5.0},{"damage":4.0,"enemies":"4 Shapes","floor":45.0,"turns":3.0},{"damage":4.0,"enemies":"3 Darklings","floor":46.0,"turns":5.0},{"damage":0.0,"enemies":"Maw","floor":47.0,"turns":7.0},{"damage":0.0,"enemies":"Transient","floor":48.0,"turns":5.0},{"damage":117.0,"enemies":"Donu and Deca","floor":50.0,"turns":13.0},{"damage":61,"enemies":"Shield and Spear","floor":54,"turns":9},{"damage":78,"enemies":"The Heart","floor":55,"turns":5}],"seed_played":"-3261636147765225337","potions_obtained":[{"floor":3.0,"key":"ElixirPotion"},{"floor":4.0,"key":"Regen Potion"},{"floor":12.0,"key":"EssenceOfSteel"},{"floor":21.0,"key":"BloodPotion"},{"floor":27.0,"key":"LiquidBronze"},{"floor":35.0,"key":"Regen Potion"}],"is_trial":false,"path_per_floor":["M","?","M","M","?","R","M","R","T","R","$","M","R","E","R","B",null,"M","$","M","M","?","R","?","R","T","M","$","R","R","$","R","B",null,"M","M","M","?","$","R","M","R","T","R","M","M","M","M","R","B",null,"R","$","E","B"],"character_chosen":"IRONCLAD","items_purchased":["Lee\u0027s Waffle","Boot","WingedGreaves","Gremlin Horn","Rampage","Fire Potion","MerchantsRug","DuplicationPotion","Barricade","Fruit Juice","Membership Card","Akabeko","Block Potion"],"campfire_rested":0,"item_purchase_floors":[0,0,0,0,0,0,11,11,28,31,39,53,53],"current_hp_per_floor":[87,70,73,78,83,83,84,84,84,84,84,86,86,76,76,43,92,88,88,79,69,51,51,51,51,61,65,65,65,65,70,70,76,112,112,112,112,112,112,112,93,93,93,93,95,97,103,109,109,20,112,112,112,72,0,0],"gold":30,"neow_bonus":"","is_daily":false,"chose_seed":false,"campfire_upgraded":14,"win_rate":0.0,"timestamp":1611124122,"path_taken":["M","?","M","M","?","R","M","R","T","R","?","M","R","E","R","BOSS","M","?","M","M","?","R","?","R","T","?","$","R","R","?","R","BOSS","M","?","M","?","?","R","M","R","T","R","M","M","M","M","R","BOSS","R","$","E","BOSS"],"items_purchased_type":["Relic","Relic","Relic","Relic","Card","Potion","Relic","Potion","Card","Potion","Relic","Relic","Potion"],"build_version":"2020-12-22","purchased_purges":2,"victory":false,"max_hp_per_floor":[87,87,87,87,92,92,92,92,92,92,92,92,92,92,92,92,92,92,92,92,92,97,97,97,97,107,107,107,107,107,112,112,112,112,112,112,112,112,112,112,112,112,112,112,112,112,112,112,112,112,112,112,112,112,112,112],"card_choices":[{"not_picked":["Heavy Blade","Flame Barrier","Havoc"],"picked":"SKIP","floor":1.0},{"not_picked":["Heavy Blade","Sword Boomerang"],"picked":"Rage","floor":3.0},{"not_picked":["Perfected Strike","Flex"],"picked":"Inflame","floor":4.0},{"not_picked":["Flame Barrier","Anger","Sword Boomerang"],"picked":"SKIP","floor":7.0},{"not_picked":["Flame Barrier","Anger"],"picked":"Sword Boomerang","floor":7.0},{"not_picked":["Cleave","Havoc"],"picked":"Pommel Strike","floor":12.0},{"not_picked":["Dark Embrace","Clothesline"],"picked":"Heavy Blade","floor":14.0},{"not_picked":["Brutality","Demon Form"],"picked":"Exhume","floor":16.0},{"not_picked":["Dark Embrace","Armaments"],"picked":"Uppercut","floor":18.0},{"not_picked":["Feel No Pain","Ghostly Armor"],"picked":"Shrug It Off","floor":20.0},{"not_picked":["Perfected Strike+1","Cleave+1","True Grit+1"],"picked":"SKIP","floor":21.0},{"not_picked":["Perfected Strike+1","Cleave+1"],"picked":"True Grit+1","floor":21.0},{"not_picked":["Clothesline","Wild Strike"],"picked":"Iron Wave+1","floor":27.0},{"not_picked":["Power Through"],"picked":"SKIP","floor":35.0},{"not_picked":["Blood for Blood"],"picked":"SKIP","floor":36.0},{"not_picked":[],"picked":"Pummel","floor":37.0},{"not_picked":["Twin Strike+1"],"picked":"SKIP","floor":41.0},{"not_picked":["Uppercut"],"picked":"SKIP","floor":45.0},{"not_picked":["Anger"],"picked":"SKIP","floor":46.0},{"not_picked":["Heavy Blade+1"],"picked":"SKIP","floor":47.0},{"not_picked":["Clothesline+1"],"picked":"SKIP","floor":48.0},{"not_picked":["Clash+1"],"picked":"SKIP","floor":54}],"player_experience":1374582,"relics_obtained":[{"floor":9.0,"key":"Bottled Tornado"},{"floor":14.0,"key":"HornCleat"},{"floor":26.0,"key":"Pear"},{"floor":54,"key":"Paper Frog"}],"event_choices":[{"damage_healed":0.0,"max_hp_gain":0.0,"max_hp_loss":0.0,"gold_gain":0.0,"event_name":"Shining Light","player_choice":"Entered Light","floor":2.0,"gold_loss":0.0,"damage_taken":17.0,"cards_upgraded":["Defend_R","Strike_R"]},{"damage_healed":0.0,"max_hp_gain":5.0,"max_hp_loss":0.0,"gold_gain":0.0,"event_name":"Big Fish","player_choice":"Donut","floor":5.0,"gold_loss":0.0,"damage_taken":0.0},{"damage_healed":0.0,"max_hp_gain":5.0,"max_hp_loss":0.0,"gold_gain":0.0,"event_name":"Forgotten Altar","player_choice":"Shed Blood","floor":22.0,"gold_loss":0.0,"damage_taken":23.0},{"damage_healed":0.0,"max_hp_gain":0.0,"max_hp_loss":0.0,"gold_gain":0.0,"event_name":"Accursed Blacksmith","player_choice":"Rummage","floor":24.0,"gold_loss":0.0,"damage_taken":0.0,"relics_obtained":["WarpedTongs"],"cards_obtained":["Pain"]},{"damage_healed":0.0,"max_hp_gain":0.0,"max_hp_loss":0.0,"gold_gain":0.0,"event_name":"Upgrade Shrine","player_choice":"Upgraded","floor":38.0,"gold_loss":0.0,"damage_taken":0.0,"cards_upgraded":["Pummel"]}],"is_beta":false,"boss_relics":[{"not_picked":["SlaversCollar","Mark of Pain"],"picked":"Velvet Choker"},{"not_picked":["Black Blood","Runic Dome"],"picked":"Busted Crown"}],"items_purged_floors":[0,28],"is_endless":false,"potions_floor_spawned":[3,4,12,21,27,35,45,47,48],"killed_by":"The Heart","ascension_level":0}}