{"host":"sav7uxregyirlf69","time":1611161036,"event":{"mods":["AchievementEnabler","BaseMod","Colored Map","DeckTracker","Keyboard Shortcuts","Minty Spire (QoL Compilation)","READ ME - Guardian Mod","StSLib","SuperFastMode"],"gold_per_floor":[118,193,193,204,204,204,278,294,342,355,32,43,43,53,53,132,182,202,212,212,62,62,62,75,75,75,22,53,53,65,83,83,157,157,167,91,108,118,143,143,143,143],"floor_reached":41,"language":"KOR","playtime":1159,"items_purged":["Strike_G","Strike_G"],"score":856,"play_id":"8abd2e7d-ddb4-4c7f-b29a-6f17e81c32c4","local_time":"20210121014356","is_ascension_mode":true,"campfire_choices":[{"data":"Deadly Poison","floor":6.0,"key":"SMITH"},{"data":"Catalyst","floor":13.0,"key":"SMITH"},{"data":"Tactician","floor":15.0,"key":"SMITH"},{"floor":23.0,"key":"REST"},{"data":"Acrobatics","floor":32.0,"key":"SMITH"},{"data":"Burst","floor":40.0,"key":"SMITH"}],"circlet_count":0,"master_deck":["AscendersBane","Strike_G+1","Strike_G","Strike_G","Defend_G","Defend_G","Defend_G+1","Defend_G","Defend_G","Survivor","Neutralize+1","Deadly Poison+1","Dagger Throw","Catalyst+1","Tactician+1","Prepared+1","Adrenaline","Leg Sweep","Acrobatics","Acrobatics+1","Blur","Burst+1","After Image","Well Laid Plans","Tactician"],"relics":["Ring of the Snake","Tiny Chest","Eternal Feather","Dream Catcher","TheAbacus","Tiny House","Pear","Gremlin Horn","Sundial","Sozu","WingedGreaves"],"acts_visited":["Exordium","TheCity","TheBeyond"],"potions_floor_usage":[],"damage_taken":[{"damage":1.0,"enemies":"2 Louse","floor":1.0,"turns":4.0},{"damage":0.0,"enemies":"Jaw Worm","floor":4.0,"turns":5.0},{"damage":11.0,"enemies":"Small Slimes","floor":8.0,"turns":3.0},{"damage":1.0,"enemies":"Blue Slaver","floor":10.0,"turns":4.0},{"damage":1.0,"enemies":"Looter","floor":12.0,"turns":3.0},{"damage":6.0,"enemies":"Exordium Thugs","floor":14.0,"turns":5.0},{"damage":19.0,"enemies":"The Guardian","floor":16.0,"turns":9.0},{"damage":5.0,"enemies":"3 Byrds","floor":18.0,"turns":8.0},{"damage":27.0,"enemies":"Spheric Guardian","floor":19.0,"turns":9.0},{"damage":10.0,"enemies":"Snake Plant","floor":24.0,"turns":4.0},{"damage":10.0,"enemies":"Book of Stabbing","floor":28.0,"turns":5.0},{"damage":23.0,"enemies":"Shelled Parasite and Fungi","floor":30.0,"turns":9.0},{"damage":5.0,"enemies":"Centurion and Healer","floor":31.0,"turns":6.0},{"damage":12.0,"enemies":"Collector","floor":33.0,"turns":5.0},{"damage":19.0,"enemies":"3 Darklings","floor":35.0,"turns":19.0},{"damage":6.0,"enemies":"3 Shapes","floor":37.0,"turns":7.0},{"damage":0.0,"enemies":"Jaw Worm Horde","floor":38.0,"turns":7.0},{"damage":2.0,"enemies":"Mind Bloom Boss Battle","floor":39.0,"turns":4.0},{"damage":57,"enemies":"Reptomancer","floor":41,"turns":2}],"seed_played":"8631574448796098370","potions_obtained":[{"floor":4.0,"key":"SneckoOil"},{"floor":16.0,"key":"DuplicationPotion"},{"floor":17.0,"key":"Swift Potion"},{"floor":30.0,"key":"Swift Potion"}],"is_trial":false,"path_per_floor":["M","?","?","M","?","R","T","M","T","M","$","M","R","M","R","B",null,"M","M","?","$","?","R","M","T","T","$","E","?","M","M","R","B",null,"M","$","M","M","?","R","E"],"character_chosen":"THE_SILENT","items_purchased":["TheAbacus","Catalyst","Acrobatics","Block Potion","Well Laid Plans"],"campfire_rested":1,"item_purchase_floors":[11,11,21,27,36],"current_hp_per_floor":[58,47,27,27,49,49,49,38,38,37,37,36,45,39,48,29,62,57,30,30,30,30,60,50,60,60,60,50,50,27,22,34,22,66,47,47,41,41,39,54,0,0],"gold":143,"neow_bonus":"RANDOM_COMMON_RELIC","is_daily":false,"chose_seed":false,"campfire_upgraded":5,"win_rate":0.0,"timestamp":1611161036,"path_taken":["M","?","?","M","?","R","?","M","T","M","$","M","R","M","R","BOSS","M","M","?","$","?","R","?","?","T","?","E","?","M","M","R","BOSS","M","$","M","M","?","R","E"],"items_purchased_type":["Relic","Card","Card","Potion","Card"],"build_version":"2020-12-22","purchased_purges":2,"victory":false,"max_hp_per_floor":[66,66,66,66,66,66,66,66,66,66,66,66,66,66,66,66,71,71,71,71,71,71,71,71,81,81,81,81,81,81,81,81,81,81,81,81,81,81,81,81,81,81],"card_choices":[{"not_picked":["Sucker Punch","Blade Dance"],"picked":"Deadly Poison","floor":1.0},{"not_picked":["Bane","Deflect"],"picked":"Dagger Throw","floor":4.0},{"not_picked":["Sucker Punch","Prepared","Skewer"],"picked":"SKIP","floor":8.0},{"not_picked":["Sucker Punch","Acrobatics","Deflect"],"picked":"SKIP","floor":10.0},{"not_picked":["Eviscerate","Dagger Throw"],"picked":"Tactician","floor":12.0},{"not_picked":["Dodge and Roll","Flechettes"],"picked":"Prepared","floor":14.0},{"not_picked":["Wraith Form v2","Phantasmal Killer"],"picked":"Adrenaline","floor":16.0},{"not_picked":["Cloak And Dagger","PiercingWail"],"picked":"Leg Sweep","floor":17.0},{"not_picked":["Slice","Dagger Throw+1","Bane"],"picked":"SKIP","floor":18.0},{"not_picked":["Deflect","Slice","Dagger Spray"],"picked":"SKIP","floor":19.0},{"not_picked":["Setup","PiercingWail"],"picked":"Acrobatics","floor":23.0},{"not_picked":["Backflip","Cloak And Dagger"],"picked":"Blur","floor":24.0},{"not_picked":["Dagger Throw","Unload"],"picked":"Burst","floor":28.0},{"not_picked":["Endless Agony+1","Deadly Poison","Riddle With Holes"],"picked":"SKIP","floor":30.0},{"not_picked":["Flying Knee+1","Underhanded Strike","Bane"],"picked":"SKIP","floor":31.0},{"not_picked":["A Thousand Cuts","Wraith Form v2"],"picked":"After Image","floor":33.0},{"not_picked":["Quick Slash","Riddle With Holes","Sucker Punch"],"picked":"SKIP","floor":35.0},{"not_picked":["Cloak And Dagger","Riddle With Holes","Outmaneuver"],"picked":"SKIP","floor":37.0},{"not_picked":["Underhanded Strike","Leg Sweep"],"picked":"Tactician","floor":38.0}],"player_experience":1337000,"relics_obtained":[{"floor":7.0,"key":"Eternal Feather"},{"floor":9.0,"key":"Dream Catcher"},{"floor":25.0,"key":"Pear"},{"floor":26.0,"key":"Gremlin Horn"},{"floor":28.0,"key":"Sundial"},{"floor":39.0,"key":"WingedGreaves"}],"event_choices":[{"damage_healed":0.0,"max_hp_gain":0.0,"max_hp_loss":0.0,"gold_gain":75.0,"event_name":"World of Goop","player_choice":"Gather Gold","floor":2.0,"gold_loss":0.0,"damage_taken":11.0},{"damage_healed":0.0,"max_hp_gain":0.0,"max_hp_loss":0.0,"gold_gain":0.0,"event_name":"Shining Light","player_choice":"Entered Light","floor":3.0,"gold_loss":0.0,"damage_taken":20.0,"cards_upgraded":["Strike_G","Neutralize"]},{"damage_healed":22.0,"max_hp_gain":0.0,"max_hp_loss":0.0,"gold_gain":0.0,"event_name":"Big Fish","player_choice":"Banana","floor":5.0,"gold_loss":0.0,"damage_taken":0.0},{"damage_healed":0.0,"max_hp_gain":0.0,"max_hp_loss":0.0,"gold_gain":0.0,"event_name":"The Mausoleum","player_choice":"Ignored","floor":20.0,"gold_loss":0.0,"damage_taken":0.0},{"damage_healed":0.0,"max_hp_gain":0.0,"max_hp_loss":0.0,"gold_gain":0.0,"event_name":"Accursed Blacksmith","player_choice":"Forge","floor":22.0,"gold_loss":0.0,"damage_taken":0.0,"cards_upgraded":["Prepared"]},{"damage_healed":0.0,"max_hp_gain":0.0,"max_hp_loss":0.0,"gold_gain":0.0,"event_name":"MindBloom","player_choice":"Fight","floor":39.0,"gold_loss":0.0,"damage_taken":0.0}],"is_beta":false,"boss_relics":[{"not_picked":["Snecko Eye","Philosopher\u0027s Stone"],"picked":"Tiny House"},{"not_picked":["Black Star","Runic Dome"],"picked":"Sozu"}],"items_purged_floors":[11,21],"is_endless":false,"potions_floor_spawned":[4,16,18,24,30,38],"killed_by":"Reptomancer","ascension_level":20}}