{"host":"8i58hvcssdezoe94","time":1611126874,"event":{"mods":["Act Like it!","BaseMod","Colored Map","Conspire","Downfall","Gensokyo","KinomotoSakuraMod(木之本樱)","Marisa（F雨　魔理沙）","Minty Spire (QoL Compilation)","Quick Restart","Remilia（蕾米莉亚）","StSLib","The Animator","The Bug Knight","The Construct","The Cursed","The Hierophant","The Jungle","The Servant 0.9.4"],"gold_per_floor":[114,26,106,56,76,76,111,111,136,151,396,409,409,409,409,514,514,542,577,577,577,577],"floor_reached":21,"language":"ZHS","playtime":1622,"items_purged":[],"score":237,"play_id":"74d1fdb7-3abd-48c9-be97-646c3558fbdf","local_time":"20210120151434","is_ascension_mode":false,"campfire_choices":[{"floor":6,"key":"RECALL"},{"data":"Zap","floor":8,"key":"SMITH"},{"floor":13,"key":"REST"},{"data":"Sweeping Beam","floor":15,"key":"SMITH"}],"circlet_count":0,"master_deck":["Defend_B","Defend_B","Defend_B","Defend_B","Zap+1","Dualcast","Aggregate","conspire:SpireCoStock","Sweeping Beam+1","Steam","Chaos","Ball Lightning","Cold Snap","Core Surge","Self Repair+1","Barrage+1","Bite","Bite","Bite","Bite","Bite"],"relics":["Cracked Core","NeowsBlessing","Ice Cream","Mercury Hourglass","Happy Flower","Black Star"],"acts_visited":["Gensokyo:Gensokyo","TheCity"],"potions_floor_usage":[],"damage_taken":[{"damage":0,"enemies":"Gensokyo:Python","floor":1,"turns":1},{"damage":0,"enemies":"Gensokyo:3_Fairies","floor":5,"turns":1},{"damage":0,"enemies":"Gensokyo:Mamizou","floor":7,"turns":2},{"damage":3,"enemies":"Gensokyo:2_Kodama","floor":10,"turns":2},{"damage":21,"enemies":"Gensokyo:Aya","floor":11,"turns":6},{"damage":5,"enemies":"Gensokyo:Gryphon_and_Rabbit","floor":12,"turns":3},{"damage":44,"enemies":"Gensokyo:Reimu","floor":16,"turns":16},{"damage":23,"enemies":"Shell Parasite","floor":18,"turns":5},{"damage":36,"enemies":"conspire:FuzzyDice","floor":19,"turns":5},{"damage":32,"enemies":"Snake Plant","floor":21,"turns":2}],"seed_played":"-2631776692089843115","potions_obtained":[{"floor":1,"key":"LiquidMemories"},{"floor":10,"key":"Strength Potion"}],"is_trial":false,"path_per_floor":["M","COS","?","?","M","R","E","R","T","M","E","M","R","?","R","B",null,"M","M","?","M"],"character_chosen":"DEFECT","items_purchased":[],"campfire_rested":1,"item_purchase_floors":[],"current_hp_per_floor":[75,75,75,75,75,75,75,75,75,72,51,46,68,68,68,24,75,52,26,26,0,0],"gold":577,"neow_bonus":"THREE_ENEMY_KILL","is_daily":false,"chose_seed":false,"campfire_upgraded":2,"win_rate":0.0,"timestamp":1611126874,"path_taken":["M","COS","?","?","M","R","E","R","T","M","E","M","R","?","R","BOSS","M","M","?","M"],"items_purchased_type":[],"build_version":"2020-12-22","purchased_purges":0,"victory":false,"max_hp_per_floor":[75,75,75,75,75,75,75,75,75,75,75,75,75,75,75,75,75,75,75,52,52,52],"card_choices":[{"not_picked":["FTL","Beam Cell"],"picked":"Aggregate","floor":1},{"not_picked":["Steam Power","Compile Driver"],"picked":"Sweeping Beam","floor":5},{"not_picked":["Recycle","Turbo"],"picked":"Steam","floor":7},{"not_picked":["Sweeping Beam","Hologram"],"picked":"Chaos","floor":10},{"not_picked":["Turbo","Undo"],"picked":"Ball Lightning","floor":11},{"not_picked":["Streamline","All For One"],"picked":"Cold Snap","floor":12},{"not_picked":["Creative AI","Seek"],"picked":"Core Surge","floor":16},{"not_picked":["Barrage","Undo+1"],"picked":"Self Repair+1","floor":18},{"not_picked":["Leap","Redo+1"],"picked":"Barrage+1","floor":19}],"player_experience":53490,"relics_obtained":[{"floor":7,"key":"Ice Cream"},{"floor":11,"key":"Happy Flower"}],"event_choices":[{"damage_healed":0,"gold_gain":0,"player_choice":"Invest 1","damage_taken":0,"max_hp_gain":0,"max_hp_loss":0,"event_name":"conspire:Investor","floor":4,"gold_loss":0},{"damage_healed":0,"gold_gain":0,"player_choice":"Became a vampire","damage_taken":0,"max_hp_gain":0,"max_hp_loss":23,"event_name":"Vampires","floor":20,"gold_loss":0,"cards_obtained":["Bite","Bite","Bite","Bite","Bite"]}],"is_beta":false,"boss_relics":[{"not_picked":["Empty Cage","conspire:RunicOctahedron"],"picked":"Black Star"}],"items_purged_floors":[],"is_endless":false,"potions_floor_spawned":[1,10,12,18],"killed_by":"Snake Plant","ascension_level":0}}