{"host":"g8ufh7m4frdlkxwv","time":1611186798,"event":{"mods":["AchievementEnabler","BaseMod","Colored Map","Dark Map","Minty Spire (QoL Compilation)","Relic Stats","StSLib","ojb\u0027s Info Mod"],"gold_per_floor":[113,126,126,126,136,163,163,191,216,291,291,322,322,349,349,421,421,441,441,0,17,29,29,29],"floor_reached":23,"language":"ENG","playtime":1323,"items_purged":[],"score":434,"play_id":"b0c792a6-90ef-48bf-8aa6-80024777774d","local_time":"20210121005318","is_ascension_mode":true,"campfire_choices":[{"data":"Finisher","floor":7,"key":"SMITH"},{"floor":13,"key":"REST"},{"floor":15,"key":"REST"}],"circlet_count":0,"master_deck":["AscendersBane","Strike_G","Strike_G","Strike_G","Strike_G","Defend_G","Defend_G","Defend_G","Defend_G","Defend_G","Survivor","Neutralize","Finisher+1","Dagger Throw","Flying Knee","Crippling Poison","Infinite Blades","Bullet Time","Calculated Gamble","Dagger Throw","Underhanded Strike","Footwork","Backflip","Tactician"],"relics":["Busted Crown","Omamori","Akabeko","Dead Branch","Potion Belt","The Courier","Incense Burner","HoveringKite","Orrery","Ice Cream"],"acts_visited":["Exordium","TheCity"],"potions_floor_usage":[8,12,21],"damage_taken":[{"damage":0,"enemies":"2 Louse","floor":1,"turns":3},{"damage":1,"enemies":"Small Slimes","floor":2,"turns":4},{"damage":0,"enemies":"Cultist","floor":5,"turns":3},{"damage":19,"enemies":"3 Sentries","floor":6,"turns":11},{"damage":2,"enemies":"Lagavulin","floor":8,"turns":5},{"damage":21,"enemies":"Gremlin Nob","floor":12,"turns":4},{"damage":12,"enemies":"3 Sentries","floor":14,"turns":6},{"damage":27,"enemies":"The Guardian","floor":16,"turns":9},{"damage":12,"enemies":"Chosen","floor":18,"turns":5},{"damage":14,"enemies":"3 Byrds","floor":21,"turns":3},{"damage":16,"enemies":"Shelled Parasite and Fungi","floor":22,"turns":4},{"damage":10,"enemies":"Slavers","floor":23,"turns":1}],"seed_played":"-3338917934020787543","potions_obtained":[{"floor":1,"key":"Poison Potion"},{"floor":6,"key":"Poison Potion"},{"floor":16,"key":"BlessingOfTheForge"}],"is_trial":false,"path_per_floor":["M","M","?","?","M","E","R","E","T","?","?","E","R","E","R","B",null,"M","?","$","M","M","E"],"character_chosen":"THE_SILENT","items_purchased":["Orrery","Ice Cream","Footwork","Backflip"],"campfire_rested":2,"item_purchase_floors":[20,20,20,20],"current_hp_per_floor":[59,58,58,58,58,39,39,37,37,26,26,5,24,12,31,4,51,39,39,39,25,9,0,0],"gold":29,"neow_bonus":"BOSS_RELIC","is_daily":false,"chose_seed":false,"campfire_upgraded":1,"win_rate":0.0,"timestamp":1611186798,"path_taken":["M","M","?","?","?","E","R","E","T","?","?","E","R","E","R","BOSS","M","?","$","M","M","E"],"items_purchased_type":["Relic","Relic","Card","Card"],"build_version":"2020-12-22","purchased_purges":0,"victory":false,"max_hp_per_floor":[66,66,66,66,66,66,66,66,66,66,66,66,66,66,66,66,66,66,66,66,66,66,66,66],"relic_stats":{"Busted Crown":32,"counters":[12,58],"Dead Branch":[43],"HoveringKite":[5],"obtain_stats":[{"Potion Belt":9,"Ice Cream":20,"Busted Crown":0,"Dead Branch":8,"HoveringKite":17,"Orrery":20,"The Courier":12,"Omamori":4,"Incense Burner":14,"Akabeko":6,"Ring of the Snake":0},{"Potion Belt":5,"Ice Cream":9,"Busted Crown":0,"Dead Branch":5,"HoveringKite":8,"Orrery":9,"The Courier":6,"Omamori":2,"Incense Burner":7,"Akabeko":4,"Ring of the Snake":0},{"Potion Belt":26,"Ice Cream":50,"Busted Crown":0,"Dead Branch":26,"HoveringKite":45,"Orrery":50,"The Courier":30,"Omamori":7,"Incense Burner":36,"Akabeko":21,"Ring of the Snake":0}]},"card_choices":[{"not_picked":[],"picked":"Finisher","floor":1},{"not_picked":[],"picked":"Dagger Throw","floor":2},{"not_picked":[],"picked":"Crippling Poison","floor":5},{"not_picked":["Deflect"],"picked":"SKIP","floor":6},{"not_picked":["Prepared"],"picked":"SKIP","floor":8},{"not_picked":[],"picked":"Infinite Blades","floor":12},{"not_picked":["Slice"],"picked":"SKIP","floor":14},{"not_picked":[],"picked":"Bullet Time","floor":16},{"not_picked":["Slice"],"picked":"SKIP","floor":18},{"not_picked":[],"picked":"Dagger Throw","floor":20},{"not_picked":[],"picked":"Underhanded Strike","floor":20},{"not_picked":["Prepared"],"picked":"SKIP","floor":21},{"not_picked":[],"picked":"Tactician","floor":22}],"player_experience":1043900,"relics_obtained":[{"floor":4,"key":"Omamori"},{"floor":6,"key":"Akabeko"},{"floor":8,"key":"Dead Branch"},{"floor":9,"key":"Potion Belt"},{"floor":12,"key":"The Courier"},{"floor":14,"key":"Incense Burner"}],"event_choices":[{"damage_healed":0,"gold_gain":0,"cards_transformed":["Strike_G"],"player_choice":"Change","damage_taken":0,"max_hp_gain":0,"max_hp_loss":0,"event_name":"Living Wall","floor":3,"gold_loss":0,"cards_obtained":["Flying Knee"]},{"damage_healed":0,"gold_gain":0,"player_choice":"Relic","damage_taken":0,"max_hp_gain":0,"max_hp_loss":0,"event_name":"Wheel of Change","floor":4,"gold_loss":0},{"damage_healed":0,"gold_gain":75,"player_choice":"Gather Gold","damage_taken":11,"max_hp_gain":0,"max_hp_loss":0,"event_name":"World of Goop","floor":10,"gold_loss":0},{"damage_healed":0,"gold_gain":0,"player_choice":"Ignored","damage_taken":0,"max_hp_gain":0,"max_hp_loss":0,"event_name":"Shining Light","floor":11,"gold_loss":0},{"damage_healed":0,"gold_gain":0,"player_choice":"Read","damage_taken":0,"max_hp_gain":0,"max_hp_loss":0,"event_name":"The Library","floor":19,"gold_loss":0,"cards_obtained":["Calculated Gamble"]}],"is_beta":false,"boss_relics":[{"not_picked":["SlaversCollar","Empty Cage"],"picked":"HoveringKite"}],"items_purged_floors":[],"is_endless":false,"potions_floor_spawned":[1,6,16],"killed_by":"Slavers","ascension_level":20}}