{"host":"rx4dvj46as2nh7wl","time":1611152295,"event":{"mods":["100% Spire Juice","ATMod(阿瑾Mod)","Act Like it!","BaseMod","BetterRewards","Defective Defect","Friendly Minions","Gensokyo","GifTheSpireLib","Hermit","HololiveMod","Hubris","Library of Ruina","Minty Spire (QoL Compilation)","Permanent Neow","Relic Stats","Replay The Spire","Spicy Shops","Spire Birthday Party","StSLib","WarShipGirlsR/战舰少女R mod","Yakumo Yukari mod","vexMod","【遗物Mod】死灵法师NEW"],"gold_per_floor":[109,121,132,144,144,177,72,104,104,131,11,11,11,11,11,114,114,132,132,148,148,160,68,68,85,108,108,108,123,139,173,173,173,173],"floor_reached":33,"language":"ZHS","playtime":2462,"items_purged":[],"score":382,"play_id":"0eb945ed-cbac-43b9-8e41-fe1b21a8be1a","local_time":"20210120221815","is_ascension_mode":false,"campfire_choices":[{"floor":13,"key":"REST"},{"data":"Moonworks:ReflectiveShell","floor":15,"key":"SMITH"},{"floor":24,"key":"REST"},{"floor":32,"key":"REST"}],"circlet_count":0,"master_deck":["Moonworks:Strike","Moonworks:Strike","Moonworks:Strike","Moonworks:Strike","Moonworks:Defend","Moonworks:Defend","Moonworks:Defend","Moonworks:Defend","Moonworks:Ambush","Moonworks:LongDistanceShot","AT_WindFlip","Moonworks:LulusLuckyEgg","Moonworks:IndiscriminateFireSupport","Moonworks:MiracleRedBeanIceCream","Moonworks:DeployBits","Clumsy","Moonworks:SakisCookie","Moonworks:StiffCrystal","Moonworks:ReflectiveShell+1","Moonworks:WindyEnchantment","Moonworks:StarBlastingFuse","Moonworks:LuckyCharm","Moonworks:IntelligenceOfficer","Moonworks:SelfDestruct","Moonworks:GoAway","Moonworks:Gamble","Moonworks:MiracleWalker+1","Moonworks:AngelHand+1","Moonworks:CloudOfSeagulls+1","Moonworks:RedAndBlue+1","Moonworks:JonathanRush"],"relics":["Moonworks:BrokenBomb","Moonworks:Homemark","AT_ATBox","Gensokyo:NagashiBinaDoll","vexMod:Dragonfruit","GodSword4","Centennial Puzzle","hubris:Towel","Strawberry","Hololive_ChaosS","AT_SunfireAegis","Pet Ghost","Oddly Smooth Stone","Bag of Marbles"],"acts_visited":["Gensokyo:Gensokyo","TheCity"],"potions_floor_usage":[6,25],"damage_taken":[{"damage":0,"enemies":"Gensokyo:3_Fairies","floor":1,"turns":4},{"damage":7,"enemies":"Gensokyo:Gryphon","floor":2,"turns":4},{"damage":0,"enemies":"Gensokyo:Python","floor":3,"turns":2},{"damage":0,"enemies":"Gensokyo:5_Fairies","floor":4,"turns":3},{"damage":22,"enemies":"Gensokyo:Mamizou","floor":6,"turns":8},{"damage":0,"enemies":"Gensokyo:3_Kodama","floor":7,"turns":1},{"damage":20,"enemies":"Gensokyo:Aya","floor":8,"turns":5},{"damage":0,"enemies":"Gensokyo:Mamizou","floor":10,"turns":6},{"damage":42,"enemies":"Gensokyo:Kokoro","floor":16,"turns":9},{"damage":6,"enemies":"Shell Parasite","floor":18,"turns":3},{"damage":11,"enemies":"Spheric Guardian","floor":20,"turns":4},{"damage":5,"enemies":"Chosen and Byrds","floor":22,"turns":4},{"damage":67,"enemies":"Gremlin Leader","floor":23,"turns":4},{"damage":0,"enemies":"Centurion and Healer","floor":25,"turns":3},{"damage":0,"enemies":"Snake Plant","floor":29,"turns":2},{"damage":6,"enemies":"3 Cultists","floor":30,"turns":3},{"damage":5,"enemies":"Slavers","floor":31,"turns":3},{"damage":51,"enemies":"Pondfish","floor":33,"turns":7}],"seed_played":"-3724723257727661098","potions_obtained":[{"floor":2,"key":"LifebloodPotion"},{"floor":6,"key":"Venom Potion"},{"floor":7,"key":"EssenceOfSteel"},{"floor":8,"key":"Elixir"},{"floor":10,"key":"Adrenaline Potion"},{"floor":30,"key":"FearPotion"}],"is_trial":false,"path_per_floor":["M","M","M","M","?","E","M","E","T","E","?","?","R","$","R","B",null,"M","?","M","?","M","E","R","M","T","?","?","M","M","E","R","B"],"character_chosen":"THE_STARBREAKER","items_purchased":[],"campfire_rested":3,"item_purchase_floors":[],"current_hp_per_floor":[66,59,59,64,64,49,49,34,34,36,36,33,56,56,56,19,78,77,77,71,71,71,9,32,37,37,37,22,31,25,20,44,0,0],"gold":173,"neow_bonus":"TEN_PERCENT_HP_BONUS","is_daily":false,"chose_seed":false,"campfire_upgraded":1,"win_rate":0.0,"timestamp":1611152295,"path_taken":["M","M","M","?","?","E","M","E","T","E","?","?","R","$","R","BOSS","M","?","M","?","?","E","R","M","T","?","?","M","M","E","R","BOSS"],"items_purchased_type":[],"build_version":"2020-12-22","purchased_purges":0,"victory":false,"max_hp_per_floor":[66,66,66,66,66,71,71,71,71,71,71,78,78,78,78,78,78,78,78,78,78,78,78,78,78,78,78,83,83,83,83,83,83,83],"relic_stats":{"Centennial Puzzle":[24],"counters":[18,75],"obtain_stats":[{"AT_ATBox":0,"Oddly Smooth Stone":27,"Gensokyo:NagashiBinaDoll":5,"Hololive_ChaosS":17,"hubris:Towel":11,"Pet Ghost":26,"vexMod:Dragonfruit":6,"Centennial Puzzle":10,"Moonworks:Homemark":0,"Strawberry":12,"Bag of Marbles":31,"GodSword4":8,"AT_SunfireAegis":23,"Moonworks:BrokenBomb":0},{"AT_ATBox":0,"Oddly Smooth Stone":14,"Gensokyo:NagashiBinaDoll":4,"Hololive_ChaosS":9,"hubris:Towel":8,"Pet Ghost":14,"vexMod:Dragonfruit":5,"Centennial Puzzle":8,"Moonworks:Homemark":0,"Strawberry":8,"Bag of Marbles":17,"GodSword4":7,"AT_SunfireAegis":13,"Moonworks:BrokenBomb":0},{"AT_ATBox":0,"Oddly Smooth Stone":60,"Gensokyo:NagashiBinaDoll":13,"Hololive_ChaosS":42,"hubris:Towel":33,"Pet Ghost":60,"vexMod:Dragonfruit":21,"Centennial Puzzle":33,"Moonworks:Homemark":0,"Strawberry":33,"Bag of Marbles":68,"GodSword4":27,"AT_SunfireAegis":57,"Moonworks:BrokenBomb":0}]},"card_choices":[{"not_picked":["Moonworks:BigMagnum","Moonworks:Assault"],"picked":"Moonworks:LulusLuckyEgg","floor":1},{"not_picked":["Moonworks:ImOnFire","Moonworks:AccelHyper"],"picked":"Moonworks:IndiscriminateFireSupport","floor":2},{"not_picked":["Moonworks:ImOnFire","Moonworks:Dinner"],"picked":"Moonworks:MiracleRedBeanIceCream","floor":3},{"not_picked":["Moonworks:MiracleWalker","Moonworks:CastOff"],"picked":"Moonworks:DeployBits","floor":4},{"not_picked":["Moonworks:LulusLuckyEgg","Moonworks:ImOnFire"],"picked":"Moonworks:SakisCookie","floor":6},{"not_picked":["Moonworks:SealedMemories","Moonworks:BigMagnum"],"picked":"Moonworks:StiffCrystal","floor":7},{"not_picked":["Moonworks:IndiscriminateFireSupport","Moonworks:UnpaidWork"],"picked":"Moonworks:ReflectiveShell","floor":8},{"not_picked":["Moonworks:ImOnFire","Moonworks:SakisCookie"],"picked":"Moonworks:WindyEnchantment","floor":10},{"not_picked":["Moonworks:ShieldCounter","Moonworks:Encore"],"picked":"Moonworks:StarBlastingFuse","floor":16},{"not_picked":["Moonworks:LulusLuckyEgg","Moonworks:NicePresent"],"picked":"Moonworks:LuckyCharm","floor":18},{"not_picked":["Moonworks:ExtendedPhotonRifle","Moonworks:LulusLuckyEgg"],"picked":"Moonworks:IntelligenceOfficer","floor":20},{"not_picked":["Moonworks:IndiscriminateFireSupport","Moonworks:UnpaidWork"],"picked":"Moonworks:Gamble","floor":22},{"not_picked":["Moonworks:UnpaidWork","Moonworks:SakisCookie"],"picked":"Moonworks:MiracleWalker+1","floor":23},{"not_picked":["Moonworks:CloudOfSeagulls+1","Moonworks:Blazing"],"picked":"Moonworks:AngelHand+1","floor":25},{"not_picked":["Moonworks:ScrambledEve+1","Moonworks:RagingMadness"],"picked":"Moonworks:CloudOfSeagulls+1","floor":29},{"not_picked":["Moonworks:DeployBits","Moonworks:BigMagnum+1"],"picked":"Moonworks:RedAndBlue+1","floor":30},{"not_picked":["Moonworks:SakisCookie+1","Moonworks:BigMagnum+1"],"picked":"Moonworks:JonathanRush","floor":31}],"player_experience":149325,"relics_obtained":[{"floor":6,"key":"vexMod:Dragonfruit"},{"floor":8,"key":"GodSword4"},{"floor":10,"key":"Centennial Puzzle"},{"floor":23,"key":"AT_SunfireAegis"},{"floor":26,"key":"Pet Ghost"},{"floor":31,"key":"Bag of Marbles"}],"event_choices":[{"damage_healed":0,"gold_gain":0,"player_choice":"Ignored","damage_taken":0,"max_hp_gain":0,"max_hp_loss":0,"event_name":"Ghosts","floor":19,"gold_loss":0},{"damage_healed":0,"gold_gain":0,"player_choice":"2 cards matched","damage_taken":0,"max_hp_gain":0,"max_hp_loss":0,"event_name":"Match and Keep!","floor":21,"gold_loss":0,"cards_obtained":["Moonworks:SelfDestruct","Moonworks:GoAway"]},{"damage_healed":0,"gold_gain":0,"player_choice":"Opened","damage_taken":0,"relics_obtained":["Oddly Smooth Stone"],"max_hp_gain":0,"max_hp_loss":0,"event_name":"The Mausoleum","floor":27,"gold_loss":0},{"damage_healed":0,"gold_gain":0,"player_choice":"Shed Blood","damage_taken":20,"max_hp_gain":5,"max_hp_loss":0,"event_name":"Forgotten Altar","floor":28,"gold_loss":0}],"is_beta":false,"boss_relics":[{"not_picked":["hubris:Stopwatch","vexMod:TanglingVine"],"picked":"Hololive_ChaosS"}],"items_purged_floors":[],"is_endless":false,"potions_floor_spawned":[2,6,7,8,10,18,20,23,30,31],"killed_by":"Pondfish","ascension_level":0}}