{"host":"8c7ixdz8x9d2d2wv","time":1611158138,"event":{"mods":["AYAYA","BaseMod","Better Altar","Better Sensory Stone","Better-Laid Plans","BetterRewards","Colored Map","Colored Powertips","Curses Come First","Dark Map","Defuse TimeMaze Blight","Emptier Cage","Highlight Path","Minty Spire (QoL Compilation)","Quick Restart","Rare Cards Sparkle","Relic Sorter","Shop Mod","StSLib","Transform Curses","Uncapped"],"gold_per_floor":[110,110,110,110,120,120,120],"floor_reached":6,"language":"ENG","playtime":417,"items_purged":[],"score":34,"play_id":"c2c96c0a-741c-499e-b35f-822c35cd2717","local_time":"20210120165538","is_ascension_mode":false,"campfire_choices":[],"circlet_count":0,"master_deck":["Strike_G","Strike_G","Strike_G","Strike_G","Strike_G","Defend_G","Defend_G","Defend_G","Defend_G","Defend_G","Survivor+1","Neutralize+1","Cloak And Dagger+1"],"relics":["Ring of the Snake","Art of War","Ornamental Fan"],"acts_visited":["Exordium"],"potions_floor_usage":[6],"damage_taken":[{"damage":0,"enemies":"Jaw Worm","floor":1,"turns":4},{"damage":0,"enemies":"2 Louse","floor":5,"turns":2},{"damage":55,"enemies":"Gremlin Nob","floor":6,"turns":7}],"seed_played":"-2724187201550511385","potions_obtained":[{"floor":5,"key":"Dexterity Potion"}],"is_trial":false,"path_per_floor":["M","?","?","?","M","E"],"character_chosen":"THE_SILENT","items_purchased":[],"campfire_rested":0,"item_purchase_floors":[],"current_hp_per_floor":[70,56,56,44,44,0,0],"gold":120,"neow_bonus":"RANDOM_COMMON_RELIC","is_daily":false,"chose_seed":false,"campfire_upgraded":0,"win_rate":0.0,"timestamp":1611158138,"path_taken":["M","?","?","?","M","E"],"items_purchased_type":[],"build_version":"2020-12-22","purchased_purges":0,"victory":false,"max_hp_per_floor":[70,70,70,70,70,70,70],"card_choices":[{"not_picked":["Bouncing Flask","Dodge and Roll"],"picked":"Cloak And Dagger","floor":1},{"not_picked":["Sucker Punch","Accuracy","Prepared"],"picked":"SKIP","floor":5}],"player_experience":655401,"relics_obtained":[],"event_choices":[{"damage_healed":0,"gold_gain":0,"player_choice":"Entered Light","damage_taken":14,"max_hp_gain":0,"max_hp_loss":0,"event_name":"Shining Light","floor":2,"gold_loss":0,"cards_upgraded":["Survivor","Neutralize"]},{"damage_healed":0,"gold_gain":0,"player_choice":"Grow","damage_taken":0,"max_hp_gain":0,"max_hp_loss":0,"event_name":"Living Wall","floor":3,"gold_loss":0,"cards_upgraded":["Cloak And Dagger"]},{"damage_healed":0,"gold_gain":0,"player_choice":"Success","damage_taken":12,"relics_obtained":["Ornamental Fan"],"max_hp_gain":0,"max_hp_loss":0,"event_name":"Scrap Ooze","floor":4,"gold_loss":0}],"is_beta":false,"boss_relics":[],"items_purged_floors":[],"is_endless":false,"potions_floor_spawned":[5],"killed_by":"Gremlin Nob","ascension_level":0}}