{"host":"x9k18rezcvptt97l","time":1611153998,"event":{"mods":["10 clothes from DAL","Act Like it!","BaseMod","Colored Powertips","Dota2Spire","Easy Mod","FoggyMod","Gensokyo","Marisa（F雨　魔理沙）","Minty Spire (QoL Compilation)","Remove Card Discount Mod","Shop Mod","StSLib","【遗物Mod】简单游戏","没有小屋子和绿帽子啦","篝火指南"],"gold_per_floor":[119,119,119,119,131,158,158,189,189,223,223,248,274,274,274,388,-112,-87,28,0,0,0,46,86,86,111,60,108,449,699,729,331,448,448,461,461,5,5,5,62,417,474,498,70,100,127,178,207,18,18],"floor_reached":51,"language":"ZHS","playtime":2881,"items_purged":["Strike_MRS","Strike_MRS","Defend_MRS","Defend_MRS","Defend_MRS","Defend_MRS","Strike_MRS","MasterSpark","MeteoricShower","Pain","EscapeVelocity","UpSweep","Strike_MRS+1","UnstableBomb","NonDirectionalLaser"],"score":1512,"play_id":"f2458068-5fd4-4a0b-9511-72ce5db7158a","local_time":"20210120224638","is_ascension_mode":true,"campfire_choices":[{"data":"EasyMod:card_1","floor":11.0,"key":"SMITH"},{"data":"Gensokyo:MarisaTwilightSpark","floor":15.0,"key":"SMITH"},{"data":"CollectingQuirk","floor":25.0,"key":"SMITH"}],"circlet_count":0,"master_deck":["EasyMod:card_1","Gensokyo:MarisaTwilightSpark+1","CollectingQuirk+1","CollectingQuirk+1","BinaryStars+1","Chrysalis+1"],"relics":["MiniHakkero","EasyRelic","NeowsBlessing","Pear","Gensokyo:PortableGap","StrikeDummy","Gensokyo:LunaticRedEyes","Ice Cream","Letter Opener","Blood Vial","DALC_ONE","Turnip","Gensokyo:CelestialsFlawlessClothing","Tiny House","DALC_NINE","TungstenRod","Gensokyo:MosesMiracle","Tiny Chest","EasyMod:Easy_8","Dota2Spire:PowerTreads","Mummified Hand","EasyMod:Easy_9","Toxic Egg 2","Torii","Sling","MerchantsRug","Happy Flower","RampagingMagicTools","DollysMirror","ClockworkSouvenir","DALC_EIGHT","Dota2Spire:MonkeyKingBar","DALC_SIX","EasyMod:Easy_4","Omamori","Singing Bowl","Bottled Flame","Mercury Hourglass","Pen Nib","Orichalcum","Dota2Spire:ArmletOfMordiggian","Dota2Spire:Desolator"],"acts_visited":["Gensokyo:Gensokyo","Gensokyo:Gensokyoer","Gensokyo:Gensokyoest"],"potions_floor_usage":[],"damage_taken":[{"damage":0.0,"enemies":"Gensokyo:2_Kodama","floor":1.0,"turns":1.0},{"damage":0.0,"enemies":"Gensokyo:Gryphon","floor":5.0,"turns":1.0},{"damage":0.0,"enemies":"Gensokyo:Aya","floor":6.0,"turns":1.0},{"damage":30.0,"enemies":"Gensokyo:Cirno","floor":8.0,"turns":5.0},{"damage":1.0,"enemies":"Gensokyo:Mamizou","floor":10.0,"turns":5.0},{"damage":3.0,"enemies":"Gensokyo:Cirno","floor":12.0,"turns":5.0},{"damage":8.0,"enemies":"Gensokyo:Aya","floor":13.0,"turns":5.0},{"damage":21.0,"enemies":"Gensokyo:Yukari","floor":16.0,"turns":9.0},{"damage":3.0,"enemies":"Gensokyo:2_Gloops","floor":18.0,"turns":4.0},{"damage":19.0,"enemies":"Gensokyo:2_Gloops","floor":19.0,"turns":5.0},{"damage":0.0,"enemies":"Gensokyo:Tenshi","floor":23.0,"turns":2.0},{"damage":0.0,"enemies":"Gensokyo:Koishi","floor":24.0,"turns":3.0},{"damage":16.0,"enemies":"Gensokyo:Reisen","floor":28.0,"turns":5.0},{"damage":18.0,"enemies":"Gensokyo:Koishi","floor":29.0,"turns":3.0},{"damage":0.0,"enemies":"Gensokyo:Reisen","floor":30.0,"turns":3.0},{"damage":0.0,"enemies":"Gensokyo:Tenshi","floor":31.0,"turns":1.0},{"damage":0.0,"enemies":"Gensokyo:Eternal_Rivals","floor":33.0,"turns":3.0},{"damage":0.0,"enemies":"Gensokyo:3_Boulders","floor":35.0,"turns":1.0},{"damage":2,"enemies":"Gensokyo:Doremy","floor":40,"turns":2},{"damage":0,"enemies":"Gensokyo:Marisa","floor":41,"turns":1},{"damage":0,"enemies":"Gensokyo:Doremy","floor":42,"turns":1},{"damage":0,"enemies":"Gensokyo:Marisa","floor":45,"turns":1},{"damage":0,"enemies":"Gensokyo:Doremy","floor":46,"turns":1},{"damage":0,"enemies":"Gensokyo:Kasen","floor":48,"turns":1},{"damage":0,"enemies":"Gensokyo:Scarlet_Devils","floor":50,"turns":1}],"seed_played":"1216225754388200971","potions_obtained":[{"floor":6.0,"key":"CultistPotion"},{"floor":12.0,"key":"DuplicationPotion"},{"floor":13.0,"key":"Block Potion"},{"floor":16.0,"key":"AttackPotion"},{"floor":18.0,"key":"Block Potion"},{"floor":28.0,"key":"DistilledChaos"},{"floor":31.0,"key":"DistilledChaos"},{"floor":33.0,"key":"SneckoOil"},{"floor":40,"key":"FearPotion"},{"floor":41,"key":"FearPotion"},{"floor":45,"key":"Swift Potion"}],"is_trial":false,"path_per_floor":["M","?","?","?","M","E","?","E","T","E","R","E","E","?","R","B",null,"M","?","?","$","?","E","E","R","T","COS","E","E","E","E","R","B",null,"M","?","COS","?","?","E","E","E","T","R","E","E","T","E","R","B",null],"character_chosen":"MARISA","items_purchased":["Sling","MerchantsRug","Happy Flower","Singing Bowl","Bottled Flame","Chrysalis+1"],"campfire_rested":0,"item_purchase_floors":[32,32,32,44,44,49],"current_hp_per_floor":[75,70,70,70,70,70,70,52,52,54,54,74,74,56,56,74,74,72,74,74,74,74,71,71,71,71,71,55,56,62,62,62,62,62,62,62,62,39,39,59,56,28,28,25,24,24,21,23,23,23],"gold":18,"neow_bonus":"THREE_ENEMY_KILL","is_daily":false,"chose_seed":false,"campfire_upgraded":3,"win_rate":0.0,"timestamp":1611153998,"path_taken":["M","?","?","?","?","E","?","E","T","E","R","E","E","?","R","BOSS","M","?","?","$","?","E","E","R","T","COS","E","E","E","E","R","BOSS","M","?","COS","?","?","E","E","E","T","R","E","E","?","E","R","BOSS"],"items_purchased_type":["Relic","Relic","Relic","Relic","Relic","Card"],"build_version":"2020-12-22","purchased_purges":15,"victory":true,"max_hp_per_floor":[75,85,77,77,77,77,77,77,77,77,77,74,74,74,74,74,74,74,74,74,74,74,71,71,71,71,71,68,65,62,62,62,62,62,62,62,62,62,62,59,56,28,28,25,24,24,21,23,23,23],"card_choices":[{"not_picked":["SporeBomb","WitchLeyline"],"picked":"MeteoricShower","floor":1.0},{"not_picked":["DarkSpark","AsteroidBelt","SprinkleStarSeal"],"picked":"SKIP","floor":5.0},{"not_picked":["MaximisePower","ChargeUpSpray","SporeBomb"],"picked":"SKIP","floor":6.0},{"not_picked":["Singularity","AsteroidBelt","GrandCross"],"picked":"SKIP","floor":8.0},{"not_picked":["IllusionStar","6A","GravityBeat"],"picked":"SKIP","floor":10.0},{"not_picked":["6A","StarlightTyphoon","GalacticHalo"],"picked":"SKIP","floor":12.0},{"not_picked":["SporeBomb","WitchLeyline"],"picked":"WitchOfGreed","floor":13.0},{"not_picked":["SatelliteIllusion","CasketOfStar"],"picked":"EscapeVelocity","floor":16.0},{"not_picked":["Acceleration","DC","OneTimeOff"],"picked":"SKIP","floor":18.0},{"not_picked":["IllusionStar","SuperPerseids"],"picked":"NonDirectionalLaser","floor":23.0},{"not_picked":["IllusionStar","PowerUp"],"picked":"CollectingQuirk","floor":24.0},{"not_picked":["LuminesStrike","GravityBeat+1"],"picked":"UnstableBomb","floor":28.0},{"not_picked":["OpenUniverse","OortCloud","ChargingUp"],"picked":"SKIP","floor":29.0},{"not_picked":["OpenUniverse+1","OrrerysSun","ShootingEcho"],"picked":"SKIP","floor":30.0},{"not_picked":["StarlightTyphoon+1","Acceleration+1","DarkSpark+1"],"picked":"SKIP","floor":31.0},{"not_picked":["MysteriousBeam","SporeBomb+1","GrandCross+1"],"picked":"SKIP","floor":35.0},{"not_picked":["Orbital+1","GasGiant+1","CasketOfStar"],"picked":"SKIP","floor":40},{"not_picked":["MysteriousBeam","UnstableBomb+1","EnergyFlow+1"],"picked":"SKIP","floor":41},{"not_picked":["OrrerysSun+1","GravityBeat"],"picked":"OpenUniverse+1","floor":42},{"not_picked":["LuminesStrike","DragonMeteor","StarBarrage"],"picked":"Singing Bowl","floor":45},{"not_picked":["UnstableBomb","DarkSpark"],"picked":"BinaryStars+1","floor":46},{"not_picked":["IllusionStar+1","GalacticHalo+1","OortCloud+1"],"picked":"Singing Bowl","floor":48}],"player_experience":585054,"relics_obtained":[{"floor":6.0,"key":"StrikeDummy"},{"floor":8.0,"key":"Ice Cream"},{"floor":9.0,"key":"Letter Opener"},{"floor":10.0,"key":"Blood Vial"},{"floor":12.0,"key":"DALC_ONE"},{"floor":13.0,"key":"Turnip"},{"floor":19.0,"key":"DALC_NINE"},{"floor":19.0,"key":"TungstenRod"},{"floor":23.0,"key":"Tiny Chest"},{"floor":24.0,"key":"EasyMod:Easy_8"},{"floor":26.0,"key":"Dota2Spire:PowerTreads"},{"floor":28.0,"key":"Gensokyo:MosesMiracle"},{"floor":28.0,"key":"Mummified Hand"},{"floor":29.0,"key":"EasyMod:Easy_9"},{"floor":30.0,"key":"Toxic Egg 2"},{"floor":31.0,"key":"Torii"},{"floor":40,"key":"Dota2Spire:MonkeyKingBar"},{"floor":41,"key":"DALC_SIX"},{"floor":42,"key":"EasyMod:Easy_4"},{"floor":43,"key":"Omamori"},{"floor":45,"key":"Pen Nib"},{"floor":46,"key":"Orichalcum"},{"floor":47,"key":"Dota2Spire:ArmletOfMordiggian"},{"floor":48,"key":"Dota2Spire:Desolator"}],"event_choices":[],"is_beta":false,"boss_relics":[{"not_picked":["Astrolabe","Velvet Choker"],"picked":"Tiny House"},{"not_picked":["BewitchedHakkero","Busted Crown"],"picked":"RampagingMagicTools"}],"items_purged_floors":[32,32,32,32,32,32,32,32,32,32,32,32,32,32,32],"is_endless":false,"potions_floor_spawned":[6,12,13,18,29,30,31,42,45],"ascension_level":1}}