{"host":"mi24dmma43d7mlws","time":1611178546,"event":{"mods":["2.2 Compatiblity","Astrologer","Bard","BaseMod","Bestiary","CatGirl Mod","Colored Map","Colored Powertips","Custom Start","Downfall","Fiend Mod","Fireblade Mod","Hermit","Highlight Path","JesterMod","Jorbs\u0027s Wanderer Trilogy","Mad Scientist","Minty Spire (QoL Compilation)","Potionbrewer","QueenMod","Quick Restart","Rare Cards Sparkle","Relic Stats","Shade Mod","Somnambulant","StSLib","Td1madao Mod","The Accelerator","The Blackbeard","The Bladedancer","The Bug Knight","The Clintock","The Construct","The Cursed","The Death Knight","The Disciple","The Elementalist","The Florist","The Gatherer","The Hayseed","The Hierophant","The Judge","The Juggle","The Mystic","The Necromancer","The Problem Sleuth","The Runesmith","The Senshi","The Servant 0.9.4","The Showman","The Spell Scribe","The Trickster","The Valiant","The Vixen","The Wild Card","TheBandit","TheFirefly","TheHeartMod","TheHero","TheLocksmith","everything is the same but u backflip on backflip","slay the spire mod where everything is the same but ironclad has a cowboy hat","thorton"],"gold_per_floor":[118,137,137,155,168,201,201,45,45,74,24,24,38,56,56,159,159,172,172,155,155,173,173,200,200,251,280,303,303,314,328,328,431,431,443,462,64,64,80,112,112,146,146,174,174,194,194,212,212,212,212,212,69,99,99],"floor_reached":56,"language":"ENG","playtime":6033,"items_purged":["Guardian:Strike_Guardian","Guardian:Defend_Guardian"],"score":1338,"play_id":"0ae79c2d-edcb-4538-8a6a-b2c328645fd4","local_time":"20210120213546","is_ascension_mode":true,"campfire_choices":[{"data":"Guardian:TwinSlam","floor":12,"key":"SMITH"},{"data":"Guardian:PrimingBeam","floor":15,"key":"SMITH"},{"data":"Guardian:BronzeArmor","floor":23,"key":"SMITH"},{"data":"Guardian:EvasiveProtocol","floor":25,"key":"SMITH"},{"data":"Guardian:Suspension","floor":29,"key":"SMITH"},{"data":"Guardian:Recover","floor":32,"key":"SMITH"},{"floor":45,"key":"REST"},{"floor":47,"key":"RECALL"},{"data":"Apotheosis","floor":49,"key":"SMITH"},{"data":"theWildCard:Scathach","floor":52,"key":"SMITH"}],"circlet_count":0,"master_deck":["Guardian:Defend_Guardian","Guardian:CurlUp","Guardian:TwinSlam+1","Guardian:Planning","theWildCard:Scathach+1","Guardian:PrimingBeam+1","Guardian:Suspension+1","Guardian:BronzeOrb","Guardian:BronzeArmor+1","Guardian:EvasiveProtocol+1","Guardian:SphericShield","Guardian:TimeCapacitor+1","Guardian:ExploitGems+1","Guardian:Harden+1","Guardian:Reroute","Bite","Bite","Bite","Bite","Bite","Guardian:Recover+1","Guardian:ShieldSpikes+1","Guardian:AncientConstruct","Guardian:TemporalStrike","Finesse","Apotheosis+1","Guardian:FloatingOrbs"],"relics":["Guardian:ModeShifter","StrikeDummy","MealTicket","Astrolabe","MutagenicStrength","PreservedInsect","Oddly Smooth Stone","Shuriken","Centennial Puzzle","Black Star","Pantograph","Anchor","Pen Nib","Mummified Hand","Turnip","The Courier","Nunchaku","Orichalcum","Prayer Beads","Happy Flower","Blood Vial"],"acts_visited":["Exordium","TheCity","TheBeyond","TheEnding"],"potions_floor_usage":[20,36,42,44,46,55,55,55],"damage_taken":[{"damage":3,"enemies":"Jaw Worm","floor":1,"turns":5},{"damage":7,"enemies":"Small Slimes","floor":2,"turns":5},{"damage":2,"enemies":"2 Louse","floor":4,"turns":4},{"damage":7,"enemies":"Blue Slaver","floor":5,"turns":4},{"damage":4,"enemies":"3 Sentries","floor":6,"turns":12},{"damage":4,"enemies":"Gremlin Nob","floor":10,"turns":4},{"damage":0,"enemies":"Looter","floor":13,"turns":3},{"damage":8,"enemies":"Exordium Wildlife","floor":14,"turns":6},{"damage":0,"enemies":"Hexaghost","floor":16,"turns":15},{"damage":22,"enemies":"Chosen","floor":18,"turns":8},{"damage":8,"enemies":"2 Thieves","floor":20,"turns":4},{"damage":10,"enemies":"Cultist and Chosen","floor":22,"turns":7},{"damage":7,"enemies":"Slavers","floor":24,"turns":6},{"damage":4,"enemies":"Gremlin Leader","floor":27,"turns":6},{"damage":9,"enemies":"Snecko","floor":30,"turns":3},{"damage":0,"enemies":"3 Cultists","floor":31,"turns":6},{"damage":8,"enemies":"Collector","floor":33,"turns":12},{"damage":22,"enemies":"Orb Walker","floor":35,"turns":5},{"damage":4,"enemies":"3 Shapes","floor":36,"turns":7},{"damage":0,"enemies":"Jaw Worm Horde","floor":39,"turns":4},{"damage":35,"enemies":"Reptomancer","floor":40,"turns":7},{"damage":19,"enemies":"Giant Head","floor":42,"turns":10},{"damage":27,"enemies":"Reptomancer","floor":44,"turns":7},{"damage":5,"enemies":"Sphere and 2 Shapes","floor":46,"turns":6},{"damage":2,"enemies":"Spire Growth","floor":48,"turns":5},{"damage":39,"enemies":"Donu and Deca","floor":50,"turns":10},{"damage":44,"enemies":"Shield and Spear","floor":54,"turns":9},{"damage":41,"enemies":"The Heart","floor":55,"turns":9}],"seed_played":"169582918268425706","potions_obtained":[{"floor":2,"key":"Guardian:BlockOnCardUsePotion"},{"floor":4,"key":"Ancient Potion"},{"floor":5,"key":"Dexterity Potion"},{"floor":20,"key":"Fruit Juice"},{"floor":27,"key":"potionbrewer:NoxiousPotion"},{"floor":36,"key":"potionbrewer:SplittingPotion"},{"floor":42,"key":"Block Potion"},{"floor":46,"key":"EntropicBrew"}],"is_trial":false,"path_per_floor":["M","M","?","M","M","E","?","$","T","E","?","R","M","M","R","B",null,"M","?","M","?","M","R","E","R","T","E","T","R","M","M","R","B",null,"M","M","$","?","M","E","?","E","T","E","R","M","R","M","R","B",null,"R","$","E","B",null],"character_chosen":"GUARDIAN","items_purchased":["Guardian:BronzeOrb","Pantograph","Anchor","Guardian:FloatingOrbs"],"campfire_rested":1,"item_purchase_floors":[8,37,37,53],"current_hp_per_floor":[85,78,78,76,69,65,65,65,65,61,61,61,61,53,53,53,88,66,66,63,63,65,65,65,65,65,65,65,65,58,65,65,65,65,47,57,65,55,65,39,39,46,46,36,54,57,57,62,62,44,62,62,62,41,42],"gold":99,"neow_bonus":"TEN_PERCENT_HP_BONUS","is_daily":false,"chose_seed":false,"campfire_upgraded":8,"win_rate":0.0,"timestamp":1611178546,"path_taken":["M","M","?","M","M","E","?","?","T","E","?","R","M","?","R","BOSS","M","?","M","?","M","R","E","R","T","E","?","R","M","M","R","BOSS","M","M","$","?","M","E","?","E","T","E","R","M","R","?","R","BOSS","R","$","E","BOSS"],"items_purchased_type":["Card","Relic","Relic","Card"],"build_version":"2020-12-22","purchased_purges":2,"victory":true,"max_hp_per_floor":[88,88,88,88,88,88,88,88,88,88,88,88,88,88,88,88,88,88,88,93,65,65,65,65,65,65,65,65,65,65,65,65,65,65,65,65,65,65,65,65,62,62,62,62,62,62,62,62,62,62,62,62,62,62,62],"relic_stats":{"Happy Flower":[3],"counters":[28,189],"Astrolabe":["Guardian:TimeCapacitor","Guardian:ExploitGems","Guardian:Harden"],"PreservedInsect":357,"Pen Nib":[13],"Orichalcum":[12],"Blood Vial":2,"Centennial Puzzle":[30],"Nunchaku":[11],"Shuriken":[45],"Mummified Hand":[24],"Pantograph":19,"MealTicket":8,"Turnip":[7],"Black Star":4,"obtain_stats":[{"Happy Flower":54,"Prayer Beads":44,"Astrolabe":17,"Guardian:ModeShifter":0,"Oddly Smooth Stone":26,"PreservedInsect":24,"Pen Nib":40,"The Courier":42,"Orichalcum":44,"Blood Vial":54,"Centennial Puzzle":28,"Anchor":37,"Nunchaku":43,"Shuriken":27,"Mummified Hand":40,"MutagenicStrength":19,"Pantograph":37,"MealTicket":10,"Turnip":42,"Black Star":34,"StrikeDummy":6},{"Happy Flower":27,"Prayer Beads":23,"Astrolabe":9,"Guardian:ModeShifter":0,"Oddly Smooth Stone":13,"PreservedInsect":13,"Pen Nib":21,"The Courier":22,"Orichalcum":23,"Blood Vial":27,"Centennial Puzzle":14,"Anchor":19,"Nunchaku":22,"Shuriken":14,"Mummified Hand":21,"MutagenicStrength":10,"Pantograph":19,"MealTicket":6,"Turnip":22,"Black Star":17,"StrikeDummy":5},{"Happy Flower":180,"Prayer Beads":150,"Astrolabe":58,"Guardian:ModeShifter":0,"Oddly Smooth Stone":83,"PreservedInsect":83,"Pen Nib":133,"The Courier":143,"Orichalcum":150,"Blood Vial":180,"Centennial Puzzle":89,"Anchor":122,"Nunchaku":143,"Shuriken":89,"Mummified Hand":133,"MutagenicStrength":66,"Pantograph":122,"MealTicket":34,"Turnip":143,"Black Star":110,"StrikeDummy":30}]},"card_choices":[{"not_picked":["Guardian:ShieldCharger","Guardian:Harden"],"picked":"Guardian:Planning","floor":1},{"not_picked":["Guardian:FuturePlans","Guardian:Gem_Cyan"],"picked":"Guardian:Gem_Red","floor":2},{"not_picked":["Guardian:DonusPower","Guardian:GuardianWhirl"],"picked":"Guardian:PrimingBeam","floor":4},{"not_picked":["Guardian:DecasProtection","Guardian:MultiBeam"],"picked":"Guardian:Gem_Cyan","floor":5},{"not_picked":["Guardian:RefractedBeam","Guardian:Clone"],"picked":"Guardian:Suspension","floor":6},{"not_picked":["Guardian:Gem_Cyan","Guardian:Planning"],"picked":"Guardian:BronzeArmor","floor":10},{"not_picked":["Guardian:ChargeCore","Guardian:Planning"],"picked":"Guardian:Gem_Orange","floor":13},{"not_picked":["Guardian:Gem_Yellow","Guardian:Preprogram"],"picked":"Guardian:EvasiveProtocol","floor":14},{"not_picked":["Guardian:HyperBeam_Guardian","Guardian:CompilePackage"],"picked":"Guardian:SphericShield","floor":16},{"not_picked":["Guardian:Gem_Green","Guardian:Incinerate+1"],"picked":"Guardian:Gem_Crimson","floor":18},{"not_picked":["Guardian:Suspension+1","Guardian:RefractedBeam"],"picked":"Guardian:Reroute","floor":20},{"not_picked":["Guardian:Harden+1","Guardian:VentSteam+1"],"picked":"Guardian:Gem_Purple","floor":22},{"not_picked":["Guardian:FuturePlans+1","Guardian:Gem_Purple"],"picked":"Guardian:Gem_Lightblue","floor":24},{"not_picked":["Guardian:GuardianWhirl","Guardian:ShieldCharger","Guardian:RefractedBeam"],"picked":"SKIP","floor":27},{"not_picked":["Guardian:Reroute","Guardian:FastForward"],"picked":"Guardian:Recover","floor":30},{"not_picked":["Guardian:BodySlam","Guardian:VentSteam"],"picked":"Guardian:ShieldSpikes+1","floor":31},{"not_picked":["Guardian:SphericShield","Guardian:BaubleBeam"],"picked":"Guardian:AncientConstruct","floor":33},{"not_picked":["Guardian:RollAttack+1","Guardian:DecasProtection"],"picked":"Guardian:TemporalStrike","floor":35},{"not_picked":["Guardian:Planning+1","Guardian:TemporalStrike+1"],"picked":"Guardian:Gem_Green","floor":36},{"not_picked":["Secret Weapon","Deep Breath"],"picked":"Finesse","floor":38},{"not_picked":["Swift Strike","Discovery"],"picked":"Apotheosis","floor":38},{"not_picked":["Guardian:PrimingBeam+1","Guardian:CrystalBeam+1","Guardian:Suspension"],"picked":"SKIP","floor":39},{"not_picked":["Guardian:PrimingBeam+1","Guardian:CrystalBeam+1","Guardian:Suspension"],"picked":"SKIP","floor":39},{"not_picked":["Guardian:ChargeUp+1","Guardian:GuardianWhirl+1","Guardian:TimeBomb+1"],"picked":"SKIP","floor":40},{"not_picked":["Guardian:TimeCapacitor+1","Guardian:FuturePlans","Guardian:PrimingBeam"],"picked":"SKIP","floor":42},{"not_picked":["Guardian:FuturePlans+1","Guardian:ChargeCore+1","Guardian:Emergency"],"picked":"SKIP","floor":44},{"not_picked":["Guardian:ChargeUp+1","Guardian:CompilePackage"],"picked":"Guardian:Gem_Green","floor":46},{"not_picked":["Guardian:CrystalBeam","Guardian:Recover+1","Guardian:Reroute+1"],"picked":"SKIP","floor":48},{"not_picked":["Guardian:Planning+1","Guardian:Suspension+1","Guardian:PrimingBeam"],"picked":"SKIP","floor":54}],"player_experience":1089381,"relics_obtained":[{"floor":6,"key":"StrikeDummy"},{"floor":10,"key":"MealTicket"},{"floor":24,"key":"PreservedInsect"},{"floor":26,"key":"Oddly Smooth Stone"},{"floor":27,"key":"Shuriken"},{"floor":28,"key":"Centennial Puzzle"},{"floor":40,"key":"Pen Nib"},{"floor":40,"key":"Mummified Hand"},{"floor":42,"key":"Turnip"},{"floor":42,"key":"The Courier"},{"floor":43,"key":"Nunchaku"},{"floor":44,"key":"Orichalcum"},{"floor":44,"key":"Prayer Beads"},{"floor":54,"key":"Happy Flower"},{"floor":54,"key":"Blood Vial"}],"event_choices":[{"cards_removed":["Guardian:Strike_Guardian"],"damage_healed":0,"gold_gain":0,"player_choice":"Card Removal","damage_taken":0,"max_hp_gain":0,"max_hp_loss":0,"event_name":"The Cleric","floor":11,"gold_loss":50},{"damage_healed":0,"gold_gain":0,"player_choice":"Inject Mutagens","damage_taken":0,"relics_obtained":["MutagenicStrength"],"max_hp_gain":0,"max_hp_loss":0,"event_name":"Drug Dealer","floor":19,"gold_loss":0},{"damage_healed":0,"gold_gain":0,"player_choice":"Became a vampire","damage_taken":0,"max_hp_gain":0,"max_hp_loss":28,"event_name":"Vampires","floor":21,"gold_loss":0,"cards_obtained":["Bite","Bite","Bite","Bite","Bite"]},{"damage_healed":0,"gold_gain":0,"player_choice":"Memory 3","damage_taken":10,"max_hp_gain":0,"max_hp_loss":0,"event_name":"SensoryStone","floor":38,"gold_loss":0},{"damage_healed":0,"gold_gain":0,"player_choice":"Max HP","damage_taken":0,"max_hp_gain":0,"max_hp_loss":3,"event_name":"Winding Halls","floor":41,"gold_loss":0}],"is_beta":false,"boss_relics":[{"not_picked":["Fusion Hammer","Guardian:StasisSlotReductionRelic"],"picked":"Astrolabe"},{"not_picked":["Runic Pyramid","SacredBark"],"picked":"Black Star"}],"items_purged_floors":[8,53],"is_endless":false,"potions_floor_spawned":[2,4,5,10,20,27,30,31,35,36,42,46],"ascension_level":1}}