{"host":"5uvzo7moqy5vd63g","time":1611182190,"event":{"mods":["Aspiration","BaseMod","Conspire","Curses Come First","Dio Mod","Downfall","Hermit","Hubris","Jedi Mod","Mimic Mod","Minty Spire (QoL Compilation)","StSLib","Wandering Minibosses"],"gold_per_floor":[99,118,131,306,326,326,326,326,326,326,326],"floor_reached":9,"language":"ENG","playtime":424,"items_purged":["Doubt"],"score":51,"play_id":"3cff9d5b-df23-4c09-b4c4-b8c91c9e6595","local_time":"20210120173630","is_ascension_mode":false,"campfire_choices":[{"floor":1,"key":"RECALL"}],"circlet_count":0,"master_deck":["bronze:Strike","bronze:Strike","bronze:Strike","bronze:Strike","bronze:Defend","bronze:Defend","bronze:Defend","bronze:Defend","bronze:Replicate","bronze:Goto","Flash of Steel","bronze:BuggyMess","bronze:ItsAFeature","bronze:ChosenStrike"],"relics":["bronze:BronzeCore","hubris:Towel","Toxic Egg 2","Frozen Egg 2","The Courier"],"acts_visited":["Exordium"],"potions_floor_usage":[],"damage_taken":[{"damage":0,"enemies":"Cultist","floor":2,"turns":4},{"damage":4,"enemies":"2 Louse","floor":3,"turns":3},{"damage":5,"enemies":"Jaw Worm","floor":5,"turns":4},{"damage":30,"enemies":"3 Sentries","floor":9,"turns":5}],"seed_played":"-4262797625542626308","potions_obtained":[],"is_trial":false,"path_per_floor":["R","M","M","?","M","?","T","$","E"],"character_chosen":"THE_AUTOMATON","items_purchased":["Frozen Egg 2","The Courier"],"campfire_rested":0,"item_purchase_floors":[8,8],"current_hp_per_floor":[70,70,66,66,61,61,61,23,0,0,0],"gold":326,"neow_bonus":"RANDOM_COLORLESS","is_daily":false,"chose_seed":false,"campfire_upgraded":0,"win_rate":0.0,"timestamp":1611182190,"path_taken":["R","M","M","?","M","?","T","?","E"],"items_purchased_type":["Relic","Relic"],"build_version":"2020-12-22","purchased_purges":1,"victory":false,"max_hp_per_floor":[70,70,70,70,70,70,70,70,70,70,70],"card_choices":[{"not_picked":["hubris:Insight","Dramatic Entrance"],"picked":"Flash of Steel","floor":0},{"not_picked":["bronze:Invalidate","bronze:Constructor"],"picked":"bronze:BuggyMess","floor":2},{"not_picked":["bronze:DelayedGuard","bronze:FineTuning"],"picked":"bronze:ItsAFeature","floor":3},{"not_picked":["bronze:Turbo","bronze:Frontload"],"picked":"bronze:ChosenStrike","floor":5}],"player_experience":594326,"relics_obtained":[{"floor":7,"key":"Toxic Egg 2"}],"event_choices":[],"is_beta":false,"boss_relics":[],"items_purged_floors":[8],"is_endless":false,"potions_floor_spawned":[],"killed_by":"3 Sentries","ascension_level":0}}