{"host":"2e5gbsni44p3458r","time":1611140637,"event":{"mods":["BaseMod","Colored Map","Downfall","Hermit","Hubris","Minty Spire (QoL Compilation)","StSLib","The Cursed"],"gold_per_floor":[99,99,99,99,9,109,162,175,450,476,177,193,204,227,238,334,334,134,151,207,227,237,237,237,254,286,286,321,321,421,448,468,568,568,568,587,587,382,393,406,406,419,437,463,463,463,463,463],"floor_reached":46,"language":"ENG","playtime":2415,"items_purged":["bronze:Strike","Regret","bronze:Strike","bronze:Strike"],"score":585,"play_id":"9c42b817-a23e-47a0-8264-045fac92b6b6","local_time":"20210120200357","is_ascension_mode":true,"campfire_choices":[{"floor":1,"key":"RECALL"},{"data":"bronze:Verify","floor":18,"key":"SMITH"},{"data":"bronze:FollowUp","floor":23,"key":"SMITH"},{"data":"bronze:FollowUp","floor":35,"key":"SMITH"}],"circlet_count":0,"master_deck":["bronze:Strike","bronze:Defend","bronze:Defend","bronze:Defend","bronze:Defend","bronze:Replicate","bronze:Goto","bronze:FollowUp+1","bronze:DigitalCarnage","bronze:Branch","bronze:Flail","bronze:Repair","expansioncontent:QuickStudy","bronze:Assembly","bronze:Verify+1","bronze:Iterate+1","bronze:Branch+1","bronze:DelayedSlice+1","bronze:RecursiveStrike","bronze:FollowUp+1","bronze:Iterate+1","bronze:Branch+1","bronze:FineTuning+1","expansioncontent:GuardianWhirl"],"relics":["bronze:BronzeCore","downfall:HeartsMalice","hubris:Metronome","Odd Mushroom","Philosopher\u0027s Stone","downfall:HeartBlessingRed","downfall:HeartBlessingBlue","Vajra","hubris:SlimyHat","hubris:64BitClover","Pen Nib","Smiling Mask","hubris:Stopwatch","hubris:TinFlute","HandDrill","Mercury Hourglass","Juzu Bracelet","sneckomod:BlankCard"],"acts_visited":["Exordium","TheCity","TheBeyond"],"potions_floor_usage":[16,19,28],"damage_taken":[{"damage":0,"enemies":"Cultist","floor":2,"turns":1},{"damage":0,"enemies":"2 Louse","floor":3,"turns":1},{"damage":0,"enemies":"Small Slimes","floor":4,"turns":1},{"damage":5,"enemies":"downfall:FleeingMerchant","floor":5,"turns":4},{"damage":7,"enemies":"Blue Slaver","floor":8,"turns":2},{"damage":11,"enemies":"Lagavulin","floor":10,"turns":5},{"damage":13,"enemies":"downfall:FleeingMerchant","floor":11,"turns":4},{"damage":0,"enemies":"Red Slaver","floor":12,"turns":2},{"damage":0,"enemies":"2 Fungi Beasts","floor":13,"turns":2},{"damage":8,"enemies":"The Mushroom Lair","floor":14,"turns":3},{"damage":12,"enemies":"Large Slime","floor":15,"turns":3},{"damage":17,"enemies":"IC_STATUS_ARCHETYPE","floor":16,"turns":3},{"damage":0,"enemies":"3 Byrds","floor":19,"turns":2},{"damage":7,"enemies":"downfall:FleeingMerchant","floor":20,"turns":3},{"damage":2,"enemies":"Chosen","floor":21,"turns":3},{"damage":13,"enemies":"Centurion and Healer","floor":22,"turns":3},{"damage":0,"enemies":"Snake Plant","floor":25,"turns":1},{"damage":54,"enemies":"Slavers","floor":26,"turns":5},{"damage":17,"enemies":"Book of Stabbing","floor":28,"turns":3},{"damage":8,"enemies":"Gremlin Leader","floor":31,"turns":3},{"damage":0,"enemies":"Shelled Parasite and Fungi","floor":32,"turns":2},{"damage":29,"enemies":"WA_ARCHETYPE_CALM","floor":33,"turns":7},{"damage":0,"enemies":"3 Darklings","floor":36,"turns":2},{"damage":0,"enemies":"Orb Walker","floor":39,"turns":1},{"damage":0,"enemies":"Spire Growth","floor":40,"turns":1},{"damage":0,"enemies":"4 Shapes","floor":42,"turns":3},{"damage":1,"enemies":"3 Darklings","floor":43,"turns":2},{"damage":0,"enemies":"Giant Head","floor":44,"turns":5},{"damage":0,"enemies":"Reptomancer","floor":46,"turns":1}],"seed_played":"8559647621703914558","potions_obtained":[{"floor":8,"key":"Swift Potion"},{"floor":10,"key":"Ancient Potion"},{"floor":12,"key":"Swift Potion"},{"floor":14,"key":"FearPotion"},{"floor":16,"key":"Strength Potion"},{"floor":19,"key":"LiquidMemories"},{"floor":21,"key":"Strength Potion"},{"floor":26,"key":"ColorlessPotion"},{"floor":32,"key":"FearPotion"}],"is_trial":false,"path_per_floor":["R","M","M","M","$","?","T","M","?","E","$","M","M","?","M","B",null,"R","M","$","M","M","R","T","M","E","?","E","?","?","E","M","B",null,"R","M","T","$","M","M","T","M","M","E","?","E"],"character_chosen":"THE_AUTOMATON","items_purchased":["expansioncontent:QuickStudy","Vajra","HandDrill"],"campfire_rested":0,"item_purchase_floors":[11,20,38],"current_hp_per_floor":[70,70,70,70,65,65,65,58,58,47,34,41,41,33,28,11,70,80,80,73,78,72,72,72,72,25,51,41,41,41,33,33,11,80,80,80,80,80,80,80,80,80,80,80,70,70,70,70],"gold":463,"neow_bonus":"THREE_ENEMY_KILL","is_daily":false,"chose_seed":false,"campfire_upgraded":3,"win_rate":0.0,"timestamp":1611140637,"path_taken":["R","M","M","M","?","?","T","?","?","E","$","M","?","?","M","BOSS","R","M","$","M","M","R","T","M","E","?","E","?","?","E","M","BOSS","R","M","?","$","?","M","T","M","M","E","?","E"],"items_purchased_type":["Card","Relic","Relic"],"build_version":"2020-12-22","purchased_purges":4,"victory":false,"max_hp_per_floor":[70,70,70,70,70,70,70,70,70,70,70,70,70,70,70,70,70,80,80,80,80,80,80,80,80,80,80,80,80,80,80,80,80,80,80,80,80,80,80,80,80,80,80,80,80,80,80,80],"card_choices":[{"not_picked":["bronze:Deprecate","bronze:Turbo"],"picked":"bronze:FollowUp","floor":2},{"not_picked":["bronze:DelayedGuard","bronze:Repulsor","bronze:WildBeam"],"picked":"SKIP","floor":3},{"not_picked":["bronze:BitShift","bronze:WhirlingStrike","bronze:ShipIt"],"picked":"SKIP","floor":4},{"not_picked":["bronze:Invalidate","bronze:DelayedGuard"],"picked":"bronze:DigitalCarnage","floor":5},{"not_picked":["bronze:ItsAFeature","bronze:FineTuning"],"picked":"bronze:Branch","floor":8},{"not_picked":["bronze:NullPointer","bronze:CloningBeam"],"picked":"bronze:Flail","floor":10},{"not_picked":["bronze:Branch","bronze:DelayedGuard"],"picked":"bronze:Repair","floor":11},{"not_picked":["bronze:CutThrough","bronze:FineTuning","bronze:Overload"],"picked":"SKIP","floor":12},{"not_picked":["bronze:DelayedSlice","bronze:CutThrough","bronze:BuggyMess"],"picked":"SKIP","floor":13},{"not_picked":["bronze:BronzeArmor","bronze:Separator"],"picked":"bronze:Assembly","floor":15},{"not_picked":["bronze:Virus","bronze:CleanCode"],"picked":"bronze:Verify","floor":16},{"not_picked":["bronze:Return+1","bronze:FineTuning"],"picked":"bronze:Iterate+1","floor":19},{"not_picked":["bronze:WildBeam","bronze:BugBarrage"],"picked":"bronze:Branch+1","floor":20},{"not_picked":["bronze:ForceShield","bronze:OilSpill"],"picked":"bronze:DelayedSlice+1","floor":21},{"not_picked":["bronze:Frontload","bronze:FineTuning"],"picked":"bronze:RecursiveStrike","floor":22},{"not_picked":["bronze:Shield","bronze:Repair"],"picked":"bronze:FollowUp","floor":25},{"not_picked":["bronze:CloningBeam","bronze:Constructor","bronze:Overheat"],"picked":"SKIP","floor":26},{"not_picked":["bronze:DigitalCarnage","bronze:WildBeam","bronze:Overheat+1"],"picked":"SKIP","floor":28},{"not_picked":["bronze:Separator","bronze:WhirlingStrike+1","bronze:DigitalCarnage"],"picked":"SKIP","floor":31},{"not_picked":["bronze:Constructor","bronze:BuggyMess"],"picked":"bronze:Iterate+1","floor":32},{"not_picked":["bronze:Overheat","bronze:Deprecate+1","bronze:OilSpill"],"picked":"SKIP","floor":36},{"not_picked":["bronze:Frontload","bronze:WhirlingStrike+1"],"picked":"bronze:Branch+1","floor":39},{"not_picked":["bronze:Turbo+1","bronze:Return","bronze:ChildClass"],"picked":"SKIP","floor":40},{"not_picked":["bronze:Invalidate+1","bronze:Safeguard+1","bronze:Philosophize+1"],"picked":"SKIP","floor":42},{"not_picked":["bronze:BuggyMess","bronze:ChildClass"],"picked":"bronze:FineTuning+1","floor":43},{"not_picked":["bronze:HyperBeam","bronze:CutThrough","bronze:Turbo+1"],"picked":"SKIP","floor":44},{"not_picked":["expansioncontent:PolyBeam","expansioncontent:PrepareCrush"],"picked":"expansioncontent:GuardianWhirl","floor":45}],"player_experience":733527,"relics_obtained":[{"floor":10,"key":"hubris:Metronome"},{"floor":14,"key":"Odd Mushroom"},{"floor":24,"key":"hubris:SlimyHat"},{"floor":26,"key":"hubris:64BitClover"},{"floor":28,"key":"Pen Nib"},{"floor":31,"key":"Smiling Mask"},{"floor":37,"key":"hubris:TinFlute"},{"floor":41,"key":"Mercury Hourglass"},{"floor":43,"key":"Juzu Bracelet"},{"floor":44,"key":"sneckomod:BlankCard"}],"event_choices":[{"damage_healed":0,"gold_gain":100,"player_choice":"Gold","damage_taken":0,"max_hp_gain":0,"max_hp_loss":0,"event_name":"Wheel of Change","floor":6,"gold_loss":0},{"damage_healed":0,"gold_gain":0,"player_choice":"Fought Mushrooms","damage_taken":0,"max_hp_gain":0,"max_hp_loss":0,"event_name":"Mushrooms","floor":14,"gold_loss":0},{"damage_healed":26,"gold_gain":0,"player_choice":"Heal","damage_taken":0,"max_hp_gain":0,"max_hp_loss":0,"event_name":"The Library","floor":27,"gold_loss":0},{"damage_healed":0,"gold_gain":0,"player_choice":"Ignored","damage_taken":0,"max_hp_gain":0,"max_hp_loss":0,"event_name":"Ghosts","floor":29,"gold_loss":0}],"is_beta":false,"boss_relics":[{"not_picked":["hubris:Backtick","sneckomod:SneckoTalon"],"picked":"Philosopher\u0027s Stone"},{"not_picked":["hubris:HollowSoul","Snecko Eye"],"picked":"hubris:Stopwatch"}],"items_purged_floors":[5,11,20,38],"is_endless":false,"potions_floor_spawned":[8,10,12,13,14,15,16,19,21,26,32,36,40],"killed_by":"Reptomancer","ascension_level":1}}