{"host":"l60rmjjsfi0fipmi","time":1611186227,"event":{"mods":["BaseMod","Colored Map","DeckTracker","Highlight Path","Minty Spire (QoL Compilation)","StSLib","The Cursed","The Servant 0.9.4"],"gold_per_floor":[111,126,141,154,62,77,88,13,13,13,41,7,7,7,7,7,7],"floor_reached":16,"language":"ENG","playtime":805,"items_purged":[],"score":117,"play_id":"c476b46b-07b1-4cef-bcad-2d5dd35f4b32","local_time":"20210120184347","is_ascension_mode":true,"campfire_choices":[{"floor":10,"key":"REST"},{"floor":13,"key":"REST"},{"floor":15,"key":"REST"}],"circlet_count":0,"master_deck":["Strike_P","Strike_P","Strike_P","Strike_P","Defend_P","Defend_P","Defend_P","Defend_P","Eruption","Vigilance","Trip+1","EmptyFist","Consecrate","BowlingBash","SashWhip","LikeWater","FlurryOfBlows","InnerPeace","Wallop","LessonLearned","Halt"],"relics":["PureWater","Blue Candle","Bird Faced Urn"],"acts_visited":["Exordium"],"potions_floor_usage":[11],"damage_taken":[{"damage":4,"enemies":"2 Louse","floor":1,"turns":3},{"damage":7,"enemies":"Small Slimes","floor":2,"turns":4},{"damage":0,"enemies":"Cultist","floor":3,"turns":3},{"damage":4,"enemies":"2 Fungi Beasts","floor":4,"turns":3},{"damage":11,"enemies":"Lots of Slimes","floor":6,"turns":4},{"damage":6,"enemies":"Looter","floor":7,"turns":3},{"damage":42,"enemies":"Gremlin Nob","floor":11,"turns":6},{"damage":63,"enemies":"The Guardian","floor":16,"turns":9}],"seed_played":"-6872166231759745260","potions_obtained":[{"floor":2,"key":"PowerPotion"},{"floor":3,"key":"Ancient Potion"},{"floor":7,"key":"SteroidPotion"}],"is_trial":false,"path_per_floor":["M","M","M","M","$","M","M","$","T","R","E","?","R","?","R","B"],"character_chosen":"WATCHER","items_purchased":["LikeWater","FlurryOfBlows","LessonLearned"],"campfire_rested":3,"item_purchase_floors":[5,5,8],"current_hp_per_floor":[68,61,61,57,57,46,40,40,40,61,19,19,40,40,61,0,0],"gold":7,"neow_bonus":"RANDOM_COLORLESS","is_daily":false,"chose_seed":false,"campfire_upgraded":0,"win_rate":0.0,"timestamp":1611186227,"path_taken":["M","M","M","M","$","M","M","$","T","R","E","?","R","?","R","BOSS"],"items_purchased_type":["Card","Card","Card"],"build_version":"2020-12-22","purchased_purges":0,"victory":false,"max_hp_per_floor":[72,72,72,72,72,72,72,72,72,72,72,72,72,72,72,72,72],"card_choices":[{"not_picked":["Purity","Enlightenment"],"picked":"Trip","floor":0},{"not_picked":["ThirdEye","Halt"],"picked":"EmptyFist","floor":1},{"not_picked":["Collect","Perseverance"],"picked":"Consecrate","floor":2},{"not_picked":["Consecrate","Evaluate"],"picked":"BowlingBash","floor":3},{"not_picked":["Prostrate","ClearTheMind"],"picked":"SashWhip","floor":4},{"not_picked":["PathToVictory","SashWhip"],"picked":"InnerPeace","floor":6},{"not_picked":["Sanctity","ForeignInfluence"],"picked":"Wallop","floor":7},{"not_picked":["Prostrate","Ragnarok"],"picked":"Halt","floor":11}],"player_experience":524318,"relics_obtained":[{"floor":9,"key":"Blue Candle"},{"floor":11,"key":"Bird Faced Urn"}],"event_choices":[{"damage_healed":0,"gold_gain":0,"player_choice":"Left Gold","damage_taken":0,"max_hp_gain":0,"max_hp_loss":0,"event_name":"World of Goop","floor":12,"gold_loss":34},{"damage_healed":0,"gold_gain":0,"player_choice":"Grow","damage_taken":0,"max_hp_gain":0,"max_hp_loss":0,"event_name":"Living Wall","floor":14,"gold_loss":0,"cards_upgraded":["Trip"]}],"is_beta":false,"boss_relics":[],"items_purged_floors":[],"is_endless":false,"potions_floor_spawned":[2,3,7],"killed_by":"The Guardian","ascension_level":3}}