{"host":"rolltorest","time":1611183872,"event":{"mods":["BaseMod","Minty Spire (QoL Compilation)","Relic Stats","Slay the Relics Exporter","StSLib"],"gold_per_floor":[112,262,282,282,300,300,300,326,326,338,338,142,142,142],"floor_reached":13,"language":"ENG","playtime":296,"items_purged":["Strike_G"],"score":166,"play_id":"3b780657-7982-4d49-a213-f49c82a596a7","local_time":"20210120150432","is_ascension_mode":true,"campfire_choices":[{"data":"Predator","floor":6,"key":"SMITH"},{"data":"Blade Dance","floor":11,"key":"SMITH"}],"circlet_count":0,"master_deck":["AscendersBane","Strike_G","Strike_G","Strike_G","Strike_G","Defend_G","Defend_G","Defend_G","Defend_G","Defend_G","Survivor","Neutralize","Poisoned Stab","Doubt","Predator+1","Blade Dance+1","Dodge and Roll","Blade Dance","Footwork","Blur"],"relics":["Black Star","Kunai","Eternal Feather","Singing Bowl","InkBottle"],"acts_visited":["Exordium"],"potions_floor_usage":[8],"damage_taken":[{"damage":1,"enemies":"2 Louse","floor":1,"turns":4},{"damage":2,"enemies":"Jaw Worm","floor":3,"turns":6},{"damage":0,"enemies":"Cultist","floor":5,"turns":3},{"damage":34,"enemies":"Gremlin Nob","floor":8,"turns":4},{"damage":0,"enemies":"Exordium Wildlife","floor":10,"turns":4},{"damage":24,"enemies":"Lagavulin","floor":13,"turns":11}],"seed_played":"-1760320715123017800","potions_obtained":[{"floor":3,"key":"Fire Potion"}],"is_trial":false,"path_per_floor":["M","?","M","?","M","R","T","E","T","M","R","$","E"],"character_chosen":"THE_SILENT","items_purchased":["Footwork","Blur"],"campfire_rested":0,"item_purchase_floors":[12,12],"current_hp_per_floor":[58,58,56,61,61,61,61,27,27,27,36,36,12,12],"gold":142,"neow_bonus":"BOSS_RELIC","is_daily":false,"chose_seed":false,"campfire_upgraded":2,"win_rate":0.0,"timestamp":1611183872,"path_taken":["M","?","M","?","M","R","?","E","T","M","R","$","E"],"items_purchased_type":["Card","Card"],"build_version":"2020-12-18","purchased_purges":1,"victory":false,"max_hp_per_floor":[66,66,66,71,71,71,71,71,71,71,71,71,71,71],"relic_stats":{"Singing Bowl":0,"counters":[6,32],"Eternal Feather":9,"Black Star":1,"Kunai":[10],"obtain_stats":[{"Singing Bowl":8,"Eternal Feather":8,"Black Star":0,"Kunai":7,"InkBottle":9,"Ring of the Snake":0},{"Singing Bowl":4,"Eternal Feather":4,"Black Star":0,"Kunai":3,"InkBottle":4,"Ring of the Snake":0},{"Singing Bowl":17,"Eternal Feather":17,"Black Star":0,"Kunai":13,"InkBottle":17,"Ring of the Snake":0}],"InkBottle":[6]},"card_choices":[{"not_picked":["PiercingWail","Blur"],"picked":"Poisoned Stab","floor":1},{"not_picked":["Dagger Spray","Deflect"],"picked":"Predator","floor":3},{"not_picked":["Prepared","Dodge and Roll"],"picked":"Blade Dance","floor":5},{"not_picked":["Finisher","Slice"],"picked":"Dodge and Roll","floor":8},{"not_picked":["Escape Plan","Dagger Throw"],"picked":"Blade Dance","floor":10}],"player_experience":1744822,"relics_obtained":[{"floor":7,"key":"Kunai"},{"floor":8,"key":"Eternal Feather"},{"floor":8,"key":"Singing Bowl"},{"floor":9,"key":"InkBottle"}],"event_choices":[{"damage_healed":0,"gold_gain":150,"player_choice":"AGREE","damage_taken":0,"max_hp_gain":0,"max_hp_loss":0,"event_name":"Liars Game","floor":2,"gold_loss":0,"cards_obtained":["Doubt"]},{"damage_healed":0,"gold_gain":0,"player_choice":"Donut","damage_taken":0,"max_hp_gain":5,"max_hp_loss":0,"event_name":"Big Fish","floor":4,"gold_loss":0}],"is_beta":true,"boss_relics":[],"items_purged_floors":[12],"is_endless":false,"potions_floor_spawned":[3],"killed_by":"Lagavulin","ascension_level":20}}