{"host":"znvnxllcillb3rtw","time":1611148408,"event":{"mods":["Arknights The Spire","BaseMod","DeckTracker","Minty Spire (QoL Compilation)","Relic Stats","StSLib","SuperFastMode","everything is the same but u backflip on backflip"],"gold_per_floor":[117,136,152,164,164,191,191,191,216,247,247,261,336,350,350,454,454,467,479,86,86,6,6,22,50,98,109,109,109,121,139,139,237,237,249,249,268,268,268],"floor_reached":38,"language":"KOR","playtime":2122,"items_purged":["ats:Strike V","ats:Strike C"],"score":408,"play_id":"37970dd9-6854-4be0-aacc-69734cfd190d","local_time":"20210120221328","is_ascension_mode":false,"campfire_choices":[{"data":"ats:Neurotoxin","floor":7,"key":"SMITH"},{"data":"ats:Thorns","floor":11,"key":"SMITH"},{"data":"ats:Mental Burst","floor":15,"key":"SMITH"},{"data":"ats:Demon Strength","floor":23,"key":"SMITH"},{"data":"ats:Calcification","floor":28,"key":"SMITH"},{"floor":32,"key":"REST"}],"circlet_count":0,"master_deck":["ats:Armor Crushing Shot","ats:Defend","ats:Defend","ats:Defend","ats:Defend","ats:Emotion Absorption+1","ats:Consecutive Shot Auto","ats:Powerful Strike","ats:Mental Burst+1","ats:Neurotoxin+1","ats:Thorns+1","ats:Healing Strengthening","ats:Charging Defense","ats:Roar Of Ursus","ats:Assault Order","ats:Poison Spread+1","ats:Calcification+1","ats:Burning Ground","ats:Demon Strength+1","ats:Echo Reverb","ats:Apocalypse+1","ats:Chain Hook+1"],"relics":["ats:Sanity Plus","ats:Originium","Ancient Tea Set","Anchor","Oddly Smooth Stone","The Courier","SacredBark","TheAbacus","Lantern","ats:Hidden Killer","Singing Bowl"],"acts_visited":["Exordium","TheCity","TheBeyond"],"potions_floor_usage":[16,24,25,27,38,38],"damage_taken":[{"damage":0,"enemies":"Cultist","floor":1,"turns":3},{"damage":1,"enemies":"Jaw Worm","floor":2,"turns":4},{"damage":0,"enemies":"2 Louse","floor":3,"turns":2},{"damage":5,"enemies":"Looter","floor":4,"turns":2},{"damage":14,"enemies":"Gremlin Nob","floor":6,"turns":3},{"damage":12,"enemies":"Lagavulin","floor":10,"turns":5},{"damage":6,"enemies":"Exordium Thugs","floor":12,"turns":3},{"damage":0,"enemies":"Blue Slaver","floor":14,"turns":3},{"damage":12,"enemies":"The Guardian","floor":16,"turns":9},{"damage":18,"enemies":"Spheric Guardian","floor":18,"turns":7},{"damage":6,"enemies":"Shell Parasite","floor":19,"turns":5},{"damage":27,"enemies":"Shelled Parasite and Fungi","floor":24,"turns":6},{"damage":45,"enemies":"Book of Stabbing","floor":25,"turns":4},{"damage":20,"enemies":"3 Cultists","floor":27,"turns":4},{"damage":13,"enemies":"Centurion and Healer","floor":30,"turns":8},{"damage":14,"enemies":"Snake Plant","floor":31,"turns":3},{"damage":16,"enemies":"Champ","floor":33,"turns":13},{"damage":41,"enemies":"Orb Walker","floor":35,"turns":5},{"damage":39,"enemies":"3 Darklings","floor":37,"turns":6},{"damage":32,"enemies":"Spire Growth","floor":38,"turns":3}],"seed_played":"-7295890228211737959","potions_obtained":[{"floor":2,"key":"Regen Potion"},{"floor":3,"key":"ats:Emergency Sanity Potion"},{"floor":4,"key":"Regen Potion"},{"floor":19,"key":"Weak Potion"},{"floor":27,"key":"SkillPotion"},{"floor":33,"key":"Fire Potion"},{"floor":37,"key":"ColorlessPotion"}],"is_trial":false,"path_per_floor":["M","M","M","M","?","E","R","?","T","E","R","M","?","M","R","B",null,"M","M","$","?","$","R","M","E","T","M","R","T","M","M","R","B",null,"M","?","M","M"],"character_chosen":"DOCTOR_CLASS","items_purchased":["TheAbacus","ats:Calcification","ats:Burning Ground","ats:Demon Strength"],"campfire_rested":1,"item_purchase_floors":[20,20,20,20],"current_hp_per_floor":[72,71,71,66,59,45,45,42,42,30,30,24,13,13,13,1,72,54,48,48,48,48,48,69,25,25,32,32,32,24,13,35,25,76,35,35,10,0,0],"gold":268,"neow_bonus":"UPGRADE_CARD","is_daily":false,"chose_seed":false,"campfire_upgraded":5,"win_rate":0.0,"timestamp":1611148408,"path_taken":["M","M","M","M","?","E","R","?","T","E","R","M","?","M","R","BOSS","M","M","$","?","?","R","M","E","T","M","R","?","M","?","R","BOSS","M","?","M","M"],"items_purchased_type":["Relic","Card","Card","Card"],"build_version":"2020-12-22","purchased_purges":2,"victory":false,"max_hp_per_floor":[72,72,72,72,72,72,72,72,72,72,72,72,72,72,72,72,72,72,72,72,72,72,72,72,72,72,72,72,72,74,76,76,76,76,76,76,76,76,76],"relic_stats":{"TheAbacus":[66],"Singing Bowl":4,"counters":[20,97],"obtain_stats":[{"Anchor":8,"Lantern":25,"TheAbacus":20,"ats:Sanity Plus":34,"ats:Originium":6,"Singing Bowl":29,"SacredBark":17,"ats:Hidden Killer":26,"Oddly Smooth Stone":9,"The Courier":10,"ats:Sanity":0,"Ancient Tea Set":6},{"Anchor":5,"Lantern":13,"TheAbacus":11,"ats:Sanity Plus":17,"ats:Originium":5,"Singing Bowl":14,"SacredBark":9,"ats:Hidden Killer":13,"Oddly Smooth Stone":5,"The Courier":6,"ats:Sanity":0,"Ancient Tea Set":5},{"Anchor":14,"Lantern":56,"TheAbacus":46,"ats:Sanity Plus":83,"ats:Originium":14,"Singing Bowl":59,"SacredBark":34,"ats:Hidden Killer":56,"Oddly Smooth Stone":14,"The Courier":19,"ats:Sanity":0,"Ancient Tea Set":14}]},"card_choices":[{"not_picked":["ats:Revitalization","ats:Composite Medical Shells"],"picked":"ats:Consecutive Shot Auto","floor":1},{"not_picked":["ats:Revitalization","ats:Directed Diagnosis"],"picked":"ats:Powerful Strike","floor":2},{"not_picked":["ats:Poison Spread","ats:Childhood Dance"],"picked":"ats:Mental Burst","floor":3},{"not_picked":["ats:Poison Spread","ats:Guardian Obelisk"],"picked":"ats:Neurotoxin","floor":4},{"not_picked":["ats:Magnetic Hammer","ats:Composite Medical Shells","ats:Revitalization"],"picked":"SKIP","floor":6},{"not_picked":["ats:Consecutive Shot Auto","ats:Neurotoxin"],"picked":"ats:Thorns","floor":10},{"not_picked":["ats:Leaping Hammer","ats:Overload"],"picked":"ats:Healing Strengthening","floor":12},{"not_picked":["ats:Hammer On","ats:Leaping Hammer"],"picked":"ats:Charging Defense","floor":14},{"not_picked":["ats:Wolf Pack","ats:Volcano"],"picked":"ats:Roar Of Ursus","floor":16},{"not_picked":["ats:Mental Burst","ats:Cat Scratch"],"picked":"ats:Assault Order","floor":18},{"not_picked":["ats:Flame Of Heaven","ats:Explosion Area Strengthen"],"picked":"ats:Poison Spread+1","floor":19},{"not_picked":["ats:Flame Of Heaven","ats:Composite Medical Shells+1","ats:Closed Bolt Burst Fire"],"picked":"SKIP","floor":24},{"not_picked":["ats:Fractured Body","ats:Ignite","ats:Curse Doll"],"picked":"SKIP","floor":25},{"not_picked":["ats:Flexible Camouflage","ats:Cat Scratch","ats:Soul Absorption"],"picked":"SKIP","floor":27},{"not_picked":["ats:Explosion Area Strengthen","ats:Cat Scratch","ats:Hammer On"],"picked":"Singing Bowl","floor":30},{"not_picked":["ats:Flexible Camouflage","ats:Ignite","ats:Assault Order"],"picked":"Singing Bowl","floor":31},{"not_picked":["ats:Rat Pack","ats:Volcano"],"picked":"ats:Echo Reverb","floor":33},{"not_picked":["ats:Explosion Area Strengthen","ats:Consecutive Shot Auto"],"picked":"ats:Apocalypse+1","floor":35},{"not_picked":["ats:Assault Order","ats:Leaping Hammer"],"picked":"ats:Chain Hook+1","floor":37}],"player_experience":2888588,"relics_obtained":[{"floor":6,"key":"ats:Originium"},{"floor":6,"key":"Ancient Tea Set"},{"floor":9,"key":"Oddly Smooth Stone"},{"floor":10,"key":"ats:Originium"},{"floor":10,"key":"The Courier"},{"floor":25,"key":"ats:Originium"},{"floor":25,"key":"Lantern"},{"floor":26,"key":"ats:Hidden Killer"},{"floor":29,"key":"Singing Bowl"}],"event_choices":[{"cards_removed":["ats:Strike G"],"damage_healed":0,"gold_gain":0,"player_choice":"Card Removal","damage_taken":7,"max_hp_gain":0,"max_hp_loss":0,"event_name":"Golden Wing","floor":5,"gold_loss":0},{"damage_healed":0,"gold_gain":0,"player_choice":"Success","damage_taken":3,"relics_obtained":["Anchor"],"max_hp_gain":0,"max_hp_loss":0,"event_name":"Scrap Ooze","floor":8,"gold_loss":0},{"damage_healed":0,"gold_gain":75,"player_choice":"Gather Gold","damage_taken":11,"max_hp_gain":0,"max_hp_loss":0,"event_name":"World of Goop","floor":13,"gold_loss":0},{"cards_removed":["ats:Strike S"],"damage_healed":0,"gold_gain":0,"player_choice":"Card Removal","damage_taken":0,"max_hp_gain":0,"max_hp_loss":0,"event_name":"Wheel of Change","floor":21,"gold_loss":0},{"damage_healed":0,"gold_gain":0,"player_choice":"Ignored","damage_taken":0,"max_hp_gain":0,"max_hp_loss":0,"event_name":"Mysterious Sphere","floor":36,"gold_loss":0}],"is_beta":false,"boss_relics":[{"not_picked":["Calling Bell","Velvet Choker"],"picked":"SacredBark"},{"not_picked":["Pandora\u0027s Box","Black Star"],"picked":"ats:Sanity Plus"}],"items_purged_floors":[20,22],"is_endless":false,"potions_floor_spawned":[2,3,4,12,19,27,33,37],"killed_by":"Spire Growth","ascension_level":0}}