{"host":"eejrqhjknvwl59ep","time":1611151658,"event":{"mods":["AchievementEnabler","BaseMod","Defuse TimeMaze Blight","Hubris","Infinite Spire","Minty Spire (QoL Compilation)","StSLib"],"gold_per_floor":[115,132,145,161,175,210,210],"floor_reached":6,"language":"ENG","playtime":264,"items_purged":[],"score":50,"play_id":"440d2491-fe07-416a-b8bc-ad11fc5afee0","local_time":"20210120150738","is_ascension_mode":false,"campfire_choices":[],"circlet_count":0,"master_deck":["Strike_P","Strike_P","Strike_P","Strike_P","Defend_P","Defend_P","Defend_P","Defend_P","Eruption","Vigilance","CrushJoints","ThirdEye","InnerPeace","WreathOfFlame"],"relics":["PureWater","NeowsBlessing","infinitespire:Eraser"],"acts_visited":["Exordium"],"potions_floor_usage":[],"damage_taken":[{"damage":0,"enemies":"infinitespire:Voidling","floor":1,"turns":1},{"damage":0,"enemies":"Jaw Worm","floor":2,"turns":1},{"damage":0,"enemies":"Cultist","floor":3,"turns":1},{"damage":0,"enemies":"Exordium Wildlife","floor":4,"turns":3},{"damage":19,"enemies":"Blue Slaver","floor":5,"turns":4},{"damage":11,"enemies":"Gremlin Nob","floor":6,"turns":3}],"seed_played":"6297285528651866639","potions_obtained":[{"floor":4,"key":"Ancient Potion"},{"floor":5,"key":"Fire Potion"},{"floor":6,"key":"DistilledChaos"}],"is_trial":false,"path_per_floor":["M","M","M","M","M","E"],"character_chosen":"WATCHER","items_purchased":[],"campfire_rested":0,"item_purchase_floors":[],"current_hp_per_floor":[72,72,72,72,53,42,42],"gold":210,"neow_bonus":"THREE_ENEMY_KILL","is_daily":false,"chose_seed":false,"campfire_upgraded":0,"win_rate":0.0,"timestamp":1611151658,"path_taken":["M","?","M","M","M","E"],"items_purchased_type":[],"build_version":"2020-12-22","purchased_purges":0,"victory":false,"max_hp_per_floor":[72,72,72,72,72,72,72],"card_choices":[{"not_picked":["SandsOfTime","ForeignInfluence","Meditate"],"picked":"SKIP","floor":1},{"not_picked":["BowlingBash","WaveOfTheHand"],"picked":"CrushJoints","floor":2},{"not_picked":["BowlingBash","Worship"],"picked":"ThirdEye","floor":3},{"not_picked":["SignatureMove","Conclude","Collect"],"picked":"SKIP","floor":4},{"not_picked":["Crescendo","CrushJoints"],"picked":"InnerPeace","floor":5},{"not_picked":["Sanctity","Prostrate"],"picked":"WreathOfFlame","floor":6}],"player_experience":246578,"relics_obtained":[{"floor":6,"key":"infinitespire:Eraser"}],"event_choices":[],"is_beta":false,"boss_relics":[],"items_purged_floors":[],"is_endless":false,"potions_floor_spawned":[4,5,6],"killed_by":"Gremlin Nob","ascension_level":0}}