{"host":"nrxstibvl428zo7h","time":1611178851,"event":{"mods":["AchievementEnabler","BaseMod","Colored Map","Dark Map","Minty Spire (QoL Compilation)","StSLib"],"gold_per_floor":[113,113,113,123,136,136,62,62,62,15,45,145,161,179,179,280,280,297,309,309,309,324,356,356,373,373,373,405,405,440,456,456,555,555,573,573,573,588,588,603,636,117,143,158,158,173,193,204,204,204,204,204,31,31,31],"floor_reached":54,"language":"ENG","playtime":2255,"items_purged":[],"score":759,"play_id":"63c0a795-98ec-4391-916e-6655f46d4b46","local_time":"20210120134051","is_ascension_mode":false,"campfire_choices":[{"data":"Apotheosis","floor":6,"key":"SMITH"},{"floor":8,"key":"RECALL"},{"floor":15,"key":"REST"},{"data":"Ghostly","floor":27,"key":"SMITH"},{"data":"Ghostly","floor":29,"key":"SMITH"},{"floor":32,"key":"REST"},{"floor":45,"key":"REST"},{"floor":49,"key":"REST"},{"data":"Devotion","floor":52,"key":"SMITH"}],"circlet_count":0,"master_deck":["Strike_P","Strike_P","Strike_P","Strike_P","Defend_P","Defend_P","Defend_P","Defend_P","Eruption","Vigilance","Apotheosis+1","Worship","Evaluate","ReachHeaven","Brilliance","Consecrate","BattleHymn","FollowUp","Brilliance","Protect","FlyingSleeves","Ghostly+1","Ghostly+1","Ghostly","Ghostly","Ghostly","SignatureMove","Prostrate","DevaForm+1","Prostrate","CutThroughFate+1","Perseverance","DeceiveReality+1","Devotion+1","WindmillStrike+1","Madness","Madness","Prostrate","Thinking Ahead","Forethought","Dramatic Entrance","BowlingBash","Worship","Master of Strategy","Study","Study","Wallop+1","Protect","Parasite","ThirdEye"],"relics":["PureWater","Bag of Preparation","Gremlin Horn","Vajra","Sozu","Ancient Tea Set","Pear","Red Mask","Letter Opener","Philosopher\u0027s Stone","Shuriken","Pantograph","Damaru"],"acts_visited":["Exordium","TheCity","TheBeyond","TheEnding"],"potions_floor_usage":[],"damage_taken":[{"damage":3,"enemies":"Jaw Worm","floor":1,"turns":4},{"damage":0,"enemies":"Small Slimes","floor":4,"turns":5},{"damage":0,"enemies":"Cultist","floor":5,"turns":5},{"damage":2,"enemies":"Lagavulin","floor":11,"turns":6},{"damage":0,"enemies":"Blue Slaver","floor":13,"turns":4},{"damage":0,"enemies":"2 Fungi Beasts","floor":14,"turns":1},{"damage":18,"enemies":"Hexaghost","floor":16,"turns":6},{"damage":0,"enemies":"3 Byrds","floor":18,"turns":3},{"damage":2,"enemies":"Chosen","floor":19,"turns":4},{"damage":1,"enemies":"3 Cultists","floor":22,"turns":4},{"damage":3,"enemies":"Book of Stabbing","floor":23,"turns":6},{"damage":2,"enemies":"Shelled Parasite and Fungi","floor":25,"turns":6},{"damage":3,"enemies":"Masked Bandits","floor":28,"turns":3},{"damage":19,"enemies":"Gremlin Leader","floor":30,"turns":7},{"damage":1,"enemies":"Centurion and Healer","floor":31,"turns":4},{"damage":1,"enemies":"Champ","floor":33,"turns":9},{"damage":0,"enemies":"3 Shapes","floor":35,"turns":2},{"damage":0,"enemies":"Orb Walker","floor":38,"turns":3},{"damage":0,"enemies":"4 Shapes","floor":40,"turns":3},{"damage":4,"enemies":"Reptomancer","floor":41,"turns":5},{"damage":20,"enemies":"Transient","floor":44,"turns":5},{"damage":0,"enemies":"Jaw Worm Horde","floor":46,"turns":2},{"damage":2,"enemies":"Spire Growth","floor":47,"turns":5},{"damage":2,"enemies":"Writhing Mass","floor":48,"turns":5},{"damage":1,"enemies":"Awakened One","floor":50,"turns":10},{"damage":49,"enemies":"Shield and Spear","floor":54,"turns":2}],"seed_played":"833725083737884985","potions_obtained":[{"floor":4,"key":"BlessingOfTheForge"},{"floor":13,"key":"Weak Potion"},{"floor":14,"key":"Regen Potion"}],"is_trial":false,"path_per_floor":["M","?","?","M","M","R","$","R","T","$","E","?","M","M","R","B",null,"M","M","?","?","M","E","?","M","T","R","?","R","E","M","R","B",null,"M","?","?","M","?","M","E","$","T","M","R","M","M","M","R","B",null,"R","$","E"],"character_chosen":"WATCHER","items_purchased":["Brilliance","Consecrate","Pantograph","Master of Strategy","Study","Damaru","ThirdEye"],"campfire_rested":4,"item_purchase_floors":[7,10,42,42,42,53,53],"current_hp_per_floor":[62,62,50,50,50,50,50,50,50,50,48,48,48,48,65,47,65,65,63,32,32,31,28,28,26,36,36,33,33,14,13,25,24,42,42,37,37,37,27,27,23,23,23,3,15,15,13,11,23,41,42,42,42,0,0],"gold":31,"neow_bonus":"RANDOM_COLORLESS_2","is_daily":false,"chose_seed":false,"campfire_upgraded":4,"win_rate":0.0,"timestamp":1611178851,"path_taken":["M","?","?","M","M","R","$","R","T","$","E","?","?","M","R","BOSS","M","M","?","?","?","E","?","?","T","R","?","R","E","M","R","BOSS","M","?","?","?","?","M","E","$","T","M","R","M","M","M","R","BOSS","R","$","E"],"items_purchased_type":["Card","Card","Relic","Card","Card","Relic","Card"],"build_version":"2020-12-22","purchased_purges":0,"victory":false,"max_hp_per_floor":[65,65,65,65,65,65,65,65,65,65,65,65,65,65,65,65,65,65,65,32,32,32,32,32,32,42,42,42,42,42,42,42,42,42,42,42,42,42,42,42,42,42,42,42,42,42,42,42,42,42,42,42,42,42,42],"card_choices":[{"not_picked":["Sadistic Nature","Thinking Ahead"],"picked":"Apotheosis","floor":0},{"not_picked":["EmptyBody","WreathOfFlame"],"picked":"Worship","floor":1},{"not_picked":["EmptyBody","Protect"],"picked":"Evaluate","floor":4},{"not_picked":["Weave","Swivel"],"picked":"ReachHeaven","floor":5},{"not_picked":["WreathOfFlame","Halt"],"picked":"BattleHymn","floor":11},{"not_picked":["Consecrate","DeceiveReality"],"picked":"FollowUp","floor":13},{"not_picked":["JustLucky","WreathOfFlame","EmptyFist"],"picked":"SKIP","floor":14},{"not_picked":["Omniscience","DevaForm"],"picked":"Brilliance","floor":16},{"not_picked":["ThirdEye","FlyingSleeves"],"picked":"Protect","floor":18},{"not_picked":["JustLucky","Crescendo"],"picked":"FlyingSleeves","floor":19},{"not_picked":["SashWhip","FlyingSleeves"],"picked":"Prostrate","floor":22},{"not_picked":["BowlingBash","Meditate"],"picked":"DevaForm","floor":23},{"not_picked":["FearNoEvil","Indignation"],"picked":"Prostrate","floor":25},{"not_picked":["Crescendo","SignatureMove"],"picked":"CutThroughFate+1","floor":28},{"not_picked":["Crescendo+1","Consecrate+1"],"picked":"Perseverance","floor":30},{"not_picked":["Evaluate","CrushJoints"],"picked":"DeceiveReality+1","floor":31},{"not_picked":["Scrawl","DeusExMachina"],"picked":"Devotion","floor":33},{"not_picked":["CrushJoints+1","SashWhip+1"],"picked":"WindmillStrike+1","floor":35},{"not_picked":["PathToVictory","EmptyMind"],"picked":"Prostrate","floor":38},{"not_picked":["Trip","Jack Of All Trades"],"picked":"Thinking Ahead","floor":39},{"not_picked":["Flash of Steel","Magnetism"],"picked":"Forethought","floor":39},{"not_picked":["Good Instincts","Swift Strike"],"picked":"Dramatic Entrance","floor":39},{"not_picked":["Crescendo+1","Protect"],"picked":"BowlingBash","floor":40},{"not_picked":["Study+1","BattleHymn"],"picked":"Worship","floor":41},{"not_picked":["PathToVictory","Halt+1"],"picked":"Study","floor":44},{"not_picked":["Evaluate","EmptyFist"],"picked":"Wallop+1","floor":46},{"not_picked":["Vengeance+1","SashWhip+1"],"picked":"Protect","floor":47},{"not_picked":["JustLucky","FlurryOfBlows+1","EmptyFist+1"],"picked":"SKIP","floor":48}],"player_experience":83449,"relics_obtained":[{"floor":9,"key":"Gremlin Horn"},{"floor":11,"key":"Vajra"},{"floor":23,"key":"Ancient Tea Set"},{"floor":26,"key":"Pear"},{"floor":28,"key":"Red Mask"},{"floor":30,"key":"Letter Opener"},{"floor":41,"key":"Shuriken"}],"event_choices":[{"damage_healed":0,"gold_gain":0,"player_choice":"Ignored","damage_taken":0,"max_hp_gain":0,"max_hp_loss":0,"event_name":"Golden Wing","floor":2,"gold_loss":0},{"damage_healed":0,"gold_gain":0,"player_choice":"Success","damage_taken":12,"relics_obtained":["Bag of Preparation"],"max_hp_gain":0,"max_hp_loss":0,"event_name":"Scrap Ooze","floor":3,"gold_loss":0},{"damage_healed":0,"gold_gain":100,"player_choice":"Gold","damage_taken":0,"max_hp_gain":0,"max_hp_loss":0,"event_name":"Wheel of Change","floor":12,"gold_loss":0},{"damage_healed":0,"gold_gain":0,"player_choice":"Became a Ghost","damage_taken":0,"max_hp_gain":0,"max_hp_loss":33,"event_name":"Ghosts","floor":20,"gold_loss":0,"cards_obtained":["Ghostly","Ghostly","Ghostly","Ghostly","Ghostly"]},{"damage_healed":0,"gold_gain":0,"player_choice":"Read","damage_taken":0,"max_hp_gain":0,"max_hp_loss":0,"event_name":"The Library","floor":21,"gold_loss":0,"cards_obtained":["SignatureMove"]},{"damage_healed":0,"gold_gain":0,"player_choice":"Upgraded","damage_taken":0,"max_hp_gain":0,"max_hp_loss":0,"event_name":"Upgrade Shrine","floor":24,"gold_loss":0,"cards_upgraded":["DevaForm"]},{"damage_healed":0,"gold_gain":0,"player_choice":"Fought Bandits","damage_taken":0,"max_hp_gain":0,"max_hp_loss":0,"event_name":"Masked Bandits","floor":28,"gold_loss":0},{"damage_healed":0,"gold_gain":0,"player_choice":"Embrace Madness","damage_taken":5,"max_hp_gain":0,"max_hp_loss":0,"event_name":"Winding Halls","floor":36,"gold_loss":0,"cards_obtained":["Madness","Madness"]},{"damage_healed":0,"gold_gain":0,"player_choice":"Bought 0 Potions","damage_taken":0,"max_hp_gain":0,"max_hp_loss":0,"event_name":"The Woman in Blue","floor":37,"gold_loss":0},{"damage_healed":0,"gold_gain":0,"player_choice":"Memory 3","damage_taken":10,"max_hp_gain":0,"max_hp_loss":0,"event_name":"SensoryStone","floor":39,"gold_loss":0}],"is_beta":false,"boss_relics":[{"not_picked":["SacredBark","Astrolabe"],"picked":"Sozu"},{"not_picked":["Calling Bell","Tiny House"],"picked":"Philosopher\u0027s Stone"}],"items_purged_floors":[],"is_endless":false,"potions_floor_spawned":[4,13,14,19,22,23,31,33,35,38,41,46],"killed_by":"Shield and Spear","ascension_level":0}}