{"host":"2qv44oxt58ptq59r","time":1611169586,"event":{"mods":["AchievementEnabler","BaseMod","Colored Powertips","Highlight Path","Minty Spire (QoL Compilation)","Permanent Neow","StSLib"],"gold_per_floor":[113,113,127,2,21,53,67,67,67,96,96,113,113,127,127,226,226,237,237,237,249,0,0,32,32,32,63,80,44,44,56,56,153,153,165,165,176,3,22,51,51,51,77,2,2,2,13,26,26,26,26,26,0,32,32],"floor_reached":56,"language":"ENG","playtime":8505,"items_purged":["Strike_R","Strike_R"],"score":1221,"play_id":"97bd7a45-268b-4924-bd42-14a689586566","local_time":"20210120190626","is_ascension_mode":true,"campfire_choices":[{"data":"Reaper","floor":8.0,"key":"SMITH"},{"data":"Bash","floor":11.0,"key":"SMITH"},{"data":"Shrug It Off","floor":15.0,"key":"SMITH"},{"data":"Demon Form","floor":23.0,"key":"SMITH"},{"floor":25.0,"key":"RECALL"},{"data":"Uppercut","floor":30.0,"key":"SMITH"},{"data":"Headbutt","floor":32.0,"key":"SMITH"},{"data":"Rage","floor":41.0,"key":"SMITH"},{"data":"Madness","floor":45.0,"key":"SMITH"},{"data":"Searing Blow+1","floor":49,"key":"SMITH"},{"data":"Searing Blow+2","floor":52,"key":"SMITH"}],"circlet_count":0,"master_deck":["Defend_R","Defend_R","Defend_R","Defend_R","Bash+1","Reaper+1","Feel No Pain+1","Headbutt+1","Carnage","Shrug It Off+1","Demon Form+1","Pommel Strike","Dropkick+1","Uppercut+1","Rampage+1","Impervious+1","Blood for Blood+1","Rage+1","Madness+1","Madness","Warcry+1","Searing Blow+3","Exhume"],"relics":["Burning Blood","Akabeko","Self Forming Clay","Gambling Chip","PreservedInsect","Busted Crown","Regal Pillow","Darkstone Periapt","Mercury Hourglass","Ornamental Fan","Astrolabe","Membership Card","Strawberry","Pen Nib","Anchor","Shuriken"],"acts_visited":["Exordium","TheCity","TheBeyond","TheEnding"],"potions_floor_usage":[48,55,55],"damage_taken":[{"damage":0.0,"enemies":"2 Louse","floor":1.0,"turns":3.0},{"damage":12.0,"enemies":"Cultist","floor":3.0,"turns":6.0},{"damage":8.0,"enemies":"Jaw Worm","floor":5.0,"turns":4.0},{"damage":14.0,"enemies":"3 Sentries","floor":6.0,"turns":13.0},{"damage":0.0,"enemies":"Large Slime","floor":7.0,"turns":3.0},{"damage":29.0,"enemies":"Gremlin Nob","floor":10.0,"turns":6.0},{"damage":8.0,"enemies":"Lots of Slimes","floor":12.0,"turns":5.0},{"damage":4.0,"enemies":"Blue Slaver","floor":14.0,"turns":5.0},{"damage":25.0,"enemies":"Slime Boss","floor":16.0,"turns":11.0},{"damage":19.0,"enemies":"2 Thieves","floor":18.0,"turns":4.0},{"damage":11.0,"enemies":"Shell Parasite","floor":21.0,"turns":3.0},{"damage":26.0,"enemies":"Book of Stabbing","floor":24.0,"turns":5.0},{"damage":30.0,"enemies":"Gremlin Leader","floor":27.0,"turns":7.0},{"damage":16.0,"enemies":"Shelled Parasite and Fungi","floor":28.0,"turns":5.0},{"damage":9.0,"enemies":"Centurion and Healer","floor":31.0,"turns":5.0},{"damage":88.0,"enemies":"Automaton","floor":33.0,"turns":9.0},{"damage":5.0,"enemies":"Orb Walker","floor":35.0,"turns":3.0},{"damage":12.0,"enemies":"3 Shapes","floor":37.0,"turns":3.0},{"damage":8.0,"enemies":"Spire Growth","floor":39.0,"turns":5.0},{"damage":42.0,"enemies":"Reptomancer","floor":40.0,"turns":8.0},{"damage":14.0,"enemies":"4 Shapes","floor":47.0,"turns":6.0},{"damage":3,"enemies":"Writhing Mass","floor":48,"turns":5},{"damage":64,"enemies":"Time Eater","floor":50,"turns":9},{"damage":24,"enemies":"Shield and Spear","floor":54,"turns":6},{"damage":150,"enemies":"The Heart","floor":55,"turns":10}],"seed_played":"4256584913303016932","potions_obtained":[{"floor":1.0,"key":"EssenceOfSteel"},{"floor":6.0,"key":"DuplicationPotion"},{"floor":10.0,"key":"BlessingOfTheForge"},{"floor":14.0,"key":"HeartOfIron"},{"floor":21.0,"key":"Weak Potion"},{"floor":24.0,"key":"ColorlessPotion"},{"floor":27.0,"key":"Weak Potion"},{"floor":33.0,"key":"SkillPotion"},{"floor":35.0,"key":"BloodPotion"},{"floor":37.0,"key":"HeartOfIron"},{"floor":46.0,"key":"FairyPotion"},{"floor":46.0,"key":"Swift Potion"},{"floor":48,"key":"SneckoOil"}],"is_trial":false,"path_per_floor":["M","?","M","$","M","E","M","R","T","E","R","M","T","M","R","B",null,"M","T","?","M","$","R","E","R","T","E","M","$","R","M","R","B",null,"M","?","M","$","M","E","R","?","T","$","R","?","M","M","R","B",null,"R","$","E","B",null],"character_chosen":"IRONCLAD","items_purchased":["Headbutt","Regal Pillow","Uppercut","Membership Card","Rage","Anchor","Dexterity Potion"],"campfire_rested":0,"item_purchase_floors":[4,22,29,38,38,44,53],"current_hp_per_floor":[80,80,78,78,78,80,80,80,80,64,64,71,71,80,80,80,80,76,76,61,56,56,56,49,49,49,61,61,61,61,80,80,14,85,85,85,85,85,83,64,64,52,52,52,52,70,92,92,92,64,92,92,92,74,9],"gold":32,"neow_bonus":"ONE_RANDOM_RARE_CARD","is_daily":false,"chose_seed":false,"campfire_upgraded":10,"win_rate":0.0,"timestamp":1611169586,"path_taken":["M","?","M","$","M","E","M","R","T","E","R","?","?","M","R","BOSS","M","?","?","M","$","R","E","R","T","E","M","$","R","M","R","BOSS","M","?","M","$","M","E","R","?","T","$","R","?","M","M","R","BOSS","R","$","E","BOSS"],"items_purchased_type":["Card","Relic","Card","Relic","Card","Relic","Potion"],"build_version":"2020-12-22","purchased_purges":2,"victory":true,"max_hp_per_floor":[80,80,80,80,80,80,80,80,80,80,80,80,80,80,80,80,80,80,80,85,85,85,85,85,85,85,85,85,85,85,85,85,85,85,85,85,85,85,85,92,92,92,92,92,92,92,92,92,92,92,92,92,92,92,92],"card_choices":[{"not_picked":["Clash","Evolve"],"picked":"Feel No Pain","floor":1.0},{"not_picked":["Searing Blow","True Grit","Hemokinesis"],"picked":"SKIP","floor":3.0},{"not_picked":["Armaments","Flex","Perfected Strike"],"picked":"SKIP","floor":5.0},{"not_picked":["Cleave","Ghostly Armor"],"picked":"Carnage","floor":6.0},{"not_picked":["Thunderclap","Second Wind","Rupture"],"picked":"SKIP","floor":7.0},{"not_picked":["Flex","Fire Breathing","Fiend Fire"],"picked":"SKIP","floor":10.0},{"not_picked":["Iron Wave","Shrug It Off","Wild Strike"],"picked":"SKIP","floor":12.0},{"not_picked":["Dropkick","Flex"],"picked":"Shrug It Off","floor":14.0},{"not_picked":["Corruption","Limit Break"],"picked":"Demon Form","floor":16.0},{"not_picked":["Anger"],"picked":"SKIP","floor":18.0},{"not_picked":["Wild Strike+1"],"picked":"SKIP","floor":21.0},{"not_picked":["Flame Barrier"],"picked":"SKIP","floor":24.0},{"not_picked":[],"picked":"Pommel Strike","floor":27.0},{"not_picked":[],"picked":"Dropkick+1","floor":28.0},{"not_picked":["Cleave"],"picked":"SKIP","floor":31.0},{"not_picked":["True Grit"],"picked":"SKIP","floor":35.0},{"not_picked":["Warcry"],"picked":"SKIP","floor":37.0},{"not_picked":["Flex"],"picked":"SKIP","floor":39.0},{"not_picked":["Anger+1"],"picked":"SKIP","floor":40.0},{"not_picked":[],"picked":"Warcry+1","floor":47.0},{"not_picked":[],"picked":"Searing Blow+1","floor":48},{"not_picked":[],"picked":"Exhume","floor":54}],"player_experience":5416286,"relics_obtained":[{"floor":6.0,"key":"Akabeko"},{"floor":9.0,"key":"Self Forming Clay"},{"floor":10.0,"key":"Gambling Chip"},{"floor":13.0,"key":"PreservedInsect"},{"floor":24.0,"key":"Darkstone Periapt"},{"floor":26.0,"key":"Mercury Hourglass"},{"floor":27.0,"key":"Ornamental Fan"},{"floor":40.0,"key":"Strawberry"},{"floor":43.0,"key":"Pen Nib"},{"floor":54,"key":"Shuriken"}],"event_choices":[{"damage_healed":0.0,"max_hp_gain":0.0,"max_hp_loss":0.0,"gold_gain":0.0,"event_name":"Upgrade Shrine","player_choice":"Upgraded","floor":2.0,"gold_loss":0.0,"damage_taken":0.0,"cards_upgraded":["Feel No Pain"]},{"damage_healed":0.0,"max_hp_gain":5.0,"max_hp_loss":0.0,"gold_gain":0.0,"event_name":"Forgotten Altar","player_choice":"Shed Blood","floor":20.0,"gold_loss":0.0,"damage_taken":20.0},{"damage_healed":0.0,"max_hp_gain":0.0,"max_hp_loss":0.0,"gold_gain":0.0,"event_name":"Tomb of Lord Red Mask","player_choice":"Ignored","floor":36.0,"gold_loss":0.0,"damage_taken":0.0},{"damage_healed":0.0,"max_hp_gain":0.0,"max_hp_loss":0.0,"gold_gain":0.0,"event_name":"Winding Halls","player_choice":"Embrace Madness","floor":42.0,"gold_loss":0.0,"damage_taken":12.0,"cards_obtained":["Madness","Madness"]},{"damage_healed":0.0,"max_hp_gain":0.0,"max_hp_loss":0.0,"gold_gain":0.0,"event_name":"Lab","player_choice":"Got Potions","floor":46.0,"gold_loss":0.0,"damage_taken":0.0}],"is_beta":false,"boss_relics":[{"not_picked":["Pandora\u0027s Box","Black Blood"],"picked":"Busted Crown"},{"not_picked":["Snecko Eye","Mark of Pain"],"picked":"Astrolabe"}],"items_purged_floors":[4,22],"is_endless":false,"potions_floor_spawned":[1,6,10,14,21,24,27,33,35,37,48,54],"ascension_level":1}}