{"host":"utcbn1j9ebmpc40m","time":1611155902,"event":{"mods":["BaseMod","Better Altar","Better Match","GifTheSpireLib","Minty Spire (QoL Compilation)","Poor People Problems","StSLib","SuperFastMode","The IronCluck","The Servant 0.9.4"],"gold_per_floor":[117,44,58,76,76,114,114,157,157,157,182,182,182,207,207,326,326,344,358,377,53,76,76,117,117,117],"floor_reached":25,"language":"ENG","playtime":445,"items_purged":["Injury"],"score":281,"play_id":"c85d9252-8547-402d-9eb0-98b2431c3220","local_time":"20210120101822","is_ascension_mode":false,"campfire_choices":[{"floor":7,"key":"REST"},{"floor":10,"key":"REST"},{"floor":15,"key":"REST"},{"floor":23,"key":"REST"}],"circlet_count":0,"master_deck":["Strike_B","Strike_B","Strike_B","Strike_B+1","Defend_B","Defend_B","Defend_B","Defend_B","Zap+1","Dualcast","Barrage","White Noise","Storm","Melter","FTL+1","Cold Snap","Capacitor","Rebound","Biased Cognition","Rebound+1","Conserve Battery+1","Sweeping Beam+1","The Bomb","Capacitor","Hologram+1"],"relics":["Cracked Core","Golden Idol","DataDisk","Question Card","Shuriken","Lantern","Tiny Chest","SlaversCollar","Whetstone","Akabeko"],"acts_visited":["Exordium","TheCity"],"potions_floor_usage":[6,16,24],"damage_taken":[{"damage":2,"enemies":"Small Slimes","floor":1,"turns":2},{"damage":5,"enemies":"Jaw Worm","floor":3,"turns":4},{"damage":1,"enemies":"Cultist","floor":4,"turns":3},{"damage":22,"enemies":"3 Sentries","floor":6,"turns":5},{"damage":29,"enemies":"Gremlin Nob","floor":8,"turns":4},{"damage":11,"enemies":"Red Slaver","floor":11,"turns":3},{"damage":8,"enemies":"2 Fungi Beasts","floor":14,"turns":3},{"damage":0,"enemies":"Slime Boss","floor":16,"turns":5},{"damage":2,"enemies":"Chosen","floor":18,"turns":4},{"damage":15,"enemies":"3 Byrds","floor":19,"turns":3},{"damage":14,"enemies":"Centurion and Healer","floor":20,"turns":6},{"damage":43,"enemies":"Slavers","floor":24,"turns":4},{"damage":28,"enemies":"Shelled Parasite and Fungi","floor":25,"turns":3}],"seed_played":"-5475378029010493007","potions_obtained":[{"floor":1,"key":"Strength Potion"},{"floor":3,"key":"Fire Potion"},{"floor":8,"key":"FearPotion"},{"floor":16,"key":"SkillPotion"},{"floor":18,"key":"Energy Potion"},{"floor":24,"key":"Strength Potion"}],"is_trial":false,"path_per_floor":["M","$","M","M","?","E","R","E","T","R","M","?","T","M","R","B",null,"M","M","M","$","T","R","E","M"],"character_chosen":"DEFECT","items_purchased":["White Noise","The Bomb","Capacitor"],"campfire_rested":4,"item_purchase_floors":[2,21,21],"current_hp_per_floor":[73,73,68,67,67,45,67,38,38,60,49,37,37,29,51,51,75,73,58,44,44,44,66,23,0,0],"gold":117,"neow_bonus":"UPGRADE_CARD","is_daily":false,"chose_seed":false,"campfire_upgraded":0,"win_rate":0.0,"timestamp":1611155902,"path_taken":["M","$","M","M","?","E","R","E","T","R","M","?","?","M","R","BOSS","M","?","M","$","?","R","E","M"],"items_purchased_type":["Card","Card","Card"],"build_version":"2020-12-22","purchased_purges":1,"victory":false,"max_hp_per_floor":[75,75,75,75,75,75,75,75,75,75,75,75,75,75,75,75,75,75,75,75,75,75,75,75,75,75],"card_choices":[{"not_picked":["FTL","Rip and Tear"],"picked":"Barrage","floor":1},{"not_picked":["Undo","Turbo"],"picked":"Storm","floor":3},{"not_picked":["Ball Lightning","Stack"],"picked":"Melter","floor":4},{"not_picked":["Compile Driver","Barrage"],"picked":"FTL","floor":6},{"not_picked":["Streamline","Storm"],"picked":"Cold Snap","floor":8},{"not_picked":["Darkness","Cold Snap","Fusion"],"picked":"Capacitor","floor":11},{"not_picked":["Ball Lightning","Beam Cell","Gash"],"picked":"Rebound","floor":14},{"not_picked":["Core Surge","Machine Learning","Thunder Strike"],"picked":"Biased Cognition","floor":16},{"not_picked":["Doom and Gloom","Auto Shields","Reinforced Body"],"picked":"Rebound+1","floor":18},{"not_picked":["Leap","BootSequence","Lockon+1"],"picked":"Conserve Battery+1","floor":19},{"not_picked":["Capacitor+1","Rebound","Meteor Strike"],"picked":"Sweeping Beam+1","floor":20},{"not_picked":["Defragment","Beam Cell","Coolheaded"],"picked":"Hologram+1","floor":24}],"player_experience":503406,"relics_obtained":[{"floor":6,"key":"DataDisk"},{"floor":8,"key":"Question Card"},{"floor":9,"key":"Shuriken"},{"floor":13,"key":"Tiny Chest"},{"floor":22,"key":"Whetstone"},{"floor":24,"key":"Akabeko"}],"event_choices":[{"damage_healed":0,"gold_gain":0,"player_choice":"Take Wound","damage_taken":0,"relics_obtained":["Golden Idol"],"max_hp_gain":0,"max_hp_loss":0,"event_name":"Golden Idol","floor":5,"gold_loss":0,"cards_obtained":["Injury"]},{"damage_healed":0,"gold_gain":0,"player_choice":"Success","damage_taken":12,"relics_obtained":["Lantern"],"max_hp_gain":0,"max_hp_loss":0,"event_name":"Scrap Ooze","floor":12,"gold_loss":0}],"is_beta":false,"boss_relics":[{"not_picked":["SacredBark","Snecko Eye"],"picked":"SlaversCollar"}],"items_purged_floors":[21],"is_endless":false,"potions_floor_spawned":[1,3,8,16,18,24],"killed_by":"Shelled Parasite and Fungi","ascension_level":0}}