{"host":"x730sfaw5rd1mxd8","time":1611184646,"event":{"mods":["BaseMod","BetterRewards","Colored Map","Colored Powertips","Highlight Path","Minty Spire (QoL Compilation)","Relic Sorter","Relic Stats","Replay The Spire","StSLib"],"gold_per_floor":[110,124,141,153,172,199,199,232,308,82,116,116,116,130,130,231,231,251,264,277,297,297,329,342,342,368,397,397,410,410,439,439,439,439],"floor_reached":33,"language":"ENG","playtime":1678,"items_purged":["Strike_R"],"score":502,"play_id":"fde14669-581c-4631-8b14-48f6e9d0769b","local_time":"20210120181726","is_ascension_mode":true,"campfire_choices":[{"data":"ReplayReversal","floor":7.0,"key":"SMITH"},{"data":"Limit Break","floor":12.0,"key":"SMITH"},{"data":"Massacre","floor":15.0,"key":"SMITH"},{"floor":28.0,"key":"REST"},{"data":"Double Tap","floor":30,"key":"SMITH"},{"data":"Bash","floor":32,"key":"SMITH"}],"circlet_count":0,"master_deck":["Strike_R","Strike_R","Defend_R","Defend_R","Defend_R","Defend_R","Bash+1","Spot Weakness","Inflame","Hemokinesis","Seeing Red","Pummel","Massacre+1","ReplayReversal+1","Limit Break+1","Disarm+1","Headbutt","Double Tap+1","Heavy Blade+1","Anger+1","Shrug It Off","Cleave+1","Sever Soul","Havoc","Sword Boomerang"],"relics":["Burning Blood","Pocketwatch","Red Skull","Snack Pack","Magic Flower","Electric Blood","Pet Ghost","Oddly Smooth Stone","MealTicket","Mango"],"acts_visited":["Exordium","TheCity"],"potions_floor_usage":[33,33],"damage_taken":[{"damage":3.0,"enemies":"Jaw Worm","floor":1.0,"turns":3.0},{"damage":4.0,"enemies":"2 Louse","floor":2.0,"turns":3.0},{"damage":0.0,"enemies":"Small Slimes","floor":3.0,"turns":2.0},{"damage":11.0,"enemies":"Exordium Thugs","floor":4.0,"turns":3.0},{"damage":2.0,"enemies":"Looter","floor":5.0,"turns":2.0},{"damage":16.0,"enemies":"3 Sentries","floor":6.0,"turns":6.0},{"damage":3.0,"enemies":"Lagavulin","floor":8.0,"turns":7.0},{"damage":10.0,"enemies":"3 Sentries","floor":11.0,"turns":4.0},{"damage":11.0,"enemies":"Blue Slaver","floor":14.0,"turns":3.0},{"damage":23.0,"enemies":"Hexaghost","floor":16.0,"turns":5.0},{"damage":20.0,"enemies":"Spheric Guardian","floor":18.0,"turns":4.0},{"damage":16.0,"enemies":"Shell Parasite","floor":19.0,"turns":2.0},{"damage":24.0,"enemies":"Snecko","floor":20.0,"turns":4.0},{"damage":20.0,"enemies":"Snake Plant","floor":21.0,"turns":3.0},{"damage":14.0,"enemies":"Book of Stabbing","floor":23.0,"turns":3.0},{"damage":16.0,"enemies":"Centurion and Healer","floor":24.0,"turns":2.0},{"damage":20.0,"enemies":"Gremlin Leader","floor":27.0,"turns":4.0},{"damage":11,"enemies":"Cultist and Chosen","floor":29,"turns":3},{"damage":30,"enemies":"Replay:Snechameleon","floor":31,"turns":5},{"damage":50,"enemies":"Champ","floor":33,"turns":6}],"seed_played":"5874402651913173215","potions_obtained":[{"floor":1.0,"key":"Languid Potion"},{"floor":4.0,"key":"FearPotion"},{"floor":8.0,"key":"LifebloodPotion"},{"floor":11.0,"key":"Energy Potion"},{"floor":19.0,"key":"Languid Potion"},{"floor":23.0,"key":"ElixirPotion"},{"floor":29,"key":"ColorlessPotion"}],"is_trial":false,"path_per_floor":["M","M","M","M","M","E","R","E","T","$","E","R","?","M","R_BF","B",null,"M","M","M","M","?","E","M","?","T","E","R","M","R","E","R","B"],"character_chosen":"IRONCLAD","items_purchased":["Spot Weakness","Inflame","Hemokinesis","Pocketwatch","Seeing Red","Limit Break","Disarm"],"campfire_rested":1,"item_purchase_floors":[0,0,0,0,0,10,10],"current_hp_per_floor":[80,80,80,75,79,69,69,72,72,72,68,68,68,66,66,55,80,69,65,53,48,33,28,27,27,27,19,44,48,48,47,47,0,0],"gold":439,"neow_bonus":"","is_daily":false,"chose_seed":false,"campfire_upgraded":5,"win_rate":0.0,"timestamp":1611184646,"path_taken":["M","M","M","M","M","E","R","E","T","$","E","R","?","M","R_BF","BOSS","M","M","M","M","?","E","M","?","T","E","R","M","R","E","R","BOSS"],"items_purchased_type":["Card","Card","Card","Relic","Card","Card","Card"],"build_version":"2020-12-22","purchased_purges":1,"victory":false,"max_hp_per_floor":[80,80,80,80,80,80,80,80,80,80,80,80,80,80,80,80,80,80,80,80,80,85,85,85,85,85,85,85,85,85,99,99,99,99],"relic_stats":{"counters":[61,244],"Magic Flower":[46],"MealTicket":0,"obtain_stats":[{"Darkstone Periapt":5,"Ice Cream":14,"Gremlin Horn":9,"Singing Bowl":10,"Magic Flower":11,"Mango":6,"Cursed Key":34,"Burning Blood":0,"Pet Ghost":23,"Blood Vial":20,"Centennial Puzzle":9,"Dream Catcher":43,"Pantograph":23,"Strawberry":28,"Gambling Chip":24,"MealTicket":27,"Electric Blood":17,"Red Skull":6,"Golden Idol":11,"Blue Candle":30,"Oddly Smooth Stone":26,"The Courier":14,"PreservedInsect":22,"Frozen Egg 2":0,"SlaversCollar":17,"Busted Crown":17,"Bronze Scales":12,"Bird Faced Urn":12,"Mark of Pain":0,"Turnip":46,"Art of War":40,"Snack Pack":8,"Pocketwatch":0},{"Darkstone Periapt":18,"Ice Cream":23,"Gremlin Horn":20,"Singing Bowl":21,"Magic Flower":49,"Mango":19,"Cursed Key":31,"Burning Blood":0,"Pet Ghost":56,"Blood Vial":26,"Centennial Puzzle":5,"Dream Catcher":37,"Pantograph":12,"Strawberry":13,"Gambling Chip":27,"MealTicket":58,"Electric Blood":51,"Red Skull":47,"Golden Idol":5,"Blue Candle":30,"Oddly Smooth Stone":57,"The Courier":7,"PreservedInsect":11,"Frozen Egg 2":14,"SlaversCollar":24,"Busted Crown":8,"Bronze Scales":6,"Bird Faced Urn":22,"Mark of Pain":0,"Turnip":38,"Art of War":36,"Snack Pack":48,"Pocketwatch":41},{"Darkstone Periapt":65,"Ice Cream":93,"Gremlin Horn":78,"Singing Bowl":82,"Magic Flower":200,"Mango":73,"Cursed Key":130,"Burning Blood":0,"Pet Ghost":224,"Blood Vial":107,"Centennial Puzzle":17,"Dream Catcher":151,"Pantograph":44,"Strawberry":48,"Gambling Chip":111,"MealTicket":230,"Electric Blood":208,"Red Skull":189,"Golden Idol":17,"Blue Candle":123,"Oddly Smooth Stone":226,"The Courier":25,"PreservedInsect":40,"Frozen Egg 2":51,"SlaversCollar":100,"Busted Crown":30,"Bronze Scales":20,"Bird Faced Urn":86,"Mark of Pain":0,"Turnip":156,"Art of War":146,"Snack Pack":196,"Pocketwatch":170}],"Burning Blood":270,"Pocketwatch":[105]},"card_choices":[{"not_picked":["Clash","Flex","Clothesline"],"picked":"SKIP","floor":1.0},{"not_picked":["Dual Wield","Headbutt"],"picked":"Pummel","floor":2.0},{"not_picked":["Wild Strike","Abandon"],"picked":"Massacre","floor":3.0},{"not_picked":["Iron Wave","ReplayTheSpireMod:LeadingStrike"],"picked":"ReplayReversal","floor":4.0},{"not_picked":["Flex","Headbutt","Pummel"],"picked":"SKIP","floor":5.0},{"not_picked":["Evolve","Infernal Blade","Life Link"],"picked":"SKIP","floor":6.0},{"not_picked":["True Grit","Twin Strike","Run Through"],"picked":"SKIP","floor":8.0},{"not_picked":["Pummel","Heavy Blade","Defy Death"],"picked":"SKIP","floor":11.0},{"not_picked":["Blood for Blood","Cleave"],"picked":"Headbutt","floor":14.0},{"not_picked":["Barricade","Brutality"],"picked":"Double Tap","floor":16.0},{"not_picked":["Flex+1","Wild Strike+1"],"picked":"Heavy Blade+1","floor":18.0},{"not_picked":["Sever Soul","Perfected Strike","Abandon+1"],"picked":"SKIP","floor":19.0},{"not_picked":["Massacre","Dual Wield+1"],"picked":"Anger+1","floor":20.0},{"not_picked":["Defy Death","Iron Wave"],"picked":"Shrug It Off","floor":21.0},{"not_picked":["Carnage","Flex+1"],"picked":"Cleave+1","floor":23.0},{"not_picked":["Iron Wave","Heavy Blade+1","ReplayTheSpireMod:Muscle Training"],"picked":"SKIP","floor":24.0},{"not_picked":["Run Through","Burning Pact"],"picked":"Sword Boomerang","floor":27.0},{"not_picked":["Flex","ReplayReversal+1","Double Tap"],"picked":"SKIP","floor":29},{"not_picked":["Hemokinesis","Perfected Strike+1","Headbutt"],"picked":"SKIP","floor":31}],"player_experience":3963946,"relics_obtained":[{"floor":6.0,"key":"Red Skull"},{"floor":8.0,"key":"Snack Pack"},{"floor":11.0,"key":"Magic Flower"},{"floor":23.0,"key":"Pet Ghost"},{"floor":26.0,"key":"Oddly Smooth Stone"},{"floor":27.0,"key":"MealTicket"},{"floor":31,"key":"Mango"}],"event_choices":[{"damage_healed":0.0,"max_hp_gain":0.0,"max_hp_loss":0.0,"gold_gain":0.0,"event_name":"Living Wall","player_choice":"Grow","floor":13.0,"gold_loss":0.0,"damage_taken":0.0,"cards_upgraded":["Disarm"]},{"damage_healed":0.0,"max_hp_gain":5.0,"max_hp_loss":0.0,"gold_gain":0.0,"event_name":"Forgotten Altar","player_choice":"Shed Blood","floor":22.0,"gold_loss":0.0,"damage_taken":20.0},{"damage_healed":0.0,"max_hp_gain":0.0,"max_hp_loss":0.0,"gold_gain":0.0,"cards_transformed":["Strike_R","Strike_R"],"event_name":"Drug Dealer","player_choice":"Became Test Subject","floor":25.0,"gold_loss":0.0,"damage_taken":0.0,"cards_obtained":["Sever Soul","Havoc"]}],"is_beta":false,"boss_relics":[{"not_picked":["Fusion Hammer","Velvet Choker"],"picked":"Electric Blood"}],"items_purged_floors":[0],"is_endless":false,"potions_floor_spawned":[1,4,8,11,14,19,20,23,29],"killed_by":"Champ","ascension_level":1}}