{"host":"xetj7e4h1njmphhb","time":1611115257,"event":{"mods":["BaseMod","Minty Spire (QoL Compilation)","SuperFastMode"],"gold_per_floor":[114,130,43,58,70,101,62,62,62,90,90,90,90],"floor_reached":12,"language":"ENG","playtime":581,"items_purged":[],"score":88,"play_id":"adb4589f-f24e-4248-bee4-ce0c5e7c5fc4","local_time":"20210119230057","is_ascension_mode":false,"campfire_choices":[{"floor":8,"key":"REST"}],"circlet_count":0,"master_deck":["Strike_B","Strike_B","Strike_B+1","Strike_B","Defend_B","Defend_B","Defend_B","Defend_B","Zap","Dualcast","Tempest","Chaos","Defragment","Cold Snap+1","Static Discharge","Auto Shields","Force Field","FTL+1"],"relics":["Black Star","Molten Egg 2","Pen Nib","Question Card","Whetstone","Anchor"],"acts_visited":["Exordium"],"potions_floor_usage":[],"damage_taken":[{"damage":18,"enemies":"2 Louse","floor":1,"turns":3},{"damage":16,"enemies":"Jaw Worm","floor":2,"turns":4},{"damage":0,"enemies":"Small Slimes","floor":4,"turns":3},{"damage":14,"enemies":"Blue Slaver","floor":5,"turns":4},{"damage":19,"enemies":"Lagavulin","floor":6,"turns":8},{"damage":29,"enemies":"3 Sentries","floor":10,"turns":7},{"damage":7,"enemies":"Lagavulin","floor":12,"turns":4}],"seed_played":"-8546795736350684481","potions_obtained":[{"floor":2,"key":"PotionOfCapacity"},{"floor":4,"key":"Swift Potion"}],"is_trial":false,"path_per_floor":["M","M","$","M","M","E","?","R","T","E","?","E"],"character_chosen":"DEFECT","items_purchased":["Defragment","Cold Snap"],"campfire_rested":1,"item_purchase_floors":[3,3],"current_hp_per_floor":[57,41,41,41,27,8,8,30,30,1,1,0,0],"gold":90,"neow_bonus":"BOSS_RELIC","is_daily":false,"chose_seed":false,"campfire_upgraded":0,"win_rate":0.0,"timestamp":1611115257,"path_taken":["M","M","$","M","M","E","?","R","T","E","?","E"],"items_purchased_type":["Card","Card"],"build_version":"2020-12-22","purchased_purges":0,"victory":false,"max_hp_per_floor":[75,75,75,75,75,75,75,75,75,75,75,75,75],"card_choices":[{"not_picked":["Streamline","Conserve Battery"],"picked":"Tempest","floor":1},{"not_picked":["Stack","Beam Cell"],"picked":"Chaos","floor":2},{"not_picked":["Hologram","Beam Cell"],"picked":"Static Discharge","floor":4},{"not_picked":["Loop","Go for the Eyes"],"picked":"Auto Shields","floor":5},{"not_picked":["Hologram","Cold Snap+1"],"picked":"Force Field","floor":6},{"not_picked":["Steam","Stack","Lockon+1"],"picked":"FTL+1","floor":10}],"player_experience":8421,"relics_obtained":[{"floor":6,"key":"Molten Egg 2"},{"floor":6,"key":"Pen Nib"},{"floor":9,"key":"Question Card"},{"floor":10,"key":"Whetstone"},{"floor":10,"key":"Anchor"}],"event_choices":[{"damage_healed":0,"gold_gain":0,"player_choice":"Left Gold","damage_taken":0,"max_hp_gain":0,"max_hp_loss":0,"event_name":"World of Goop","floor":7,"gold_loss":39},{"damage_healed":0,"gold_gain":0,"player_choice":"Fled","damage_taken":0,"max_hp_gain":0,"max_hp_loss":0,"event_name":"Scrap Ooze","floor":11,"gold_loss":0}],"is_beta":false,"boss_relics":[],"items_purged_floors":[],"is_endless":false,"potions_floor_spawned":[2,4],"killed_by":"Lagavulin","ascension_level":0}}