{"host":"vc42n08di9czm3e7","time":1611110557,"event":{"mods":["AchievementEnabler","Act Like it!","BaseMod","Colored Powertips","Downfall","Friendly Minions","GifTheSpireLib","Minty Spire (QoL Compilation)","Quick Restart","Rare Cards Sparkle","StSLib"],"gold_per_floor":[111,123,135,235,246,273,284,284,284,296,307,321,331,350,350,350,350],"floor_reached":16,"language":"ENG","playtime":614,"items_purged":[],"score":110,"play_id":"e028e969-04a3-4e99-9afb-559055228e45","local_time":"20210119214237","is_ascension_mode":false,"campfire_choices":[{"data":"Chill","floor":8,"key":"SMITH"},{"data":"Defragment","floor":15,"key":"SMITH"}],"circlet_count":0,"master_deck":["Strike_B","Strike_B","Strike_B","Strike_B","Defend_B","Defend_B","Defend_B","Defend_B","Zap","Dualcast","Static Discharge","Genetic Algorithm","Hologram","Ball Lightning","Chill+1","Melter","Self Repair","Machine Learning","Defragment+1","Double Energy","Auto Shields"],"relics":["Cracked Core","NeowsBlessing","Art of War","Ice Cream"],"acts_visited":["Exordium"],"potions_floor_usage":[11,16],"damage_taken":[{"damage":0,"enemies":"Cultist","floor":1,"turns":1},{"damage":0,"enemies":"Jaw Worm","floor":2,"turns":1},{"damage":0,"enemies":"Small Slimes","floor":3,"turns":1},{"damage":16,"enemies":"3 Louse","floor":5,"turns":3},{"damage":36,"enemies":"Lagavulin","floor":6,"turns":6},{"damage":3,"enemies":"Exordium Thugs","floor":7,"turns":4},{"damage":0,"enemies":"Large Slime","floor":10,"turns":4},{"damage":0,"enemies":"Gremlin Gang","floor":11,"turns":5},{"damage":7,"enemies":"Blue Slaver","floor":12,"turns":4},{"damage":3,"enemies":"Looter","floor":13,"turns":3},{"damage":7,"enemies":"2 Fungi Beasts","floor":14,"turns":3},{"damage":35,"enemies":"The Guardian","floor":16,"turns":6}],"seed_played":"-8193074450220436324","potions_obtained":[{"floor":2,"key":"BlessingOfTheForge"},{"floor":5,"key":"SpeedPotion"},{"floor":6,"key":"AttackPotion"},{"floor":11,"key":"SkillPotion"},{"floor":14,"key":"DuplicationPotion"}],"is_trial":false,"path_per_floor":["M","M","M","?","M","E","M","R","T","M","M","M","M","M","R","B"],"character_chosen":"DEFECT","items_purchased":[],"campfire_rested":0,"item_purchase_floors":[],"current_hp_per_floor":[75,75,75,75,59,23,20,20,20,20,27,27,31,31,31,0,0],"gold":350,"neow_bonus":"THREE_ENEMY_KILL","is_daily":false,"chose_seed":false,"campfire_upgraded":2,"win_rate":0.0,"timestamp":1611110557,"path_taken":["M","M","M","?","M","E","M","R","T","M","M","M","M","M","R","BOSS"],"items_purchased_type":[],"build_version":"2020-12-22","purchased_purges":0,"victory":false,"max_hp_per_floor":[75,75,75,75,75,75,75,75,75,75,75,75,75,75,75,75,75],"card_choices":[{"not_picked":["Conserve Battery","Beam Cell"],"picked":"Static Discharge","floor":1},{"not_picked":["Consume","Recycle"],"picked":"Genetic Algorithm","floor":2},{"not_picked":["Reprogram","Go for the Eyes"],"picked":"Hologram","floor":3},{"not_picked":["Reprogram","Rip and Tear"],"picked":"Ball Lightning","floor":5},{"not_picked":["Coolheaded","Conserve Battery"],"picked":"Chill","floor":6},{"not_picked":["Steam Power","Barrage"],"picked":"Melter","floor":7},{"not_picked":["Darkness","Defragment"],"picked":"Self Repair","floor":10},{"not_picked":["Ball Lightning","Gash"],"picked":"Machine Learning","floor":11},{"not_picked":["Compile Driver","Hello World"],"picked":"Defragment","floor":12},{"not_picked":["Reprogram","Static Discharge"],"picked":"Double Energy","floor":13},{"not_picked":["Genetic Algorithm","Steam"],"picked":"Auto Shields","floor":14}],"player_experience":282772,"relics_obtained":[{"floor":6,"key":"Art of War"},{"floor":9,"key":"Ice Cream"}],"event_choices":[{"damage_healed":0,"gold_gain":100,"player_choice":"Pray","damage_taken":0,"max_hp_gain":0,"max_hp_loss":0,"event_name":"Golden Shrine","floor":4,"gold_loss":0}],"is_beta":false,"boss_relics":[],"items_purged_floors":[],"is_endless":false,"potions_floor_spawned":[2,5,6,10,11,14],"killed_by":"The Guardian","ascension_level":0}}