{"host":"1a3cjta80tad0aqj","time":1611136149,"event":{"mods":["2.2 Compatiblity","AchievementEnabler","BaseMod","Colored Map","DeckTracker","KOR Keyword Fix","Keyboard Shortcuts","Minty Spire (QoL Compilation)","Permanent Neow","Quick Restart","Random Character Button","StSLib","SuperFastMode","everything is the same but u backflip on backflip"],"gold_per_floor":[110,35,35,45,64,64,94,94,94,104,104,179,206,233,233,233,233],"floor_reached":16,"language":"KOR","playtime":527,"items_purged":["Shame"],"score":196,"play_id":"879ae54f-96c4-4838-8987-a73d77306a75","local_time":"20210120184909","is_ascension_mode":true,"campfire_choices":[{"data":"Eruption","floor":6.0,"key":"SMITH"},{"data":"Judgement","floor":8.0,"key":"SMITH"},{"data":"Vigilance","floor":11.0,"key":"SMITH"},{"data":"TalkToTheHand","floor":15.0,"key":"SMITH"}],"circlet_count":0,"master_deck":["AscendersBane","Strike_P","Strike_P","Strike_P+1","Strike_P","Defend_P","Defend_P","Defend_P","Defend_P","Eruption+1","Vigilance+1","Judgement+1","BowlingBash","TalkToTheHand+1","LessonLearned","Adaptation"],"relics":["PureWater","Darkstone Periapt","Odd Mushroom","Bottled Flame"],"acts_visited":["Exordium"],"potions_floor_usage":[16,16],"damage_taken":[{"damage":0.0,"enemies":"2 Louse","floor":1.0,"turns":2.0},{"damage":0.0,"enemies":"Cultist","floor":4.0,"turns":2.0},{"damage":0.0,"enemies":"Jaw Worm","floor":5.0,"turns":1.0},{"damage":0.0,"enemies":"3 Louse","floor":10.0,"turns":2.0},{"damage":0.0,"enemies":"The Mushroom Lair","floor":13.0,"turns":3.0},{"damage":10.0,"enemies":"3 Sentries","floor":14.0,"turns":5.0},{"damage":35,"enemies":"The Guardian","floor":16,"turns":11}],"seed_played":"-2692567196543988983","potions_obtained":[{"floor":3.0,"key":"LiquidMemories"},{"floor":3.0,"key":"FearPotion"}],"is_trial":false,"path_per_floor":["M","$","?","M","M","R","?","R","T","M","R","?","?","E","R","B"],"character_chosen":"WATCHER","items_purchased":[],"campfire_rested":0,"item_purchase_floors":[],"current_hp_per_floor":[61,61,61,61,61,61,61,61,61,61,61,50,50,40,40,5,5],"gold":233,"neow_bonus":"THREE_RARE_CARDS","is_daily":false,"chose_seed":false,"campfire_upgraded":4,"win_rate":0.0,"timestamp":1611136149,"path_taken":["M","$","?","M","?","R","?","R","T","M","R","?","?","E","R","BOSS"],"items_purchased_type":[],"build_version":"2020-12-22","purchased_purges":1,"victory":false,"max_hp_per_floor":[68,68,68,68,68,68,68,68,68,68,68,68,68,68,68,68,68],"card_choices":[{"not_picked":["Omniscience","MasterReality"],"picked":"Judgement","floor":0.0},{"not_picked":["SandsOfTime","JustLucky","CrushJoints"],"picked":"SKIP","floor":1.0},{"not_picked":["SashWhip","FlurryOfBlows"],"picked":"BowlingBash","floor":4.0},{"not_picked":["JustLucky","EmptyBody","EmptyFist"],"picked":"SKIP","floor":5.0},{"not_picked":["Weave","EmptyFist"],"picked":"TalkToTheHand","floor":10.0},{"not_picked":["Wireheading","EmptyFist"],"picked":"LessonLearned","floor":13.0},{"not_picked":["Adaptation","Nirvana","PathToVictory"],"picked":"SKIP","floor":14.0},{"not_picked":["Nirvana","PathToVictory"],"picked":"Adaptation","floor":14.0}],"player_experience":808735,"relics_obtained":[{"floor":9.0,"key":"Darkstone Periapt"},{"floor":13.0,"key":"Odd Mushroom"},{"floor":14.0,"key":"Bottled Flame"}],"event_choices":[{"damage_healed":0.0,"max_hp_gain":0.0,"max_hp_loss":0.0,"gold_gain":0.0,"event_name":"Lab","player_choice":"Got Potions","floor":3.0,"gold_loss":0.0,"damage_taken":0.0},{"damage_healed":0.0,"max_hp_gain":0.0,"max_hp_loss":0.0,"gold_gain":30.0,"event_name":"Dead Adventurer","player_choice":"Searched \u00272\u0027 times","floor":7.0,"gold_loss":0.0,"damage_taken":0.0},{"damage_healed":0.0,"max_hp_gain":0.0,"max_hp_loss":0.0,"gold_gain":75.0,"event_name":"World of Goop","player_choice":"Gather Gold","floor":12.0,"gold_loss":0.0,"damage_taken":11.0},{"damage_healed":0.0,"max_hp_gain":0.0,"max_hp_loss":0.0,"gold_gain":0.0,"event_name":"Mushrooms","player_choice":"Fought Mushrooms","floor":13.0,"gold_loss":0.0,"damage_taken":0.0}],"is_beta":false,"boss_relics":[],"items_purged_floors":[2],"is_endless":false,"potions_floor_spawned":[4,13],"killed_by":"The Guardian","ascension_level":20}}