{"host":"jqa9y4qkalbx8qgz","time":1611183981,"event":{"mods":["Act Like it!","BaseMod","BetterRewards","CCEM","Downfall","Gensokyo","Marisa????????","Minty Spire (QoL Compilation)","Permanent Neow","Relic Stats","StSLib","Wandering Minibosses"],"gold_per_floor":[99,111,125,75,75,91,91,107,133,158,60,88,88,130,156,273,273,173,213,273,273,333,408,408,467,48,48,100,167,167,241,270,413,413,413,426,451,451,451,499,499,499,552,352,417,471,471,842,869,869,869,945,482,482,482,482],"floor_reached":57,"language":"ENG","playtime":5938,"items_purged":["Strike_MRS","Strike_MRS"],"score":1555,"play_id":"48867bff-e03f-4415-af78-a5029808ddd0","local_time":"20210121020621","is_ascension_mode":true,"campfire_choices":[{"data":"MasterSpark","floor":1.0,"key":"SMITH"},{"data":"MilkyWay","floor":13.0,"key":"SMITH"},{"data":"WitchOfGreed","floor":18.0,"key":"SMITH"},{"floor":27.0,"key":"REST"},{"floor":35.0,"key":"RECALL"},{"data":"StarDustReverie","floor":44,"key":"SMITH"},{"data":"MillisecondPulsars","floor":47,"key":"SMITH"},{"data":"EventHorizon","floor":54,"key":"SMITH"}],"circlet_count":0,"master_deck":["Strike_MRS","Strike_MRS","Defend_MRS","Defend_MRS","Defend_MRS","Defend_MRS","MasterSpark+1","UpSweep","6A","IllusionStar","Gensokyo:BlessingOfFortitude","GrandCross","AsteroidBelt","WitchOfGreed+1","SporeBomb","AbsoluteMagnitude","AsteroidBelt","MilkyWay+1","AsteroidBelt","FinalSpark","WitchOfGreed","OrrerysSun","Acceleration","MagicAbsorber","OortCloud","GalacticHalo","expansioncontent:QuickStudy+1","MagicChant","EarthLightRay","Parasite","Parasite","GalacticHalo","EnergyRecoil","MillisecondPulsars+1","Injury","CurseOfTheBell","Gensokyo:ImpossibleRequest","StarDustReverie+1","SatelliteIllusion","IllusionStar+1","NonDirectionalLaser+1","DeepEcoloBomb","OortCloud","EventHorizon+1","FinalSpark","MysteriousBeam"],"relics":["MiniHakkero","Gensokyo:OccultBall","Smiling Mask","Regal Pillow","Orichalcum","RampagingMagicTools","downfall:HeartBlessingGreen","Tiny Chest","CCEMRelics:Barrel","CCEMRelics:OverlyComfyChair","Bird Faced Urn","Gensokyo:ConquerorOfFear","ShroomBag","Black Star","SproutingBranch","Gensokyo:EmptyGrave","CCEMRelics:DerglesHeadphones","Calling Bell","Blood Vial","StrikeDummy","CCEMRelics:WarHorn","downfall:HeartBlessingRed","downfall:HeartBlessingBlue","Lantern","Torii","CeramicFish","Old Coin","Vajra","CCEMRelics:PorcelainBowl","Membership Card","Bag of Marbles","Pen Nib"],"acts_visited":["Exordium","Gensokyo:Gensokyo","Gensokyo:Gensokyoer","TheEnding"],"potions_floor_usage":[48,50,56,56,56,56,56,56],"damage_taken":[{"damage":0.0,"enemies":"Gensokyo:3_Fairies","floor":2.0,"turns":5.0},{"damage":0.0,"enemies":"Gensokyo:Python","floor":3.0,"turns":3.0},{"damage":8.0,"enemies":"Gensokyo:Gryphon","floor":6.0,"turns":2.0},{"damage":8.0,"enemies":"Gensokyo:3_Kodama","floor":8.0,"turns":3.0},{"damage":8.0,"enemies":"Gensokyo:Aya","floor":9.0,"turns":4.0},{"damage":0.0,"enemies":"Gensokyo:LivingMonolith","floor":10.0,"turns":3.0},{"damage":0.0,"enemies":"downfall:FleeingMerchant","floor":11.0,"turns":4.0},{"damage":0.0,"enemies":"Gensokyo:Python_and_Kodama","floor":12.0,"turns":5.0},{"damage":0.0,"enemies":"Gensokyo:Cirno","floor":14.0,"turns":12.0},{"damage":3.0,"enemies":"Gensokyo:2_Rabbits","floor":15.0,"turns":4.0},{"damage":22.0,"enemies":"WA_ARCHETYPE_RETAIN","floor":16.0,"turns":8.0},{"damage":8.0,"enemies":"Gensokyo:CosmicMonolith","floor":19.0,"turns":6.0},{"damage":8.0,"enemies":"Gensokyo:AngelMirror","floor":20.0,"turns":6.0},{"damage":6.0,"enemies":"Gensokyo:Chomper_and_Gloop","floor":22.0,"turns":14.0},{"damage":27.0,"enemies":"Gensokyo:Reisen","floor":23.0,"turns":8.0},{"damage":12.0,"enemies":"Gensokyo:3_Gloops","floor":25.0,"turns":8.0},{"damage":0.0,"enemies":"downfall:FleeingMerchant","floor":26.0,"turns":4.0},{"damage":14.0,"enemies":"Gensokyo:Wraith","floor":28.0,"turns":6.0},{"damage":42.0,"enemies":"Gensokyo:Tenshi","floor":29.0,"turns":7.0},{"damage":17.0,"enemies":"Gensokyo:Reisen","floor":31.0,"turns":5.0},{"damage":10.0,"enemies":"Gensokyo:Slime_Group","floor":32.0,"turns":3.0},{"damage":31.0,"enemies":"DF_ARCHETYPE_CLAW","floor":33.0,"turns":12.0},{"damage":12.0,"enemies":"Gensokyo:3_Bats","floor":36.0,"turns":2.0},{"damage":6.0,"enemies":"downfall:FleeingMerchant","floor":37.0,"turns":4.0},{"damage":0,"enemies":"Gensokyo:AncientGuardian","floor":43,"turns":9},{"damage":76,"enemies":"Gensokyo:Marisa","floor":45,"turns":11},{"damage":0,"enemies":"Gensokyo:4_Bats","floor":46,"turns":7},{"damage":1,"enemies":"Gensokyo:Kasen","floor":48,"turns":9},{"damage":0,"enemies":"Gensokyo:3_Boulders","floor":49,"turns":2},{"damage":23,"enemies":"SI_POISON_ARCHETYPE","floor":50,"turns":20},{"damage":11,"enemies":"downfall:CharBossMerchant","floor":52,"turns":13},{"damage":0,"enemies":"downfall:NeowBoss","floor":55,"turns":5},{"damage":93,"enemies":"downfall:NeowBossFinal","floor":56,"turns":8}],"seed_played":"8221011094442208838","potions_obtained":[{"floor":8.0,"key":"Dexterity Potion"},{"floor":9.0,"key":"StarNLove"},{"floor":10.0,"key":"BlessingOfTheForge"},{"floor":11.0,"key":"Strength Potion"},{"floor":16.0,"key":"BottledSpark"},{"floor":23.0,"key":"LiquidMemories"},{"floor":23.0,"key":"Fire Potion"},{"floor":23.0,"key":"Regen Potion"},{"floor":25.0,"key":"Explosive Potion"},{"floor":25.0,"key":"Slimebound:ThreeZeroPotion"},{"floor":26.0,"key":"CultistPotion"},{"floor":28.0,"key":"Fruit Juice"},{"floor":28.0,"key":"PowerPotion"},{"floor":29.0,"key":"Regen Potion"},{"floor":31.0,"key":"Swift Potion"},{"floor":32.0,"key":"Explosive Potion"},{"floor":33.0,"key":"SpeedPotion"},{"floor":33.0,"key":"GamblersBrew"},{"floor":43,"key":"EntropicBrew"},{"floor":46,"key":"Strength Potion"},{"floor":46,"key":"LiquidMemories"},{"floor":48,"key":"Guardian:BlockOnCardUsePotion"},{"floor":52,"key":"Energy Potion"}],"is_trial":false,"path_per_floor":["R","M","M","?","?","M","T","M","E","M","$","M","R","E","M","B",null,"R","M","M","?","M","E","T","M","$","R","M","E","?","E","M","B",null,"R","M","$","?","?","T","T","?","M","R","E","M","R","E","M","B",null,"E","$","R","B","B",null],"character_chosen":"MARISA","items_purchased":["AsteroidBelt","CCEMRelics:OverlyComfyChair","expansioncontent:QuickStudy+1","Membership Card","Bag of Marbles","Pen Nib","EventHorizon","FinalSpark","MysteriousBeam"],"campfire_rested":1,"item_purchase_floors":[11,26,26,53,53,53,53,53,53],"current_hp_per_floor":[75,75,75,75,75,67,67,59,51,51,51,51,51,51,48,26,75,75,67,59,59,53,26,26,29,29,66,60,30,30,41,37,22,80,80,74,80,48,48,48,48,74,74,84,35,76,84,84,84,84,84,76,76,84,84,30],"gold":482,"neow_bonus":"THREE_CARDS","is_daily":false,"chose_seed":false,"campfire_upgraded":6,"win_rate":0.0,"timestamp":1611183981,"path_taken":["R","M","M","?","?","M","T","M","E","M","$","M","R","E","M","BOSS","R","M","M","?","M","E","T","M","$","R","M","E","?","E","M","BOSS","R","M","$","?","?","?","T","?","M","R","E","M","R","E","M","BOSS","E","$","R","BOSS","BOSS"],"items_purchased_type":["Card","Relic","Card","Relic","Relic","Relic","Card","Card","Card"],"build_version":"2020-12-22","purchased_purges":2,"victory":true,"max_hp_per_floor":[75,75,75,75,75,75,75,75,75,75,75,75,75,75,75,75,75,75,75,75,75,75,75,75,75,75,75,75,80,80,80,80,80,80,80,80,80,80,74,74,74,74,74,84,84,84,84,84,84,84,84,84,84,84,84,84],"relic_stats":{"Blood Vial":2,"Regal Pillow":15,"Torii":8,"counters":[88,503],"Bird Faced Urn":[80],"CeramicFish":45,"Tiny Chest":1,"Pen Nib":[2],"Black Star":3,"Orichalcum":[120],"Smiling Mask":25,"obtain_stats":[{"Ice Cream":42,"CCEMRelics:PorcelainBowl":9,"Gremlin Horn":28,"CeramicFish":48,"Gensokyo:UndefinedDarkness":30,"Vajra":52,"downfall:HeartBlessingGreen":18,"Ginger":44,"CCEMRelics:DerglesHeadphones":45,"Old Coin":48,"Sozu":17,"Blood Vial":42,"Lizard Tail":44,"Centennial Puzzle":46,"HornCleat":25,"Sundial":46,"Strawberry":21,"Philosopher\u0027s Stone":34,"Prayer Wheel":0,"Kunai":56,"RampagingMagicTools":17,"Happy Flower":21,"Pen Nib":0,"Du-Vu Doll":0,"OrangePellets":44,"CCEMRelics:FestiveHat":13,"Shuriken":30,"Bird Faced Urn":29,"Gensokyo:YoukaiFlower":12,"Black Star":34,"MiniHakkero":0,"StrikeDummy":42,"CCEMRelics:WarHorn":42,"Gensokyo:MarisaImprobabilityPotion":23,"Unceasing Top":37,"Meat on the Bone":55,"Darkstone Periapt":7,"AmplifyWand":54,"Regal Pillow":9,"Lantern":45,"Torii":45,"CCEMRelics:WrappedPresent":44,"Gensokyo:MarisaIngredientList":10,"CCEMRelics:Pendulum":53,"Mango":24,"Gensokyo:NagashiBinaDoll":5,"expansioncontent:StudyCardRelic":17,"SproutingBranch":38,"Ancient Tea Set":13,"Gensokyo:PortableGap":3,"Smiling Mask":7,"ClockworkSouvenir":21,"Frozen Eye":30,"Dream Catcher":8,"Mummified Hand":40,"CCEMRelics:OverlyComfyChair":26,"downfall:HeartBlessingBlue":44,"Gambling Chip":24,"Toolbox":44,"Tiny Chest":30,"Gensokyo:OccultBall":4,"WingedGreaves":0,"SimpleLauncher":20,"CCEMRelics:OrganicArmor":40,"CCEMRelics:Barrel":9,"Potion Belt":43,"downfall:HeartBlessingRed":44,"Gensokyo:ConquerorOfFear":31,"Gensokyo:CelestialsFlawlessClothing":14,"Orichalcum":54,"MawBank":27,"Medical Kit":44,"Mercury Hourglass":46,"Calling Bell":42,"Strange Spoon":20,"ShroomBag":31,"Gensokyo:EmptyGrave":39,"Anchor":44,"Busted Crown":34,"wanderingMiniBosses:CarrionFlame":11,"Ornamental Fan":26,"Orrery":0,"CCEMRelics:GrindingGear":26,"CCEMRelics:TinyMinotavrHorn":47,"Bag of Marbles":53,"Art of War":6,"Membership Card":47,"Toy Ornithopter":28,"TungstenRod":23},{"Ice Cream":47,"CCEMRelics:PorcelainBowl":29,"Gremlin Horn":12,"CeramicFish":83,"Gensokyo:UndefinedDarkness":74,"Vajra":86,"downfall:HeartBlessingGreen":66,"Ginger":48,"CCEMRelics:DerglesHeadphones":49,"Old Coin":83,"Sozu":34,"Blood Vial":79,"Lizard Tail":20,"Centennial Puzzle":21,"HornCleat":38,"Sundial":21,"Strawberry":36,"Philosopher\u0027s Stone":14,"Prayer Wheel":24,"Kunai":88,"RampagingMagicTools":66,"Happy Flower":7,"Pen Nib":24,"Du-Vu Doll":24,"OrangePellets":20,"CCEMRelics:FestiveHat":32,"Shuriken":13,"Bird Faced Urn":74,"Gensokyo:YoukaiFlower":4,"Black Star":77,"MiniHakkero":0,"StrikeDummy":79,"CCEMRelics:WarHorn":79,"Gensokyo:MarisaImprobabilityPotion":8,"Unceasing Top":43,"Meat on the Bone":24,"Darkstone Periapt":3,"AmplifyWand":23,"Regal Pillow":60,"Lantern":81,"Torii":81,"CCEMRelics:WrappedPresent":20,"Gensokyo:MarisaIngredientList":4,"CCEMRelics:Pendulum":22,"Mango":9,"Gensokyo:NagashiBinaDoll":54,"expansioncontent:StudyCardRelic":6,"SproutingBranch":79,"Ancient Tea Set":5,"Gensokyo:PortableGap":26,"Smiling Mask":58,"ClockworkSouvenir":36,"Frozen Eye":12,"Dream Catcher":29,"Mummified Hand":19,"CCEMRelics:OverlyComfyChair":72,"downfall:HeartBlessingBlue":80,"Gambling Chip":9,"Toolbox":20,"Tiny Chest":40,"Gensokyo:OccultBall":54,"WingedGreaves":52,"SimpleLauncher":7,"CCEMRelics:OrganicArmor":19,"CCEMRelics:Barrel":4,"Potion Belt":47,"downfall:HeartBlessingRed":80,"Gensokyo:ConquerorOfFear":75,"Gensokyo:CelestialsFlawlessClothing":5,"Orichalcum":23,"MawBank":11,"Medical Kit":20,"Mercury Hourglass":21,"Calling Bell":79,"Strange Spoon":7,"ShroomBag":75,"Gensokyo:EmptyGrave":79,"Anchor":20,"Busted Crown":42,"wanderingMiniBosses:CarrionFlame":30,"Ornamental Fan":38,"Orrery":24,"CCEMRelics:GrindingGear":10,"CCEMRelics:TinyMinotavrHorn":50,"Bag of Marbles":22,"Art of War":28,"Membership Card":21,"Toy Ornithopter":12,"TungstenRod":37},{"Ice Cream":234,"CCEMRelics:PorcelainBowl":119,"Gremlin Horn":43,"CeramicFish":455,"Gensokyo:UndefinedDarkness":393,"Vajra":490,"downfall:HeartBlessingGreen":334,"Ginger":239,"CCEMRelics:DerglesHeadphones":242,"Old Coin":455,"Sozu":149,"Blood Vial":419,"Lizard Tail":76,"Centennial Puzzle":83,"HornCleat":173,"Sundial":77,"Strawberry":161,"Philosopher\u0027s Stone":56,"Prayer Wheel":97,"Kunai":498,"RampagingMagicTools":334,"Happy Flower":27,"Pen Nib":97,"Du-Vu Doll":97,"OrangePellets":76,"CCEMRelics:FestiveHat":137,"Shuriken":49,"Bird Faced Urn":393,"Gensokyo:YoukaiFlower":14,"Black Star":413,"MiniHakkero":0,"StrikeDummy":419,"CCEMRelics:WarHorn":419,"Gensokyo:MarisaImprobabilityPotion":30,"Unceasing Top":201,"Meat on the Bone":91,"Darkstone Periapt":11,"AmplifyWand":88,"Regal Pillow":298,"Lantern":439,"Torii":439,"CCEMRelics:WrappedPresent":76,"Gensokyo:MarisaIngredientList":14,"CCEMRelics:Pendulum":87,"Mango":35,"Gensokyo:NagashiBinaDoll":272,"expansioncontent:StudyCardRelic":23,"SproutingBranch":419,"Ancient Tea Set":18,"Gensokyo:PortableGap":104,"Smiling Mask":291,"ClockworkSouvenir":161,"Frozen Eye":45,"Dream Catcher":119,"Mummified Hand":69,"CCEMRelics:OverlyComfyChair":380,"downfall:HeartBlessingBlue":428,"Gambling Chip":35,"Toolbox":76,"Tiny Chest":182,"Gensokyo:OccultBall":272,"WingedGreaves":267,"SimpleLauncher":27,"CCEMRelics:OrganicArmor":72,"CCEMRelics:Barrel":14,"Potion Belt":234,"downfall:HeartBlessingRed":428,"Gensokyo:ConquerorOfFear":398,"Gensokyo:CelestialsFlawlessClothing":18,"Orichalcum":90,"MawBank":41,"Medical Kit":76,"Mercury Hourglass":77,"Calling Bell":419,"Strange Spoon":27,"ShroomBag":398,"Gensokyo:EmptyGrave":419,"Anchor":76,"Busted Crown":195,"wanderingMiniBosses:CarrionFlame":126,"Ornamental Fan":173,"Orrery":97,"CCEMRelics:GrindingGear":38,"CCEMRelics:TinyMinotavrHorn":247,"Bag of Marbles":87,"Art of War":113,"Membership Card":83,"Toy Ornithopter":42,"TungstenRod":165}]},"card_choices":[{"not_picked":["GravityBeat","UnstableBomb"],"picked":"6A","floor":0.0},{"not_picked":["LuminesStrike","GravityBeat"],"picked":"IllusionStar","floor":2.0},{"not_picked":["DarkSpark","GrandCross"],"picked":"CollectingQuirk","floor":3.0},{"not_picked":["DoubleSpark","UnstableBomb"],"picked":"GrandCross","floor":6.0},{"not_picked":["DarkSpark","WitchOfGreed"],"picked":"AsteroidBelt","floor":8.0},{"not_picked":["DragonMeteor","PropBag"],"picked":"WitchOfGreed","floor":9.0},{"not_picked":["MeteoricShower","LuminesStrike"],"picked":"SporeBomb","floor":10.0},{"not_picked":["NonDirectionalLaser","OpenUniverse"],"picked":"AbsoluteMagnitude","floor":11.0},{"not_picked":["GravityBeat","DragonMeteor"],"picked":"MilkyWay","floor":12.0},{"not_picked":["WitchLeyline","DragonMeteor","Acceleration"],"picked":"SKIP","floor":14.0},{"not_picked":["DarkMatter","IllusionStar"],"picked":"AsteroidBelt","floor":15.0},{"not_picked":["AbsoluteMagnitude","CollectingQuirk"],"picked":"FinalSpark","floor":16.0},{"not_picked":["IllusionStar","SuperPerseids"],"picked":"WitchOfGreed","floor":19.0},{"not_picked":["GravityBeat","6A"],"picked":"OrrerysSun","floor":20.0},{"not_picked":["DeepEcoloBomb","DragonMeteor+1"],"picked":"Acceleration","floor":22.0},{"not_picked":["DC","ShootTheMoon"],"picked":"MagicAbsorber","floor":23.0},{"not_picked":["WitchLeyline","OneTimeOff"],"picked":"OortCloud","floor":25.0},{"not_picked":["DeepEcoloBomb","SuperNova"],"picked":"GalacticHalo","floor":26.0},{"not_picked":["LuminesStrike+1","GravityBeat"],"picked":"MagicChant","floor":28.0},{"not_picked":["MeteoricShower","SporeBomb"],"picked":"EarthLightRay","floor":29.0},{"not_picked":["DragonMeteor","NonDirectionalLaser"],"picked":"GalacticHalo","floor":31.0},{"not_picked":["Acceleration","UnstableBomb+1"],"picked":"EnergyRecoil","floor":32.0},{"not_picked":["StarDustReverie","EscapeVelocity"],"picked":"MillisecondPulsars","floor":33.0},{"not_picked":["6A+1","SuperPerseids","OneTimeOff"],"picked":"SKIP","floor":36.0},{"not_picked":["LuminesStrike","ChargingUp","DoubleSpark"],"picked":"SKIP","floor":37},{"not_picked":["DarkMatter","WitchOfGreed"],"picked":"SatelliteIllusion","floor":43},{"not_picked":["MagicAbsorber+1","LuminesStrike+1"],"picked":"IllusionStar+1","floor":45},{"not_picked":["WitchOfGreed","WitchLeyline"],"picked":"NonDirectionalLaser+1","floor":46},{"not_picked":["GrandCross+1","6A+1","GravityBeat"],"picked":"SKIP","floor":48},{"not_picked":["UnstableBomb","Occultation+1"],"picked":"DeepEcoloBomb","floor":49},{"not_picked":["GrandCross+1","PowerUp+1"],"picked":"OortCloud","floor":52}],"player_experience":290146,"relics_obtained":[{"floor":7.0,"key":"Smiling Mask"},{"floor":9.0,"key":"Regal Pillow"},{"floor":12.0,"key":"Gensokyo:OccultBall"},{"floor":14.0,"key":"Orichalcum"},{"floor":16.0,"key":"Gensokyo:OccultBall"},{"floor":22.0,"key":"Gensokyo:OccultBall"},{"floor":23.0,"key":"Tiny Chest"},{"floor":24.0,"key":"CCEMRelics:Barrel"},{"floor":29.0,"key":"Bird Faced Urn"},{"floor":31.0,"key":"Gensokyo:ConquerorOfFear"},{"floor":31.0,"key":"ShroomBag"},{"floor":33.0,"key":"Gensokyo:OccultBall"},{"floor":37,"key":"Gensokyo:OccultBall"},{"floor":41,"key":"CCEMRelics:DerglesHeadphones"},{"floor":42,"key":"Blood Vial"},{"floor":42,"key":"StrikeDummy"},{"floor":42,"key":"CCEMRelics:WarHorn"},{"floor":45,"key":"Lantern"},{"floor":45,"key":"Torii"},{"floor":48,"key":"CeramicFish"},{"floor":48,"key":"Old Coin"},{"floor":52,"key":"Vajra"},{"floor":52,"key":"CCEMRelics:PorcelainBowl"}],"event_choices":[],"is_beta":false,"boss_relics":[{"not_picked":["expansioncontent:StudyCardRelic","Philosopher\u0027s Stone"],"picked":"RampagingMagicTools"},{"not_picked":["Pandora\u0027s Box","Velvet Choker"],"picked":"Black Star"}],"items_purged_floors":[11,53],"is_endless":false,"potions_floor_spawned":[8,9,10,14,15,22,23,28,31,33,43,45,46,52],"ascension_level":1}}