{"host":"1a3cjta80tad0aqj","time":1611150381,"event":{"mods":["2.2 Compatiblity","AchievementEnabler","BaseMod","Colored Map","DeckTracker","KOR Keyword Fix","Keyboard Shortcuts","Minty Spire (QoL Compilation)","Permanent Neow","Quick Restart","Random Character Button","StSLib","SuperFastMode","everything is the same but u backflip on backflip"],"gold_per_floor":[119,119,44,44,44,70,70,70,123,123,48,48,81,149,149,225,225,225,75,75,75,75,75,75],"floor_reached":23,"language":"KOR","playtime":710,"items_purged":["Defend_P"],"score":511,"play_id":"b0ed3b6c-c9c8-44e1-94ba-fff235679448","local_time":"20210120224621","is_ascension_mode":true,"campfire_choices":[{"data":"Eruption","floor":7.0,"key":"SMITH"},{"floor":10.0,"key":"REST"},{"data":"Vigilance","floor":15.0,"key":"SMITH"}],"circlet_count":0,"master_deck":["AscendersBane","Strike_P","Defend_P","Defend_P","Eruption+1","Vigilance+1","InnerPeace","MentalFortress","Tantrum+1"],"relics":["PureWater","NeowsBlessing","Question Card","Mango","Dream Catcher","SsserpentHead","Yang","Ectoplasm"],"acts_visited":["Exordium","TheCity"],"potions_floor_usage":[23],"damage_taken":[{"damage":0.0,"enemies":"2 Louse","floor":1.0,"turns":1.0},{"damage":0.0,"enemies":"3 Sentries","floor":6.0,"turns":1.0},{"damage":0.0,"enemies":"Lagavulin","floor":13.0,"turns":1.0},{"damage":2.0,"enemies":"Jaw Worm","floor":14.0,"turns":3.0},{"damage":68.0,"enemies":"The Guardian","floor":16.0,"turns":17.0},{"damage":16.0,"enemies":"Shell Parasite","floor":18.0,"turns":6.0},{"damage":26.0,"enemies":"3 Byrds","floor":21.0,"turns":9.0},{"damage":16,"enemies":"Slavers","floor":23,"turns":3}],"seed_played":"-4253137168004525894","potions_obtained":[{"floor":14.0,"key":"Fruit Juice"},{"floor":21.0,"key":"EssenceOfSteel"}],"is_trial":false,"path_per_floor":["M","?","?","?","?","E","R","$","T","R","$","?","E","M","R","B",null,"M","$","?","M","?","E"],"character_chosen":"WATCHER","items_purchased":["InnerPeace","MentalFortress"],"campfire_rested":1,"item_purchase_floors":[11,19],"current_hp_per_floor":[61,35,35,35,35,49,49,49,49,73,73,73,73,76,76,8,67,51,51,51,25,25,9,9],"gold":75,"neow_bonus":"THREE_ENEMY_KILL","is_daily":false,"chose_seed":false,"campfire_upgraded":2,"win_rate":0.0,"timestamp":1611150381,"path_taken":["M","?","?","?","?","E","R","$","T","R","$","?","E","?","R","BOSS","M","$","?","M","?","E"],"items_purchased_type":["Card","Card"],"build_version":"2020-12-22","purchased_purges":1,"victory":false,"max_hp_per_floor":[68,68,68,68,68,82,82,82,82,82,82,82,82,87,87,87,87,87,87,87,87,87,87,87],"card_choices":[{"not_picked":["Crescendo","FlyingSleeves","Protect"],"picked":"SKIP","floor":1.0},{"not_picked":["PathToVictory","Prostrate","DevaForm","EmptyFist"],"picked":"SKIP","floor":6.0},{"not_picked":["Devotion","SashWhip","WreathOfFlame","DeceiveReality"],"picked":"SKIP","floor":13.0},{"not_picked":["WindmillStrike","SandsOfTime","FlyingSleeves","Swivel"],"picked":"SKIP","floor":14.0},{"not_picked":["ClearTheMind","Vengeance","FollowUp","BowlingBash"],"picked":"SKIP","floor":18.0},{"not_picked":["Prostrate","Indignation","WindmillStrike"],"picked":"Tantrum+1","floor":21.0}],"player_experience":813591,"relics_obtained":[{"floor":6.0,"key":"Mango"},{"floor":9.0,"key":"Dream Catcher"},{"floor":13.0,"key":"Yang"}],"event_choices":[{"damage_healed":0.0,"max_hp_gain":0.0,"max_hp_loss":0.0,"gold_gain":0.0,"event_name":"Scrap Ooze","player_choice":"Success","floor":2.0,"gold_loss":0.0,"damage_taken":26.0,"relics_obtained":["Question Card"]},{"cards_removed":["Defend_P"],"damage_healed":0.0,"max_hp_gain":0.0,"max_hp_loss":0.0,"gold_gain":0.0,"event_name":"The Cleric","player_choice":"Card Removal","floor":3.0,"gold_loss":75.0,"damage_taken":0.0},{"cards_removed":["Strike_P"],"damage_healed":0.0,"max_hp_gain":0.0,"max_hp_loss":0.0,"gold_gain":0.0,"event_name":"Living Wall","player_choice":"Forget","floor":4.0,"gold_loss":0.0,"damage_taken":0.0},{"damage_healed":0.0,"max_hp_gain":0.0,"max_hp_loss":0.0,"gold_gain":0.0,"event_name":"Liars Game","player_choice":"Ignored","floor":5.0,"gold_loss":0.0,"damage_taken":0.0},{"damage_healed":0.0,"max_hp_gain":0.0,"max_hp_loss":0.0,"gold_gain":0.0,"event_name":"FaceTrader","player_choice":"Trade","floor":12.0,"gold_loss":0.0,"damage_taken":0.0,"relics_obtained":["SsserpentHead"]},{"cards_removed":["Strike_P"],"damage_healed":0.0,"max_hp_gain":0.0,"max_hp_loss":0.0,"gold_gain":0.0,"event_name":"Back to Basics","player_choice":"Elegance","floor":20.0,"gold_loss":0.0,"damage_taken":0.0},{"cards_removed":["Strike_P"],"damage_healed":0.0,"max_hp_gain":0.0,"max_hp_loss":0.0,"gold_gain":0.0,"event_name":"Purifier","player_choice":"Purged","floor":22.0,"gold_loss":0.0,"damage_taken":0.0}],"is_beta":false,"boss_relics":[{"not_picked":["Snecko Eye","Black Star"],"picked":"Ectoplasm"}],"items_purged_floors":[19],"is_endless":false,"potions_floor_spawned":[14,21],"killed_by":"Slavers","ascension_level":20}}