{"host":"fbqvzfq8f1yzoo4u","time":1611125822,"event":{"mods":["BaseMod","Minty Spire (QoL Compilation)","Replay The Spire","StS++","StSLib","The Cursed"],"gold_per_floor":[109,59,143,193,205,243,255,285,321,360,382,411,423,32,32,32,32],"floor_reached":16,"language":"ZHS","playtime":1450,"items_purged":["ReplayTheSpireMod:Restless Dread"],"score":133,"play_id":"4cc419f0-4729-4109-aa13-2afbcbdda13e","local_time":"20210120145702","is_ascension_mode":false,"campfire_choices":[{"data":"TheCursedMod:SmokeScreen","floor":7,"key":"SMITH"},{"data":"TheCursedMod:StingEye","floor":13,"key":"SMITH"},{"data":"TheCursedMod:HellsGateOpen","floor":15,"key":"SMITH"}],"circlet_count":0,"master_deck":["TheCursedMod:Strike_TheCursed","TheCursedMod:Strike_TheCursed","TheCursedMod:Strike_TheCursed","TheCursedMod:Defend_TheCursed","TheCursedMod:Defend_TheCursed","TheCursedMod:Defend_TheCursed","TheCursedMod:Defend_TheCursed","TheCursedMod:CursedWand","TheCursedMod:CleanUpWorkshop+1","TheCursedMod:Dregs","TheCursedMod:AshesToAshes","TheCursedMod:SmokeScreen+1","TheCursedMod:StingEye+1","TheCursedMod:Evocation","Master of Strategy","TheCursedMod:DemonicPact","TheCursedMod:DemonicPact","TheCursedMod:HellsGateOpen+1","TheCursedMod:FleshFromBone"],"relics":["TheCursedMod:BlackMagic101","NeowsBlessing","Replay:Wax Seal","Ring of Greed","The Courier","MawBank","Simple Rune","Smiling Mask","Anchor"],"acts_visited":["Exordium"],"potions_floor_usage":[10,16],"damage_taken":[{"damage":0,"enemies":"2 Louse","floor":1,"turns":1},{"damage":0,"enemies":"Gremlin Nob","floor":6,"turns":1},{"damage":0,"enemies":"Small Slimes","floor":8,"turns":1},{"damage":12,"enemies":"Lagavulin","floor":10,"turns":9},{"damage":0,"enemies":"Cultist","floor":11,"turns":4},{"damage":0,"enemies":"3 Louse","floor":12,"turns":3},{"damage":6,"enemies":"Slime Boss","floor":16,"turns":6}],"seed_played":"4710525383916141453","potions_obtained":[{"floor":1,"key":"TheCursedMod:DregsPotion"},{"floor":6,"key":"Weak Potion"},{"floor":8,"key":"LiquidBronze"},{"floor":12,"key":"Elixir"}],"is_trial":false,"path_per_floor":["M","?","?","?","?","E","R","M","T","E","M","M","R","$","R","B"],"character_chosen":"THE_CURSED","items_purchased":["Master of Strategy","TheCursedMod:DemonicPact","TheCursedMod:HellsGateOpen","TheCursedMod:FleshFromBone"],"campfire_rested":0,"item_purchase_floors":[14,14,14,14],"current_hp_per_floor":[75,75,57,57,57,57,57,57,57,45,45,45,45,45,45,39,39],"gold":32,"neow_bonus":"THREE_ENEMY_KILL","is_daily":false,"chose_seed":false,"campfire_upgraded":3,"win_rate":0.0,"timestamp":1611125822,"path_taken":["M","?","?","?","?","E","R","M","T","E","M","M","R","$","R","BOSS"],"items_purchased_type":["Card","Card","Card","Card"],"build_version":"2020-12-22","purchased_purges":1,"victory":false,"max_hp_per_floor":[75,75,75,75,75,75,75,75,75,75,75,75,75,75,75,75,75],"card_choices":[{"not_picked":["TheCursedMod:HellfireBreathing","TheCursedMod:CursedSpellbook"],"picked":"TheCursedMod:AshesToAshes","floor":1},{"not_picked":["TheCursedMod:HellsGateOpen","TheCursedMod:CursedAmulet"],"picked":"TheCursedMod:SmokeScreen","floor":3},{"not_picked":["TheCursedMod:PrepareRite","TheCursedMod:CursedAmulet","TheCursedMod:Wield"],"picked":"SKIP","floor":6},{"not_picked":["TheCursedMod:WearCloak","TheCursedMod:RapidMovement"],"picked":"TheCursedMod:StingEye","floor":8},{"not_picked":["TheCursedMod:RavingStaff","TheCursedMod:TacticalStrike","TheCursedMod:UltimatePain"],"picked":"SKIP","floor":10},{"not_picked":["TheCursedMod:CircleOfAmplification","TheCursedMod:SoulCrush"],"picked":"TheCursedMod:Evocation","floor":11},{"not_picked":["TheCursedMod:CursedAmulet","TheCursedMod:ManaBullet","TheCursedMod:Wield"],"picked":"SKIP","floor":12}],"player_experience":807546,"relics_obtained":[{"floor":3,"key":"Replay:Wax Seal"},{"floor":4,"key":"Ring of Greed"},{"floor":4,"key":"The Courier"},{"floor":4,"key":"MawBank"},{"floor":6,"key":"Simple Rune"},{"floor":9,"key":"Smiling Mask"},{"floor":10,"key":"Anchor"}],"event_choices":[{"cards_removed":["TheCursedMod:Strike_TheCursed"],"damage_healed":0,"gold_gain":0,"player_choice":"Card Removal","damage_taken":0,"max_hp_gain":0,"max_hp_loss":0,"event_name":"The Cleric","floor":2,"gold_loss":50},{"damage_healed":0,"gold_gain":0,"player_choice":"Forge","damage_taken":0,"max_hp_gain":0,"max_hp_loss":0,"event_name":"Accursed Blacksmith","floor":5,"gold_loss":0,"cards_upgraded":["TheCursedMod:CleanUpWorkshop"]}],"is_beta":false,"boss_relics":[],"items_purged_floors":[14],"is_endless":false,"potions_floor_spawned":[1,6,8,12],"killed_by":"Slime Boss","ascension_level":0}}