{"host":"7kj0ynzap1jglrpi","time":1611118160,"event":{"mods":["Act Like it!","BaseMod","Hallownest","Minty Spire (QoL Compilation)","StSLib","The Bug Knight"],"gold_per_floor":[117,117,135,135,147,178,178,178,178,178,211,222,222,238,238,339,339,359,379,31,43,43,73,539,539,539],"floor_reached":25,"language":"ZHS","playtime":1385,"items_purged":["HollowMod:QuickDashStart"],"score":333,"play_id":"6a5e4457-5ccc-4dc7-a3e7-a71a633c216b","local_time":"20210120124920","is_ascension_mode":true,"campfire_choices":[{"data":"HollowMod:FastStrike","floor":8.0,"key":"SMITH"},{"data":"HollowMod:CycloneSlash","floor":10.0,"key":"SMITH"},{"data":"HollowMod:SoulEater","floor":13.0,"key":"SMITH"},{"data":"Madness","floor":15.0,"key":"SMITH"}],"circlet_count":0,"master_deck":["HollowMod:NailStrikeStart","HollowMod:NailStrikeStart","HollowMod:NailStrikeStart","HollowMod:QuickDashStart","HollowMod:QuickDashStart","HollowMod:FocusHealStart","HollowMod:PogoStrike","HollowMod:MonomonsArchive","Madness+1","HollowMod:FastStrike+1","HollowMod:CycloneSlash+1","HollowMod:PureVessel","HollowMod:CloakDash","HollowMod:SoulEater+1","HollowMod:CoiledNail","HollowMod:ElderbugsWisdom","HollowMod:PureNailStrike","HollowMod:ChannelNail+1","HollowMod:DashSlash","HollowMod:DashSlash"],"relics":["HollowMod:VesselMask","NeowsBlessing","Hallownest:DreamNailRelic","Eternal Feather","Kunai","Empty Cage","Mummified Hand","HollowMod:DelicateFlower"],"acts_visited":["Hallownest:Greenpath","Hallownest:CityofTears"],"potions_floor_usage":[25],"damage_taken":[{"damage":0.0,"enemies":"Hallownest:monsterHuskGuard","floor":1.0,"turns":1.0},{"damage":0.0,"enemies":"Hallownest:monsterHuskWarrior","floor":3.0,"turns":1.0},{"damage":0.0,"enemies":"Hallownest:2_Baldur","floor":5.0,"turns":1.0},{"damage":0.0,"enemies":"Hallownest:eliteVengeflyKing","floor":6.0,"turns":13.0},{"damage":12.0,"enemies":"Hallownest:eliteCrystalGuardian","floor":11.0,"turns":4.0},{"damage":15.0,"enemies":"Hallownest:Guard_and_Warrior","floor":12.0,"turns":5.0},{"damage":0.0,"enemies":"Hallownest:monsterFoolEater","floor":14.0,"turns":3.0},{"damage":0.0,"enemies":"Hallownest:BossFalseKnight","floor":16.0,"turns":6.0},{"damage":42.0,"enemies":"Hallownest:2_Mistakes","floor":18.0,"turns":11.0},{"damage":3.0,"enemies":"Hallownest:Flukemon_and_Top","floor":19.0,"turns":5.0},{"damage":40.0,"enemies":"Hallownest:Master_and_Novice","floor":21.0,"turns":4.0},{"damage":4.0,"enemies":"Hallownest:Nosk","floor":23.0,"turns":6.0},{"damage":11,"enemies":"Hallownest:eliteSoulWarrior","floor":25,"turns":2}],"seed_played":"4806348639163553054","potions_obtained":[{"floor":1.0,"key":"SneckoOil"},{"floor":12.0,"key":"Strength Potion"},{"floor":14.0,"key":"Block Potion"},{"floor":18.0,"key":"SteroidPotion"},{"floor":23.0,"key":"Strength Potion"}],"is_trial":false,"path_per_floor":["M","?","M","?","M","E","?","R","T","R","E","M","R","M","R","B",null,"M","M","$","M","?","E","?","E"],"character_chosen":"THE_BUGKNIGHT","items_purchased":["Mummified Hand","HollowMod:DashSlash"],"campfire_rested":0,"item_purchase_floors":[20,20],"current_hp_per_floor":[75,75,75,75,75,75,66,75,75,75,63,48,57,57,66,66,75,45,48,48,14,14,10,10,0,0],"gold":539,"neow_bonus":"THREE_ENEMY_KILL","is_daily":false,"chose_seed":false,"campfire_upgraded":4,"win_rate":0.0,"timestamp":1611118160,"path_taken":["M","?","M","?","?","E","?","R","T","R","E","M","R","M","R","BOSS","M","M","$","M","?","E","?","E"],"items_purchased_type":["Relic","Card"],"build_version":"2020-12-22","purchased_purges":1,"victory":false,"max_hp_per_floor":[75,75,75,75,75,75,75,75,75,75,75,75,75,75,75,75,75,75,75,75,75,75,75,75,75,75],"card_choices":[{"not_picked":["HollowMod:RecoilStrike","HollowMod:SoulVessel"],"picked":"HollowMod:MonomonsArchive","floor":1.0},{"not_picked":["Magnetism","Trip"],"picked":"Madness","floor":2.0},{"not_picked":["HollowMod:DreamGate","HollowMod:GoodIntentions"],"picked":"HollowMod:FastStrike","floor":2.0},{"not_picked":["HollowMod:InfectionAssault","HollowMod:AbyssShriek","HollowMod:HowlingWraiths"],"picked":"SKIP","floor":3.0},{"not_picked":["HollowMod:WraithStrike","HollowMod:HeavyBlow"],"picked":"HollowMod:CycloneSlash","floor":5.0},{"not_picked":["HollowMod:InfectedCysts","HollowMod:GrimmsGift"],"picked":"HollowMod:PureVessel","floor":6.0},{"not_picked":["HollowMod:SoulStrike","HollowMod:CornifersMapStart"],"picked":"HollowMod:CloakDash","floor":11.0},{"not_picked":["HollowMod:LordofShades","HollowMod:PerfectDash"],"picked":"HollowMod:SoulEater","floor":12.0},{"not_picked":["HollowMod:SoulSplash","HollowMod:BlackTendrils"],"picked":"HollowMod:CoiledNail","floor":14.0},{"not_picked":["HollowMod:PureVessel","HollowMod:theNailsmith"],"picked":"HollowMod:ElderbugsWisdom","floor":16.0},{"not_picked":["HollowMod:VengefulVoid","HollowMod:TaintedHusks"],"picked":"HollowMod:PureNailStrike","floor":18.0},{"not_picked":["HollowMod:TaintedHusks+1","HollowMod:DashSlash"],"picked":"HollowMod:ChannelNail+1","floor":19.0},{"not_picked":["HollowMod:SoulStrike","HollowMod:BrokenVessel"],"picked":"HollowMod:DashSlash","floor":21.0},{"not_picked":["HollowMod:BlackTendrils","HollowMod:NewInfectedGuardian","HollowMod:DungDefenderAura"],"picked":"SKIP","floor":23.0}],"player_experience":130057,"relics_obtained":[{"floor":6.0,"key":"Eternal Feather"},{"floor":11.0,"key":"Kunai"},{"floor":23.0,"key":"HollowMod:DelicateFlower"}],"event_choices":[],"is_beta":false,"boss_relics":[{"not_picked":["Fusion Hammer","Snecko Eye"],"picked":"Empty Cage"}],"items_purged_floors":[20],"is_endless":false,"potions_floor_spawned":[1,12,14,18,23],"killed_by":"Hallownest:eliteSoulWarrior","ascension_level":2}}