{"host":"g907ck67u7c3hrs6","time":1611111092,"event":{"mods":["BaseMod","Colored Map","DeckTracker","Highlight Path","Keyboard Shortcuts","Minty Spire (QoL Compilation)","Permanent Neow","Say the Spire","SuperFastMode"],"gold_per_floor":[114,129,54,54,69,69,99,99,99,129,129,207,222,237,237,337,337,352,352,372,372,372],"floor_reached":21,"language":"KOR","playtime":919,"items_purged":["Grand Finale"],"score":262,"play_id":"aa5f5369-dca3-404e-8eba-f359c22bba44","local_time":"20210120115132","daily_mods":["Shiny","Red Cards","DeadlyEvents"],"is_ascension_mode":false,"campfire_choices":[{"data":"Brutality","floor":6,"key":"SMITH"},{"floor":8,"key":"REST"},{"data":"Wraith Form v2","floor":11,"key":"SMITH"},{"data":"Demon Form","floor":15,"key":"SMITH"}],"circlet_count":0,"master_deck":["Double Tap","Demon Form+1","Bludgeon","Feed+1","Limit Break","Corruption","Barricade","Fiend Fire","Berserk+1","Impervious","Juggernaut","Brutality+1","Reaper","Exhume","Offering","Immolate","Venomology","Corpse Explosion","Malaise","Phantasmal Killer","Die Die Die","Adrenaline","Envenom","Doppelganger","Burst","Wraith Form v2+1","Tools of the Trade","Night Terror","Unload","After Image","Bullet Time","Storm of Steel","Glass Knife","A Thousand Cuts","Calculated Gamble","Crippling Poison","A Thousand Cuts","Writhe","Outmaneuver+1"],"relics":["Ring of the Snake","Regal Pillow","Bronze Scales","Akabeko","SlaversCollar","MealTicket","Red Mask"],"acts_visited":["Exordium","TheCity"],"potions_floor_usage":[5,10,13,14,16,18,20],"damage_taken":[{"damage":23,"enemies":"2 Louse","floor":1,"turns":6},{"damage":0,"enemies":"Small Slimes","floor":2,"turns":2},{"damage":17,"enemies":"Cultist","floor":5,"turns":5},{"damage":26,"enemies":"3 Sentries","floor":7,"turns":3},{"damage":16,"enemies":"Lagavulin","floor":10,"turns":6},{"damage":13,"enemies":"3 Louse","floor":13,"turns":5},{"damage":31,"enemies":"Red Slaver","floor":14,"turns":5},{"damage":46,"enemies":"Slime Boss","floor":16,"turns":11},{"damage":32,"enemies":"Spheric Guardian","floor":18,"turns":4},{"damage":50,"enemies":"Masked Bandits","floor":20,"turns":4},{"damage":0,"enemies":"2 Thieves","floor":21,"turns":1}],"seed_played":"-1760728548950895142","potions_obtained":[{"floor":1,"key":"Fire Potion"},{"floor":2,"key":"PowerPotion"}],"is_trial":false,"path_per_floor":["M","M","$","?","M","R","E","R","T","E","R","?","M","M","R","B",null,"M","?","?","M"],"character_chosen":"THE_SILENT","items_purchased":[],"campfire_rested":1,"item_purchase_floors":[],"current_hp_per_floor":[61,64,64,48,35,35,17,59,59,55,55,55,50,47,47,25,115,83,83,36,36,36],"gold":372,"neow_bonus":"","is_daily":true,"chose_seed":false,"campfire_upgraded":3,"win_rate":0.0,"timestamp":1611111092,"path_taken":["M","M","$","?","M","R","E","R","T","E","R","?","?","M","R","BOSS","M","?","?","M"],"items_purchased_type":[],"build_version":"2020-12-22","purchased_purges":1,"victory":false,"max_hp_per_floor":[76,79,79,79,83,83,91,91,91,95,95,95,103,107,107,115,115,115,115,115,115,115],"card_choices":[{"not_picked":["Carnage","Dagger Throw","Infernal Blade"],"picked":"SKIP","floor":1},{"not_picked":["Wild Strike","Armaments","Spot Weakness"],"picked":"SKIP","floor":2},{"not_picked":["Warcry","Clothesline"],"picked":"Calculated Gamble","floor":5},{"not_picked":["Berserk","Thunderclap"],"picked":"Crippling Poison","floor":7},{"not_picked":["Thunderclap","Caltrops","Perfected Strike"],"picked":"SKIP","floor":10},{"not_picked":["Catalyst","Shrug It Off","Cleave"],"picked":"SKIP","floor":13},{"not_picked":["Quick Slash","Backflip","Barricade"],"picked":"SKIP","floor":14},{"not_picked":["Storm of Steel","Fiend Fire"],"picked":"A Thousand Cuts","floor":16},{"not_picked":["All Out Attack","Dagger Throw","Dodge and Roll+1"],"picked":"SKIP","floor":18},{"not_picked":["Clothesline","Twin Strike+1"],"picked":"Outmaneuver+1","floor":20}],"player_experience":220084,"relics_obtained":[{"floor":7,"key":"Regal Pillow"},{"floor":9,"key":"Bronze Scales"},{"floor":10,"key":"Akabeko"},{"floor":20,"key":"Red Mask"}],"event_choices":[{"damage_healed":0,"gold_gain":0,"player_choice":"Entered Light","damage_taken":16,"max_hp_gain":0,"max_hp_loss":0,"event_name":"Shining Light","floor":4,"gold_loss":0,"cards_upgraded":["Berserk","Feed"]},{"damage_healed":0,"gold_gain":78,"player_choice":"Gained Gold","damage_taken":0,"max_hp_gain":0,"max_hp_loss":0,"event_name":"Golden Wing","floor":12,"gold_loss":0},{"damage_healed":0,"gold_gain":0,"player_choice":"Opened","damage_taken":0,"relics_obtained":["MealTicket"],"max_hp_gain":0,"max_hp_loss":0,"event_name":"The Mausoleum","floor":19,"gold_loss":0,"cards_obtained":["Writhe"]},{"damage_healed":0,"gold_gain":0,"player_choice":"Fought Bandits","damage_taken":0,"max_hp_gain":0,"max_hp_loss":0,"event_name":"Masked Bandits","floor":20,"gold_loss":0}],"is_beta":false,"boss_relics":[{"not_picked":["Tiny House","Runic Pyramid"],"picked":"SlaversCollar"}],"items_purged_floors":[3],"is_endless":false,"potions_floor_spawned":[1,2,7,10,20],"killed_by":"2 Thieves","ascension_level":0}}