{"host":"0cm5wy4nhuju7tij","time":1611125455,"event":{"mods":["100% Spire Juice","2.2 Compatiblity","AchievementEnabler","Aspiration","BaseMod","Better Third Choice","BetterRewards","CCEM","CapriCore","Chen","Colored Powertips","Curses Come First","Custom Start","Displayed Cursed Tome","Downfall","Energized Spire","Evolution","Filter the Spire","Highlight Path","Jess\u0027s Bottle","Minty Spire (QoL Compilation)","Permanent Neow","Relic Stats","SOS???????","Shop Mod","Spicy Shops","StSLib","The Cursed","The Juggle","The Sage","TheFirefly"],"gold_per_floor":[109,109,109,79,95,95,129,129,129,129,163,163,186,211,211,337,337,352,352,376,394,415,454,454,497,523,61,85,85,103,142,142,249,249,293,340,48,48,92,92,150,197,197,237,237,264,264,264,264,264],"floor_reached":51,"language":"ENG","playtime":2913,"items_purged":["Strike_G","Defend_G"],"score":947,"play_id":"dddc3665-1e06-4add-a771-eeaac4b98eac","local_time":"20210120015055","is_ascension_mode":true,"campfire_choices":[{"data":"Dagger Spray","floor":6,"key":"SMITH"},{"floor":8,"key":"REST"},{"data":"Distraction","floor":12,"key":"SMITH"},{"floor":15,"key":"REST"},{"floor":24,"key":"REST"},{"data":"Envenom","floor":32,"key":"SMITH"},{"data":"Wraith Form v2","floor":40,"key":"SMITH"},{"data":"Crippling Poison","floor":45,"key":"SMITH"},{"data":"Enlightenment","floor":47,"key":"SMITH"},{"data":"Infinite Blades","floor":49,"key":"SMITH"}],"circlet_count":0,"master_deck":["Sucker Punch","Strike_G","Strike_G","Defend_G","Defend_G","Defend_G","Survivor","Neutralize","PiercingWail","Poisoned Stab","Dagger Spray+1","Distraction+1","Crippling Poison+1","Deadly Poison","Backstab","Envenom+1","Distraction+1","J.A.X.","Dodge and Roll+1","Backflip","Crippling Poison+1","Dagger Spray","Backflip","Infinite Blades+1","Flying Knee","Deflect+1","Well Laid Plans+1","Flying Knee","Wraith Form v2+1","Infinite Blades","Outmaneuver+1","Cloak And Dagger+1","Endless Agony","Bouncing Flask+1","Backflip","Acrobatics+1","Blade Dance+1","Sucker Punch","Bullet Time","Cloak And Dagger+1","Acrobatics","PiercingWail","Eviscerate","Leg Sweep","Underhanded Strike+1","Dodge and Roll","PiercingWail+1","Enlightenment+1","Jack Of All Trades","Master of Strategy"],"relics":["Ring of the Snake","EVO:Axolotl","Bloody Idol","Potion Belt","Regal Pillow","FaceOfCleric","aspiration:FetidBarrel","energizedSpire:DeadBattery","aspiration:FrozenJewel","Snake Skull","Boot","Sling","Strawberry","CeramicFish","energizedSpire:StickyHand","Omamori","Bag of Marbles","Vajra"],"acts_visited":["Exordium","TheCity","TheBeyond"],"potions_floor_usage":[33,33],"damage_taken":[{"damage":8,"enemies":"Jaw Worm","floor":1,"turns":4},{"damage":0,"enemies":"2 Louse","floor":5,"turns":3},{"damage":16,"enemies":"3 Sentries","floor":7,"turns":8},{"damage":10,"enemies":"Gremlin Nob","floor":11,"turns":4},{"damage":2,"enemies":"Cultist","floor":13,"turns":4},{"damage":6,"enemies":"Looter","floor":14,"turns":3},{"damage":21,"enemies":"Hexaghost","floor":16,"turns":8},{"damage":6,"enemies":"3 Byrds","floor":18,"turns":3},{"damage":3,"enemies":"Chosen","floor":20,"turns":4},{"damage":15,"enemies":"Sentry and Sphere","floor":21,"turns":4},{"damage":13,"enemies":"Snecko","floor":22,"turns":4},{"damage":0,"enemies":"Slavers","floor":23,"turns":5},{"damage":3,"enemies":"Gremlin Leader","floor":25,"turns":5},{"damage":12,"enemies":"Snake Plant","floor":28,"turns":3},{"damage":3,"enemies":"Centurion and Healer","floor":30,"turns":4},{"damage":5,"enemies":"Slavers","floor":31,"turns":3},{"damage":23,"enemies":"Champ","floor":33,"turns":8},{"damage":14,"enemies":"3 Darklings","floor":35,"turns":4},{"damage":0,"enemies":"Orb Walker","floor":36,"turns":3},{"damage":3,"enemies":"4 Shapes","floor":39,"turns":2},{"damage":35,"enemies":"Giant Head","floor":41,"turns":7},{"damage":10,"enemies":"Jaw Worm Horde","floor":42,"turns":2},{"damage":24,"enemies":"Maw","floor":44,"turns":5},{"damage":55,"enemies":"Time Eater","floor":50,"turns":12}],"seed_played":"2601976938178284087","potions_obtained":[{"floor":1,"key":"Strength Potion"},{"floor":4,"key":"DistilledChaos"},{"floor":4,"key":"Guardian:BlockOnCardUsePotion"},{"floor":7,"key":"GamblersBrew"},{"floor":13,"key":"Weak Potion"},{"floor":20,"key":"FairyPotion"},{"floor":35,"key":"Dexterity Potion"},{"floor":41,"key":"Swift Potion"}],"is_trial":false,"path_per_floor":["M","?","?","?","M","R","E","R","T","?","E","R","M","M","R","B",null,"M","?","M","M","M","E","R","E","T","$","M","?","M","E","R","B",null,"M","M","$","?","M","R","E","M","T","M","R","?","R","?","R","B",null],"character_chosen":"THE_SILENT","items_purchased":["Infinite Blades","Sling","Strawberry","Flying Knee","Omamori","Blade Dance"],"campfire_rested":3,"item_purchase_floors":[27,27,27,27,37,37],"current_hp_per_floor":[62,62,55,55,55,55,39,58,58,58,49,49,48,43,68,48,69,64,64,62,48,36,37,74,72,72,79,68,68,71,77,77,65,86,87,88,88,88,89,89,75,86,86,83,83,92,92,92,92,38],"gold":264,"neow_bonus":"TRANSFORM_CARD","is_daily":false,"chose_seed":false,"campfire_upgraded":7,"win_rate":0.0,"timestamp":1611125455,"path_taken":["M","?","?","?","?","R","E","R","T","?","E","R","M","M","R","BOSS","M","?","M","M","M","E","R","E","T","$","M","?","M","E","R","BOSS","M","M","$","?","M","R","E","M","T","M","R","?","R","?","R","BOSS"],"items_purchased_type":["Card","Relic","Relic","Card","Relic","Card"],"build_version":"2020-12-22","purchased_purges":2,"victory":true,"max_hp_per_floor":[70,65,65,65,65,65,65,65,65,65,66,66,67,68,68,69,69,70,70,71,72,73,74,74,75,75,82,83,83,84,85,85,86,86,87,88,88,88,89,89,90,91,91,92,92,92,92,92,92,93],"relic_stats":{"Regal Pillow":20,"FaceOfCleric":21,"counters":[24,112],"Bloody Idol":111,"CeramicFish":216,"Snake Skull":[312],"Boot":[55],"obtain_stats":[{"Potion Belt":7,"Regal Pillow":9,"Golden Idol":2,"aspiration:FetidBarrel":11,"CeramicFish":31,"Vajra":43,"Snake Skull":25,"Omamori":37,"EVO:Axolotl":0,"energizedSpire:StickyHand":34,"energizedSpire:DeadBattery":17,"Boot":26,"Sling":27,"aspiration:FrozenJewel":23,"FaceOfCleric":10,"Strawberry":27,"Bloody Idol":29,"Bag of Marbles":41,"Ring of the Snake":0},{"Potion Belt":3,"Regal Pillow":3,"Golden Idol":1,"aspiration:FetidBarrel":4,"CeramicFish":16,"Vajra":22,"Snake Skull":13,"Omamori":19,"EVO:Axolotl":0,"energizedSpire:StickyHand":17,"energizedSpire:DeadBattery":7,"Boot":13,"Sling":13,"aspiration:FrozenJewel":12,"FaceOfCleric":3,"Strawberry":13,"Bloody Idol":14,"Bag of Marbles":21,"Ring of the Snake":0},{"Potion Belt":15,"Regal Pillow":15,"Golden Idol":4,"aspiration:FetidBarrel":19,"CeramicFish":69,"Vajra":95,"Snake Skull":59,"Omamori":84,"EVO:Axolotl":0,"energizedSpire:StickyHand":77,"energizedSpire:DeadBattery":34,"Boot":59,"Sling":59,"aspiration:FrozenJewel":54,"FaceOfCleric":15,"Strawberry":59,"Bloody Idol":62,"Bag of Marbles":93,"Ring of the Snake":0}],"Ring of the Snake":[48]},"card_choices":[{"not_picked":["Eviscerate","Slice"],"picked":"Poisoned Stab","floor":1},{"not_picked":["Eviscerate","Endless Agony"],"picked":"Dagger Spray","floor":5},{"not_picked":["Eviscerate","Accuracy"],"picked":"Distraction","floor":7},{"not_picked":["Tools of the Trade","Well Laid Plans"],"picked":"Crippling Poison","floor":11},{"not_picked":["Blade Dance","PiercingWail"],"picked":"Deadly Poison","floor":13},{"not_picked":["Infinite Blades","Footwork"],"picked":"Backstab","floor":14},{"not_picked":["Corpse Explosion","Unload"],"picked":"Envenom","floor":16},{"not_picked":["Blade Dance","Quick Slash"],"picked":"Distraction+1","floor":18},{"not_picked":["Dagger Throw","Outmaneuver"],"picked":"Dodge and Roll+1","floor":20},{"not_picked":["Prepared","Tactician+1"],"picked":"Backflip","floor":21},{"not_picked":["Blade Dance","Outmaneuver+1"],"picked":"Crippling Poison+1","floor":22},{"not_picked":["Venomology","Finisher"],"picked":"Dagger Spray","floor":23},{"not_picked":["Sucker Punch","Bane"],"picked":"Backflip","floor":25},{"not_picked":["Poisoned Stab+1","Underhanded Strike"],"picked":"Deflect+1","floor":28},{"not_picked":["Dagger Throw+1","Outmaneuver"],"picked":"Well Laid Plans+1","floor":30},{"not_picked":["Backflip","Outmaneuver"],"picked":"Flying Knee","floor":31},{"not_picked":["Venomology","After Image"],"picked":"Wraith Form v2","floor":33},{"not_picked":["Infinite Blades","Outmaneuver+1"],"picked":"Cloak And Dagger+1","floor":35},{"not_picked":["Endless Agony","Backflip"],"picked":"Bouncing Flask+1","floor":36},{"not_picked":["Acrobatics+1","Sucker Punch"],"picked":"Blade Dance+1","floor":39},{"not_picked":["Bullet Time","Acrobatics"],"picked":"Cloak And Dagger+1","floor":41},{"not_picked":["PiercingWail","Leg Sweep"],"picked":"Eviscerate","floor":42},{"not_picked":["Underhanded Strike+1","PiercingWail+1"],"picked":"Dodge and Roll","floor":44},{"not_picked":["Enlightenment","Master of Strategy"],"picked":"Jack Of All Trades","floor":46}],"player_experience":216502,"relics_obtained":[{"floor":7,"key":"Potion Belt"},{"floor":9,"key":"Regal Pillow"},{"floor":11,"key":"aspiration:FetidBarrel"},{"floor":23,"key":"aspiration:FrozenJewel"},{"floor":25,"key":"Snake Skull"},{"floor":26,"key":"Boot"},{"floor":31,"key":"CeramicFish"},{"floor":41,"key":"Bag of Marbles"},{"floor":43,"key":"Vajra"}],"event_choices":[{"damage_healed":0,"gold_gain":0,"player_choice":"Lose Max HP","damage_taken":0,"relics_obtained":["Golden Idol"],"max_hp_gain":0,"max_hp_loss":5,"event_name":"Golden Idol","floor":2,"gold_loss":0},{"cards_removed":["Strike_G"],"damage_healed":0,"gold_gain":0,"player_choice":"Card Removal","damage_taken":7,"max_hp_gain":0,"max_hp_loss":0,"event_name":"Golden Wing","floor":3,"gold_loss":0},{"damage_healed":0,"gold_gain":0,"player_choice":"Bought 2 Potions","damage_taken":0,"max_hp_gain":0,"max_hp_loss":0,"event_name":"The Woman in Blue","floor":4,"gold_loss":0},{"damage_healed":0,"gold_gain":0,"player_choice":"Trade","damage_taken":0,"relics_obtained":["FaceOfCleric"],"max_hp_gain":0,"max_hp_loss":0,"event_name":"FaceTrader","floor":10,"gold_loss":0},{"damage_healed":0,"gold_gain":0,"player_choice":"Obtain J.A.X.","damage_taken":0,"max_hp_gain":0,"max_hp_loss":0,"event_name":"Drug Dealer","floor":19,"gold_loss":0,"cards_obtained":["J.A.X."]},{"damage_healed":0,"gold_gain":0,"player_choice":"Gave Idol","damage_taken":0,"relics_obtained":["Bloody Idol"],"max_hp_gain":0,"max_hp_loss":0,"event_name":"Forgotten Altar","floor":29,"relics_lost":["Golden Idol"],"gold_loss":0},{"cards_removed":["Blade Dance"],"damage_healed":0,"gold_gain":0,"player_choice":"Removed Skill","damage_taken":0,"max_hp_gain":0,"max_hp_loss":0,"event_name":"Falling","floor":38,"gold_loss":0},{"damage_healed":0,"gold_gain":0,"player_choice":"Memory 1","damage_taken":0,"max_hp_gain":0,"max_hp_loss":0,"event_name":"SensoryStone","floor":46,"gold_loss":0},{"damage_healed":0,"gold_gain":0,"player_choice":"Ignored","damage_taken":0,"max_hp_gain":0,"max_hp_loss":0,"event_name":"Tomb of Lord Red Mask","floor":48,"gold_loss":0}],"is_beta":false,"boss_relics":[{"not_picked":["Coffee Dripper","aspiration:PoetsPen_weak"],"picked":"energizedSpire:DeadBattery"},{"not_picked":["Ring of the Serpent","Velvet Choker"],"picked":"energizedSpire:StickyHand"}],"items_purged_floors":[27,37],"is_endless":false,"potions_floor_spawned":[1,7,13,14,18,20,21,30,35,41],"ascension_level":2}}