{"host":"gqhy17d1xpb1p3ki","time":1611118789,"event":{"mods":["2.2 Compatiblity","AchievementEnabler","BaseMod","Colored Map","Colored Powertips","Curses Come First","Downfall","Hermit","Marisa????????","Minty Spire (QoL Compilation)","Rare Cards Sparkle","Shop Mod","StSLib","The Animator","The Cursed","The Servant 0.9.4"],"gold_per_floor":[99,116,63,74,19,33,60,76,76,88,88,107,107,142,155,257,257,257,283,35,45,37,44,44],"floor_reached":23,"language":"ENG","playtime":1518,"items_purged":[],"score":218,"play_id":"5092455f-70e7-4a4a-8364-c0e44b3a2aaa","local_time":"20210119235949","is_ascension_mode":false,"campfire_choices":[{"data":"hermit:Snapshot","floor":1,"key":"SMITH"},{"data":"hermit:Dive","floor":9,"key":"SMITH"},{"data":"hermit:WideOpen","floor":11,"key":"SMITH"},{"data":"hermit:Misfire","floor":13,"key":"SMITH"},{"data":"hermit:Scavenge","floor":18,"key":"SMITH"}],"circlet_count":0,"master_deck":["hermit:Strike_Hermit","hermit:Strike_Hermit","hermit:Strike_Hermit","hermit:Strike_Hermit","hermit:Defend_Hermit","hermit:Defend_Hermit","hermit:Defend_Hermit","hermit:Defend_Hermit","hermit:Snapshot+1","hermit:Covet","hermit:Misfire+1","hermit:Dive+1","hermit:ShadowCloak","hermit:WideOpen+1","hermit:TrackingShot","hermit:TakeAim","hermit:PistolWhip","hermit:HighCaliber","hermit:Enervate","hermit:TrackingShot","hermit:Scavenge+1","hermit:Gambit","hermit:FromBeyond","hermit:HoleUp+1","hermit:BodyArmor","hermit:GhostlyPresence","hermit:Quickdraw+1","hermit:Headshot+1"],"relics":["hermit:Momento","Bag of Marbles","Boot","Philosopher\u0027s Stone","hermit:PetGhost"],"acts_visited":["Exordium","TheCity"],"potions_floor_usage":[23],"damage_taken":[{"damage":6,"enemies":"Cultist","floor":2,"turns":3},{"damage":0,"enemies":"downfall:FleeingMerchant","floor":3,"turns":4},{"damage":1,"enemies":"Small Slimes","floor":4,"turns":3},{"damage":9,"enemies":"downfall:FleeingMerchant","floor":5,"turns":4},{"damage":6,"enemies":"Jaw Worm","floor":6,"turns":3},{"damage":2,"enemies":"2 Fungi Beasts","floor":8,"turns":3},{"damage":1,"enemies":"Red Slaver","floor":10,"turns":2},{"damage":0,"enemies":"3 Louse","floor":12,"turns":1},{"damage":0,"enemies":"Lagavulin","floor":14,"turns":2},{"damage":0,"enemies":"2 Fungi Beasts","floor":15,"turns":1},{"damage":49,"enemies":"IC_STATUS_ARCHETYPE","floor":16,"turns":9},{"damage":4,"enemies":"Shell Parasite","floor":19,"turns":3},{"damage":9,"enemies":"downfall:FleeingMerchant","floor":20,"turns":4},{"damage":24,"enemies":"Cultist and Chosen","floor":21,"turns":7},{"damage":9,"enemies":"downfall:FleeingMerchant","floor":22,"turns":4},{"damage":100035,"enemies":"Slavers","floor":23,"turns":3}],"seed_played":"-1256270952291852372","potions_obtained":[{"floor":4,"key":"Dexterity Potion"},{"floor":8,"key":"FearPotion"},{"floor":10,"key":"hexamod:SoulburnPotion"}],"is_trial":false,"path_per_floor":["R","M","$","M","$","M","T","M","R","M","R","M","R","E","M","B",null,"R","M","$","M","$","E"],"character_chosen":"HERMIT","items_purchased":["hermit:ShadowCloak","hermit:TakeAim","hermit:GhostlyPresence","hermit:PetGhost"],"campfire_rested":0,"item_purchase_floors":[3,5,20,20],"current_hp_per_floor":[82,76,76,75,66,60,60,58,58,57,57,57,57,57,57,8,82,82,78,69,45,36,0,0],"gold":44,"neow_bonus":"TEN_PERCENT_HP_BONUS","is_daily":false,"chose_seed":false,"campfire_upgraded":5,"win_rate":0.0,"timestamp":1611118789,"path_taken":["R","M","$","M","$","M","T","M","R","M","R","M","R","E","M","BOSS","R","M","$","?","$","E"],"items_purchased_type":["Card","Card","Card","Relic"],"build_version":"2020-12-22","purchased_purges":0,"victory":false,"max_hp_per_floor":[82,82,82,82,82,82,82,82,82,82,82,82,82,82,82,82,82,82,82,82,82,82,82,82],"card_choices":[{"not_picked":["hermit:Desperado","hermit:Midnight"],"picked":"hermit:Misfire","floor":2},{"not_picked":["hermit:TrackingShot","hermit:ItchyTrigger"],"picked":"hermit:Dive","floor":3},{"not_picked":["hermit:Vantage","hermit:Malice"],"picked":"hermit:WideOpen","floor":4},{"not_picked":["hermit:Manifest","hermit:Quickdraw"],"picked":"hermit:TrackingShot","floor":5},{"not_picked":["hermit:HighCaliber","hermit:RoundhouseKick"],"picked":"hermit:PistolWhip","floor":6},{"not_picked":["hermit:Manifest","hermit:Feint"],"picked":"hermit:HighCaliber","floor":8},{"not_picked":["hermit:HighCaliber","hermit:Combo"],"picked":"hermit:Enervate","floor":10},{"not_picked":["hermit:Snipe","hermit:DeadMansHand"],"picked":"hermit:TrackingShot","floor":12},{"not_picked":["hermit:Vantage","hermit:Virtue"],"picked":"hermit:Scavenge","floor":14},{"not_picked":["hermit:TakeAim","hermit:Midnight"],"picked":"hermit:Gambit","floor":15},{"not_picked":["hermit:Purgatory","hermit:OverwhelmingPower"],"picked":"hermit:FromBeyond","floor":16},{"not_picked":["hermit:ItchyTrigger+1","hermit:DeadMansHand+1"],"picked":"hermit:HoleUp+1","floor":19},{"not_picked":["hermit:Roulette","hermit:TrackingShot+1"],"picked":"hermit:BodyArmor","floor":20},{"not_picked":["hermit:SprayPray","hermit:Enervate+1"],"picked":"hermit:Quickdraw+1","floor":21},{"not_picked":["hermit:SprayPray","hermit:Snipe+1"],"picked":"hermit:Headshot+1","floor":22}],"player_experience":370473,"relics_obtained":[{"floor":7,"key":"Bag of Marbles"},{"floor":14,"key":"Boot"}],"event_choices":[],"is_beta":false,"boss_relics":[{"not_picked":["hermit:BartenderGlass","SlaversCollar"],"picked":"Philosopher\u0027s Stone"}],"items_purged_floors":[],"is_endless":false,"potions_floor_spawned":[4,8,10,12,15],"killed_by":"Slavers","ascension_level":0}}