{"host":"i0avyit1s6jb1siw","time":1611148248,"event":{"mods":["BaseMod","DeckTracker","Dota2Spire","Highlight Path","Minty Spire (QoL Compilation)","Quick Restart","StSLib","SuperFastMode"],"gold_per_floor":[112,37,37,50,60,60,89,103,103,103,114,147,247,266,266,338,338,357,368,378,378,81,114,114,128,128,154,204,204,221,231,250,250,329,329,349,3,22,22,22,55,55,102,174,187,187,215,215,215],"floor_reached":48,"language":"ENG","playtime":1678,"items_purged":["Strike_G","Strike_G"],"score":1044,"play_id":"2bfdac08-2986-4ce5-b44d-3078dfe934b0","local_time":"20210120141048","is_ascension_mode":true,"campfire_choices":[{"data":"Quick Slash","floor":6.0,"key":"SMITH"},{"floor":10.0,"key":"REST"},{"data":"Neutralize","floor":15.0,"key":"SMITH"},{"floor":24,"key":"REST"},{"floor":29,"key":"REST"},{"floor":33,"key":"REST"},{"floor":42,"key":"RECALL"},{"floor":46,"key":"REST"}],"circlet_count":0,"master_deck":["AscendersBane","Defend_G","Defend_G","Defend_G","Defend_G","Survivor","Neutralize+1","Dash","Quick Slash+1","Masterful Stab","Blade Dance","Flying Knee","Infinite Blades","Outmaneuver","Wraith Form v2","Crippling Poison","Terror","Metamorphosis","Predator","Flechettes","After Image","Reflex+1","Blade Dance+1","Night Terror+1","Riddle With Holes","Crippling Poison"],"relics":["Snecko Eye","Akabeko","Happy Flower","Dota2Spire:AghanimScepter","Dota2Spire:RefresherOrb","Dota2Spire:Satanic","Potion Belt","Dota2Spire:MagicBottle","Astrolabe","Membership Card","TungstenRod","FossilizedHelix","StoneCalendar","Dota2Spire:DivineRapier"],"acts_visited":["Exordium","TheCity","TheBeyond"],"potions_floor_usage":[16,34,34,34,34],"damage_taken":[{"damage":0.0,"enemies":"2 Louse","floor":1.0,"turns":4.0},{"damage":6.0,"enemies":"Cultist","floor":4.0,"turns":5.0},{"damage":4.0,"enemies":"Jaw Worm","floor":5.0,"turns":4.0},{"damage":18.0,"enemies":"3 Sentries","floor":7.0,"turns":9.0},{"damage":13.0,"enemies":"Exordium Thugs","floor":8.0,"turns":5.0},{"damage":2.0,"enemies":"Lots of Slimes","floor":11.0,"turns":5.0},{"damage":6.0,"enemies":"Gremlin Nob","floor":12.0,"turns":3.0},{"damage":6.0,"enemies":"Large Slime","floor":14.0,"turns":5.0},{"damage":33,"enemies":"The Guardian","floor":16,"turns":13},{"damage":6,"enemies":"3 Byrds","floor":18,"turns":5},{"damage":24,"enemies":"Chosen","floor":19,"turns":6},{"damage":9,"enemies":"Snecko","floor":20,"turns":6},{"damage":10,"enemies":"Book of Stabbing","floor":23,"turns":6},{"damage":9,"enemies":"Centurion and Healer","floor":25,"turns":5},{"damage":2,"enemies":"3 Cultists","floor":30,"turns":4},{"damage":0,"enemies":"Snake Plant","floor":31,"turns":5},{"damage":0,"enemies":"Centurion and Healer","floor":32,"turns":5},{"damage":41,"enemies":"Collector","floor":34,"turns":7},{"damage":15,"enemies":"Orb Walker","floor":36,"turns":3},{"damage":0,"enemies":"3 Shapes","floor":38,"turns":5},{"damage":19,"enemies":"Giant Head","floor":41,"turns":7},{"damage":7,"enemies":"2 Orb Walkers","floor":43,"turns":6},{"damage":12,"enemies":"Transient","floor":45,"turns":6},{"damage":22,"enemies":"Reptomancer","floor":47,"turns":4},{"damage":20,"enemies":"3 Darklings","floor":48,"turns":1}],"seed_played":"1514077719202882477","potions_obtained":[{"floor":1.0,"key":"Swift Potion"},{"floor":7.0,"key":"FearPotion"},{"floor":8.0,"key":"Energy Potion"},{"floor":14.0,"key":"FairyPotion"},{"floor":18,"key":"GamblersBrew"},{"floor":21,"key":"LiquidMemories"},{"floor":31,"key":"LiquidMemories"},{"floor":32,"key":"ColorlessPotion"},{"floor":41,"key":"LiquidMemories"},{"floor":47,"key":"Strength Potion"}],"is_trial":false,"path_per_floor":["M","$","?","M","M","R","E","M","T","R","M","E","?","M","R","B",null,"M","M","M","?","$","E","R","M","T","T","?","R","M","M","M","R","B",null,"M","$","M","?","?","E","R","?","T","M","R","E","M"],"character_chosen":"THE_SILENT","items_purchased":["Metamorphosis","Membership Card","TungstenRod"],"campfire_rested":5,"item_purchase_floors":[22,37,37],"current_hp_per_floor":[59,59,59,53,49,49,31,18,18,37,35,29,29,23,23,9,52,46,22,13,13,13,3,22,13,13,13,13,32,30,30,30,49,8,52,37,37,37,37,37,18,18,20,20,8,26,10,0,0],"gold":215,"neow_bonus":"BOSS_RELIC","is_daily":false,"chose_seed":true,"campfire_upgraded":2,"win_rate":0.0,"timestamp":1611148248,"path_taken":["M","$","?","?","M","R","E","M","T","R","M","E","?","M","R","BOSS","M","M","M","?","?","E","R","?","T","T","?","R","M","M","M","R","BOSS","M","$","?","?","?","E","R","?","T","M","R","E","M"],"items_purchased_type":["Card","Relic","Relic"],"build_version":"2020-12-22","purchased_purges":2,"victory":false,"max_hp_per_floor":[66,66,66,66,66,66,66,66,66,66,66,66,66,66,66,66,66,66,66,66,66,66,66,66,66,66,66,66,66,66,66,66,66,66,66,66,66,66,66,63,63,63,63,63,63,63,63,63,63],"card_choices":[{"not_picked":["Tactician","Well Laid Plans","Bane"],"picked":"SKIP","floor":1.0},{"not_picked":["Bane","Finisher"],"picked":"Dash","floor":4.0},{"not_picked":["Distraction","Acrobatics"],"picked":"Quick Slash","floor":5.0},{"not_picked":["Masterful Stab","Setup","Infinite Blades"],"picked":"SKIP","floor":7.0},{"not_picked":["Setup","Infinite Blades"],"picked":"Masterful Stab","floor":7.0},{"not_picked":["Backflip","Deflect"],"picked":"Blade Dance","floor":8.0},{"not_picked":["Quick Slash","Slice"],"picked":"Flying Knee","floor":11.0},{"not_picked":["Slice","Venomology"],"picked":"Infinite Blades","floor":12.0},{"not_picked":["Tactician","Acrobatics"],"picked":"Outmaneuver","floor":14.0},{"not_picked":["Unload","Venomology"],"picked":"Wraith Form v2","floor":16},{"not_picked":["Dagger Spray+1","Prepared+1","Distraction"],"picked":"SKIP","floor":18},{"not_picked":["Dagger Throw","Infinite Blades"],"picked":"Crippling Poison","floor":19},{"not_picked":["Slice","Infinite Blades"],"picked":"Terror","floor":20},{"not_picked":["Well Laid Plans","Poisoned Stab"],"picked":"Predator","floor":23},{"not_picked":["Flying Knee+1","Deadly Poison+1","Dagger Spray+1"],"picked":"SKIP","floor":25},{"not_picked":["Flying Knee","Slice"],"picked":"Flechettes","floor":30},{"not_picked":["Finisher","Tactician","Sucker Punch"],"picked":"SKIP","floor":31},{"not_picked":["Flying Knee","Adrenaline","Outmaneuver"],"picked":"SKIP","floor":32},{"not_picked":["Corpse Explosion","Burst"],"picked":"After Image","floor":34},{"not_picked":["Underhanded Strike","Sucker Punch","Dodge and Roll"],"picked":"SKIP","floor":36},{"not_picked":["Blade Dance","Dagger Throw"],"picked":"Riddle With Holes","floor":38},{"not_picked":["Well Laid Plans","PiercingWail","Catalyst+1"],"picked":"SKIP","floor":41},{"not_picked":["Slice+1","Deflect"],"picked":"Crippling Poison","floor":45},{"not_picked":["Flying Knee","Distraction","Tactician"],"picked":"SKIP","floor":47}],"player_experience":2305109,"relics_obtained":[{"floor":7.0,"key":"Akabeko"},{"floor":9.0,"key":"Happy Flower"},{"floor":12.0,"key":"Dota2Spire:AghanimScepter"},{"floor":23,"key":"Dota2Spire:Satanic"},{"floor":26,"key":"Potion Belt"},{"floor":27,"key":"Dota2Spire:MagicBottle"},{"floor":41,"key":"FossilizedHelix"},{"floor":43,"key":"StoneCalendar"},{"floor":47,"key":"Dota2Spire:DivineRapier"}],"event_choices":[{"damage_healed":0.0,"max_hp_gain":0.0,"max_hp_loss":0.0,"gold_gain":0.0,"event_name":"Match and Keep!","player_choice":"0 cards matched","floor":3.0,"gold_loss":0.0,"damage_taken":0.0,"cards_obtained":[]},{"damage_healed":0.0,"max_hp_gain":0.0,"max_hp_loss":0.0,"gold_gain":100.0,"event_name":"Wheel of Change","player_choice":"Gold","floor":13.0,"gold_loss":0.0,"damage_taken":0.0},{"damage_healed":0,"gold_gain":0,"player_choice":"Got Potions","damage_taken":0,"max_hp_gain":0,"max_hp_loss":0,"event_name":"Lab","floor":21,"gold_loss":0},{"damage_healed":0,"gold_gain":50,"player_choice":"Pray","damage_taken":0,"max_hp_gain":0,"max_hp_loss":0,"event_name":"Golden Shrine","floor":28,"gold_loss":0},{"cards_removed":["Defend_G"],"damage_healed":0,"gold_gain":0,"player_choice":"Removed Skill","damage_taken":0,"max_hp_gain":0,"max_hp_loss":0,"event_name":"Falling","floor":39,"gold_loss":0},{"damage_healed":0,"gold_gain":0,"player_choice":"Max HP","damage_taken":0,"max_hp_gain":0,"max_hp_loss":3,"event_name":"Winding Halls","floor":40,"gold_loss":0},{"damage_healed":0,"gold_gain":0,"player_choice":"Fight","damage_taken":0,"max_hp_gain":0,"max_hp_loss":0,"event_name":"Mysterious Sphere","floor":43,"gold_loss":0}],"is_beta":false,"boss_relics":[{"not_picked":["Dota2Spire:Bloodstone","Calling Bell"],"picked":"Dota2Spire:RefresherOrb"},{"not_picked":["Tiny House","Coffee Dripper"],"picked":"Astrolabe"}],"items_purged_floors":[2,22],"is_endless":false,"potions_floor_spawned":[1,7,8,11,14,18,25,31,32,41,47],"killed_by":"3 Darklings","ascension_level":20}}