{"host":"1a3cjta80tad0aqj","time":1611100817,"event":{"mods":["2.2 Compatiblity","AchievementEnabler","BaseMod","Colored Map","DeckTracker","KOR Keyword Fix","Keyboard Shortcuts","Minty Spire (QoL Compilation)","Permanent Neow","Quick Restart","Random Character Button","StSLib","SuperFastMode","everything is the same but u backflip on backflip"],"gold_per_floor":[113,113,130,144,29,29,42,58,58,85,85,104,104,136,136,210,210,224,224,149,169,196,196,196,196],"floor_reached":24,"language":"KOR","playtime":1015,"items_purged":["Defend_P"],"score":462,"play_id":"d6818fd1-3d0d-4779-89a3-dd920cf56a43","local_time":"20210120090017","is_ascension_mode":true,"campfire_choices":[{"data":"Vigilance","floor":6.0,"key":"SMITH"},{"floor":11.0,"key":"REST"},{"data":"EmptyMind","floor":13.0,"key":"SMITH"},{"data":"Conclude","floor":15.0,"key":"SMITH"},{"floor":23.0,"key":"REST"}],"circlet_count":0,"master_deck":["AscendersBane","Strike_P","Strike_P","Strike_P","Defend_P","Defend_P","Defend_P","Eruption+1","Vigilance+1","EmptyBody","FlurryOfBlows","EmptyMind+1","Conclude+1","Meditate","EmptyFist","Halt","Blasphemy","Wallop"],"relics":["PureWater","PreservedInsect","Kunai","Yang","Pantograph","Black Star","Tiny Chest"],"acts_visited":["Exordium","TheCity"],"potions_floor_usage":[24],"damage_taken":[{"damage":2.0,"enemies":"Small Slimes","floor":1.0,"turns":4.0},{"damage":8.0,"enemies":"Cultist","floor":3.0,"turns":5.0},{"damage":4.0,"enemies":"Jaw Worm","floor":4.0,"turns":6.0},{"damage":7.0,"enemies":"Exordium Wildlife","floor":7.0,"turns":9.0},{"damage":5.0,"enemies":"Blue Slaver","floor":8.0,"turns":4.0},{"damage":6.0,"enemies":"Lagavulin","floor":10.0,"turns":6.0},{"damage":5.0,"enemies":"Looter","floor":12.0,"turns":3.0},{"damage":0.0,"enemies":"3 Sentries","floor":14.0,"turns":5.0},{"damage":61.0,"enemies":"Slime Boss","floor":16.0,"turns":10.0},{"damage":16.0,"enemies":"Shell Parasite","floor":18.0,"turns":4.0},{"damage":24.0,"enemies":"Chosen","floor":21.0,"turns":6.0},{"damage":52,"enemies":"Slavers","floor":24,"turns":1}],"seed_played":"-326747062618535877","potions_obtained":[{"floor":1.0,"key":"ColorlessPotion"},{"floor":4.0,"key":"DuplicationPotion"},{"floor":14.0,"key":"GamblersBrew"}],"is_trial":false,"path_per_floor":["M","?","M","M","$","R","M","M","T","E","R","M","R","E","R","B",null,"M","?","?","M","T","R","E"],"character_chosen":"WATCHER","items_purchased":["EmptyMind"],"campfire_rested":2,"item_purchase_floors":[5],"current_hp_per_floor":[59,59,51,47,47,47,40,35,35,29,49,44,44,44,44,7,53,37,37,37,13,13,33,0,0],"gold":196,"neow_bonus":"RANDOM_COMMON_RELIC","is_daily":false,"chose_seed":false,"campfire_upgraded":3,"win_rate":0.0,"timestamp":1611100817,"path_taken":["M","?","M","M","$","R","M","M","T","E","R","?","R","E","R","BOSS","M","?","?","M","?","R","E"],"items_purchased_type":["Card"],"build_version":"2020-12-22","purchased_purges":1,"victory":false,"max_hp_per_floor":[68,68,68,68,68,68,68,68,68,68,68,68,68,68,68,68,68,68,68,68,68,68,68,68,68],"card_choices":[{"not_picked":["CarveReality","Wireheading","Vengeance"],"picked":"SKIP","floor":1.0},{"not_picked":["LikeWater","ForeignInfluence"],"picked":"EmptyBody","floor":3.0},{"not_picked":["PathToVictory","Nirvana"],"picked":"FlurryOfBlows","floor":4.0},{"not_picked":["PathToVictory","EmptyFist"],"picked":"Conclude","floor":7.0},{"not_picked":["ClearTheMind","EmptyBody","SpiritShield"],"picked":"SKIP","floor":8.0},{"not_picked":["PathToVictory","FlyingSleeves"],"picked":"Meditate","floor":10.0},{"not_picked":["Swivel","Prostrate"],"picked":"EmptyFist","floor":12.0},{"not_picked":["Evaluate","InnerPeace"],"picked":"Halt","floor":14.0},{"not_picked":["MasterReality","Brilliance"],"picked":"Blasphemy","floor":16.0},{"not_picked":["ReachHeaven+1","EmptyBody","Swivel"],"picked":"SKIP","floor":18.0},{"not_picked":["Crescendo","Weave"],"picked":"Wallop","floor":21.0}],"player_experience":798688,"relics_obtained":[{"floor":9.0,"key":"Kunai"},{"floor":10.0,"key":"Yang"},{"floor":14.0,"key":"Pantograph"},{"floor":22.0,"key":"Tiny Chest"}],"event_choices":[{"damage_healed":0.0,"max_hp_gain":0.0,"max_hp_loss":0.0,"gold_gain":0.0,"event_name":"Accursed Blacksmith","player_choice":"Forge","floor":2.0,"gold_loss":0.0,"damage_taken":0.0,"cards_upgraded":["Eruption"]},{"damage_healed":0.0,"max_hp_gain":0.0,"max_hp_loss":0.0,"gold_gain":0.0,"event_name":"Ghosts","player_choice":"Ignored","floor":19.0,"gold_loss":0.0,"damage_taken":0.0},{"cards_removed":["Strike_P"],"damage_healed":0.0,"max_hp_gain":0.0,"max_hp_loss":0.0,"gold_gain":0.0,"event_name":"Beggar","player_choice":"Gave Gold","floor":20.0,"gold_loss":75.0,"damage_taken":0.0}],"is_beta":false,"boss_relics":[{"not_picked":["Tiny House","Coffee Dripper"],"picked":"Black Star"}],"items_purged_floors":[5],"is_endless":false,"potions_floor_spawned":[1,4,14,16],"killed_by":"Slavers","ascension_level":20}}