{"host":"kvo7eymyd21g9abd","time":1611182499,"event":{"mods":["AchievementEnabler","BaseMod","Bestiary","Colored Map","Minty Spire (QoL Compilation)","StSLib"],"gold_per_floor":[110,61,61,75,93,126,91,117,117,117,117,117,143,157,157,157,157],"floor_reached":16,"language":"ENG","playtime":700,"items_purged":[],"score":148,"play_id":"cea35b44-d52f-488b-af50-b55de49ec7ee","local_time":"20210120174139","is_ascension_mode":true,"campfire_choices":[{"floor":12,"key":"REST"},{"floor":15,"key":"REST"}],"circlet_count":0,"master_deck":["Strike_G","Strike_G","Strike_G","Strike_G","Defend_G","Defend_G","Defend_G","Defend_G","Defend_G","Survivor","Neutralize","Quick Slash","Dagger Spray","Bouncing Flask","Backflip","Sucker Punch","Flechettes","Crippling Poison"],"relics":["Ring of the Snake","NeowsBlessing","Question Card","FossilizedHelix","Omamori","Unceasing Top"],"acts_visited":["Exordium"],"potions_floor_usage":[8,16],"damage_taken":[{"damage":0,"enemies":"Jaw Worm","floor":1,"turns":1},{"damage":0,"enemies":"Cultist","floor":4,"turns":1},{"damage":0,"enemies":"2 Louse","floor":5,"turns":1},{"damage":59,"enemies":"3 Sentries","floor":6,"turns":12},{"damage":38,"enemies":"Gremlin Nob","floor":8,"turns":5},{"damage":21,"enemies":"3 Sentries","floor":13,"turns":11},{"damage":0,"enemies":"Large Slime","floor":14,"turns":7},{"damage":48,"enemies":"Hexaghost","floor":16,"turns":12}],"seed_played":"3234638485586956286","potions_obtained":[{"floor":6,"key":"Regen Potion"},{"floor":8,"key":"Dexterity Potion"},{"floor":14,"key":"FairyPotion"}],"is_trial":false,"path_per_floor":["M","$","?","M","M","E","?","E","T","?","$","R","E","M","R","B"],"character_chosen":"THE_SILENT","items_purchased":["Dagger Spray"],"campfire_rested":2,"item_purchase_floors":[2],"current_hp_per_floor":[70,70,70,70,70,11,28,5,5,5,5,26,5,5,26,0,0],"gold":157,"neow_bonus":"THREE_ENEMY_KILL","is_daily":false,"chose_seed":false,"campfire_upgraded":0,"win_rate":0.0,"timestamp":1611182499,"path_taken":["M","$","?","M","?","E","?","E","T","?","$","R","E","M","R","BOSS"],"items_purchased_type":["Card"],"build_version":"2020-12-22","purchased_purges":0,"victory":false,"max_hp_per_floor":[70,70,70,70,70,70,70,70,70,70,70,70,70,70,70,70,70],"card_choices":[{"not_picked":["Deadly Poison","Poisoned Stab"],"picked":"Quick Slash","floor":1},{"not_picked":["Bane","Deadly Poison"],"picked":"Bouncing Flask","floor":4},{"not_picked":["Acrobatics","Flying Knee"],"picked":"Backflip","floor":5},{"not_picked":["Dagger Throw","Prepared"],"picked":"Sucker Punch","floor":6},{"not_picked":["Calculated Gamble","Slice","Cloak And Dagger","All Out Attack"],"picked":"SKIP","floor":8},{"not_picked":["Choke","Underhanded Strike","Endless Agony"],"picked":"Flechettes","floor":13},{"not_picked":["Slice","Quick Slash","Poisoned Stab"],"picked":"Crippling Poison","floor":14}],"player_experience":405617,"relics_obtained":[{"floor":6,"key":"Question Card"},{"floor":8,"key":"FossilizedHelix"},{"floor":13,"key":"Unceasing Top"}],"event_choices":[{"cards_removed":["Strike_G"],"damage_healed":0,"gold_gain":0,"player_choice":"Purged","damage_taken":0,"max_hp_gain":0,"max_hp_loss":0,"event_name":"Purifier","floor":3,"gold_loss":0},{"damage_healed":17,"gold_gain":0,"player_choice":"Healed","damage_taken":0,"max_hp_gain":0,"max_hp_loss":0,"event_name":"The Cleric","floor":7,"gold_loss":35},{"damage_healed":0,"gold_gain":0,"player_choice":"Searched \u00271\u0027 times","damage_taken":0,"relics_obtained":["Omamori"],"max_hp_gain":0,"max_hp_loss":0,"event_name":"Dead Adventurer","floor":10,"gold_loss":0}],"is_beta":false,"boss_relics":[],"items_purged_floors":[],"is_endless":false,"potions_floor_spawned":[6,8,14],"killed_by":"Hexaghost","ascension_level":5}}