{"host":"q9718omregw4er46","time":1611170044,"event":{"mods":["BaseMod","Bestiary","Colored Powertips","Minty Spire (QoL Compilation)","Quick Restart","Relic Stats"],"gold_per_floor":[117,8,8,31,31,67,67,92,115,115,158,182,201,11,11,104,104,127,146,146,159,42,42,86,86,110,130,130,130,130,173,173,269,269,293,306,306,322,26,26,51,94,94,94,94,133,466,483,483,483,483,483,483,4,33,33],"floor_reached":57,"language":"ENG","playtime":3160,"items_purged":["Strike_P","Defend_P","Strike_P"],"score":3016,"play_id":"5b8fa6fb-42c1-49e0-b19a-ce50e498b80b","local_time":"20210121001404","is_ascension_mode":true,"campfire_choices":[{"data":"EmptyFist","floor":7.0,"key":"SMITH"},{"data":"BowlingBash","floor":10.0,"key":"SMITH"},{"data":"SashWhip","floor":15.0,"key":"SMITH"},{"floor":23.0,"key":"REST"},{"data":"TalkToTheHand","floor":25.0,"key":"SMITH"},{"floor":28.0,"key":"REST"},{"data":"MentalFortress","floor":30.0,"key":"SMITH"},{"data":"MentalFortress","floor":32.0,"key":"SMITH"},{"data":"TalkToTheHand","floor":40.0,"key":"SMITH"},{"floor":44.0,"key":"RECALL"},{"floor":49.0,"key":"REST"},{"data":"DeusExMachina","floor":53.0,"key":"SMITH"}],"circlet_count":0,"master_deck":["AscendersBane","Strike_P+1","Defend_P","Defend_P","Eruption","Vigilance","Tantrum+1","EmptyFist+1","BowlingBash+1","Consecrate+1","Omniscience","ClearTheMind+1","CarveReality+1","SashWhip+1","DeusExMachina+1","MentalFortress+1","RitualDagger+1","FlurryOfBlows+1","LessonLearned+1","MentalFortress+1","TalkToTheHand+1","FlurryOfBlows+1","EmptyMind+1","TalkToTheHand+1","Omniscience","Adaptation+1","Parasite","Dark Shackles","Dark Shackles+1","CutThroughFate+1","MentalFortress","Dark Shackles","Vengeance"],"relics":["PureWater","NeowsBlessing","Happy Flower","Strawberry","Ginger","Membership Card","Philosopher\u0027s Stone","PreservedInsect","Bag of Marbles","CaptainsWheel","Dead Branch","Cursed Key","DollysMirror","Ice Cream","Unceasing Top","Du-Vu Doll","Calipers","Thread and Needle"],"acts_visited":["Exordium","TheCity","TheBeyond","TheEnding"],"potions_floor_usage":[55],"damage_taken":[{"damage":0.0,"enemies":"Jaw Worm","floor":1.0,"turns":1.0},{"damage":0.0,"enemies":"2 Louse","floor":4.0,"turns":1.0},{"damage":0.0,"enemies":"Gremlin Nob","floor":6.0,"turns":1.0},{"damage":0.0,"enemies":"Cultist","floor":8.0,"turns":3.0},{"damage":25.0,"enemies":"Lagavulin","floor":11.0,"turns":4.0},{"damage":6.0,"enemies":"Looter","floor":12.0,"turns":2.0},{"damage":0.0,"enemies":"Gremlin Gang","floor":13.0,"turns":4.0},{"damage":0.0,"enemies":"Slime Boss","floor":16.0,"turns":5.0},{"damage":4.0,"enemies":"3 Byrds","floor":18.0,"turns":4.0},{"damage":22.0,"enemies":"2 Thieves","floor":19.0,"turns":3.0},{"damage":3.0,"enemies":"3 Cultists","floor":21.0,"turns":3.0},{"damage":22.0,"enemies":"Gremlin Leader","floor":24.0,"turns":6.0},{"damage":0.0,"enemies":"Sentry and Sphere","floor":27.0,"turns":3.0},{"damage":8.0,"enemies":"Slavers","floor":31.0,"turns":2.0},{"damage":16.0,"enemies":"Collector","floor":33.0,"turns":12.0},{"damage":2.0,"enemies":"Orb Walker","floor":35.0,"turns":3.0},{"damage":0.0,"enemies":"3 Shapes","floor":36.0,"turns":4.0},{"damage":18.0,"enemies":"Spire Growth","floor":38.0,"turns":7.0},{"damage":0.0,"enemies":"Maw","floor":41.0,"turns":7.0},{"damage":0.0,"enemies":"Reptomancer","floor":42.0,"turns":3.0},{"damage":0.0,"enemies":"Nemesis","floor":46.0,"turns":7.0},{"damage":3.0,"enemies":"Writhing Mass","floor":48.0,"turns":7.0},{"damage":15.0,"enemies":"Time Eater","floor":50.0,"turns":6.0},{"damage":13.0,"enemies":"Awakened One","floor":51.0,"turns":11.0},{"damage":36,"enemies":"Shield and Spear","floor":55,"turns":6},{"damage":12,"enemies":"The Heart","floor":56,"turns":10}],"seed_played":"-2473566689402362930","potions_obtained":[{"floor":1.0,"key":"LiquidMemories"},{"floor":8.0,"key":"StancePotion"},{"floor":19.0,"key":"LiquidMemories"},{"floor":27.0,"key":"Fire Potion"},{"floor":31.0,"key":"Fire Potion"},{"floor":36.0,"key":"EntropicBrew"}],"is_trial":false,"path_per_floor":["M","$","?","M","?","E","R","M","T","R","E","M","M","$","R","B",null,"M","M","?","M","$","R","E","R","T","M","R","T","R","E","R","B",null,"M","M","?","M","$","R","M","E","T","R","?","E","?","M","R","B","B",null,"R","$","E","B",null],"character_chosen":"WATCHER","items_purchased":["EmptyFist","BowlingBash","Membership Card","SashWhip","LessonLearned","MentalFortress","DollysMirror","Ice Cream","MentalFortress","Calipers","Ambrosia","FairyPotion","Dark Shackles","Vengeance"],"campfire_rested":3,"item_purchase_floors":[2,2,14,14,22,22,39,39,54,54,54,54,54,54],"current_hp_per_floor":[61,61,38,38,31,31,31,31,38,38,13,7,7,7,7,7,58,54,32,26,23,23,45,23,23,23,23,45,45,45,37,37,21,62,60,60,60,42,42,42,42,42,42,42,37,37,37,34,56,41,28,63,63,63,27,15],"gold":33,"neow_bonus":"THREE_ENEMY_KILL","is_daily":false,"chose_seed":false,"campfire_upgraded":8,"win_rate":0.0,"timestamp":1611170044,"path_taken":["M","$","?","M","?","E","R","M","T","R","E","M","M","$","R","BOSS","M","M","?","M","$","R","E","R","T","M","R","?","R","E","R","BOSS","M","?","?","?","$","R","M","E","T","R","?","E","?","M","R","BOSS","BOSS","R","$","E","BOSS"],"items_purchased_type":["Card","Card","Relic","Card","Card","Card","Relic","Relic","Card","Relic","Potion","Potion","Card","Card"],"build_version":"2020-12-22","purchased_purges":3,"victory":true,"max_hp_per_floor":[68,68,68,68,68,68,68,68,75,75,75,75,75,75,75,75,75,75,75,75,75,75,75,75,75,75,75,75,75,75,75,75,75,75,75,75,75,75,75,75,75,75,75,75,75,75,75,75,75,75,75,75,75,75,75,75],"relic_stats":{"Happy Flower":[40],"counters":[26,125],"Dead Branch":[165],"PreservedInsect":231,"Ginger":[20],"Cursed Key":1,"obtain_stats":[{"Ice Cream":39,"Calipers":54,"NeowsBlessing":0,"Happy Flower":6,"Golden Idol":3,"Dead Branch":31,"Thread and Needle":55,"PreservedInsect":24,"Ginger":11,"Cursed Key":34,"Du-Vu Doll":46,"CaptainsWheel":29,"DollysMirror":39,"Strawberry":9,"Philosopher\u0027s Stone":17,"Bag of Marbles":26,"Membership Card":14,"PureWater":0,"Unceasing Top":42},{"Ice Cream":18,"Calipers":24,"NeowsBlessing":0,"Happy Flower":3,"Golden Idol":1,"Dead Branch":14,"Thread and Needle":25,"PreservedInsect":12,"Ginger":5,"Cursed Key":15,"Du-Vu Doll":21,"CaptainsWheel":13,"DollysMirror":18,"Strawberry":4,"Philosopher\u0027s Stone":8,"Bag of Marbles":12,"Membership Card":7,"PureWater":0,"Unceasing Top":20},{"Ice Cream":68,"Calipers":109,"NeowsBlessing":0,"Happy Flower":3,"Golden Idol":1,"Dead Branch":42,"Thread and Needle":115,"PreservedInsect":37,"Ginger":10,"Cursed Key":54,"Du-Vu Doll":85,"CaptainsWheel":40,"DollysMirror":68,"Strawberry":6,"Philosopher\u0027s Stone":21,"Bag of Marbles":37,"Membership Card":16,"PureWater":0,"Unceasing Top":78}],"Unceasing Top":[0]},"card_choices":[{"not_picked":["InnerPeace","Protect"],"picked":"Tantrum","floor":1.0},{"not_picked":["Protect","Pray"],"picked":"Consecrate","floor":4.0},{"not_picked":["Protect","DeceiveReality"],"picked":"Omniscience","floor":6.0},{"not_picked":["FollowUp","JustLucky"],"picked":"ClearTheMind","floor":8.0},{"not_picked":["JustLucky","WreathOfFlame"],"picked":"CarveReality","floor":11.0},{"not_picked":["EmptyFist","Crescendo","WreathOfFlame"],"picked":"SKIP","floor":12.0},{"not_picked":["PathToVictory","JustLucky","ForeignInfluence"],"picked":"SKIP","floor":13.0},{"not_picked":["Vault","Scrawl"],"picked":"DeusExMachina","floor":16.0},{"not_picked":["FollowUp","Prostrate","Nirvana"],"picked":"SKIP","floor":18.0},{"not_picked":["Pray","Fasting2+1"],"picked":"MentalFortress","floor":19.0},{"not_picked":["CutThroughFate","WheelKick"],"picked":"FlurryOfBlows","floor":21.0},{"not_picked":["Indignation","CutThroughFate"],"picked":"TalkToTheHand","floor":24.0},{"not_picked":["ClearTheMind","Crescendo"],"picked":"FlurryOfBlows+1","floor":27.0},{"not_picked":["BattleHymn","CutThroughFate+1","Swivel"],"picked":"SKIP","floor":31.0},{"not_picked":["BowlingBash","WindmillStrike+1"],"picked":"EmptyMind+1","floor":35.0},{"not_picked":["SandsOfTime","ReachHeaven","Pray+1"],"picked":"SKIP","floor":36.0},{"not_picked":["Wireheading","CrushJoints+1"],"picked":"TalkToTheHand","floor":38.0},{"not_picked":["Prostrate","ReachHeaven","Tantrum"],"picked":"SKIP","floor":41.0},{"not_picked":["SandsOfTime","FearNoEvil"],"picked":"Adaptation+1","floor":42.0},{"not_picked":["PanicButton","Impatience"],"picked":"Dark Shackles","floor":45.0},{"not_picked":["Enlightenment","Magnetism"],"picked":"Dark Shackles","floor":45.0},{"not_picked":["Consecrate","Crescendo","Pray"],"picked":"SKIP","floor":46.0},{"not_picked":["LikeWater","Protect+1"],"picked":"CutThroughFate+1","floor":48.0},{"not_picked":["Consecrate","Prostrate","CrushJoints"],"picked":"SKIP","floor":55}],"player_experience":1239247,"relics_obtained":[{"floor":6.0,"key":"Happy Flower"},{"floor":9.0,"key":"Strawberry"},{"floor":11.0,"key":"Ginger"},{"floor":24.0,"key":"PreservedInsect"},{"floor":26.0,"key":"Bag of Marbles"},{"floor":29.0,"key":"CaptainsWheel"},{"floor":31.0,"key":"Dead Branch"},{"floor":42.0,"key":"Unceasing Top"},{"floor":46.0,"key":"Du-Vu Doll"},{"floor":55,"key":"Thread and Needle"}],"event_choices":[{"damage_healed":0.0,"max_hp_gain":0.0,"max_hp_loss":0.0,"gold_gain":0.0,"event_name":"Golden Idol","player_choice":"Take Damage","floor":3.0,"gold_loss":0.0,"damage_taken":23.0,"relics_obtained":["Golden Idol"]},{"cards_removed":["Strike_P"],"damage_healed":0.0,"max_hp_gain":0.0,"max_hp_loss":0.0,"gold_gain":0.0,"event_name":"Golden Wing","player_choice":"Card Removal","floor":5.0,"gold_loss":0.0,"damage_taken":7.0},{"damage_healed":0.0,"max_hp_gain":0.0,"max_hp_loss":0.0,"gold_gain":0.0,"event_name":"Nest","player_choice":"Joined the Cult","floor":20.0,"gold_loss":0.0,"damage_taken":6.0,"cards_obtained":["RitualDagger"]},{"cards_removed":["Defend_P"],"damage_healed":0.0,"max_hp_gain":0.0,"max_hp_loss":0.0,"gold_gain":0.0,"event_name":"Purifier","player_choice":"Purged","floor":37.0,"gold_loss":0.0,"damage_taken":0.0},{"damage_healed":0.0,"max_hp_gain":0.0,"max_hp_loss":0.0,"gold_gain":0.0,"event_name":"SensoryStone","player_choice":"Memory 2","floor":45.0,"gold_loss":0.0,"damage_taken":5.0},{"damage_healed":0.0,"max_hp_gain":0.0,"max_hp_loss":0.0,"gold_gain":333.0,"event_name":"The Moai Head","player_choice":"Gave Idol","floor":47.0,"relics_lost":["Golden Idol"],"gold_loss":0.0,"damage_taken":0.0}],"is_beta":false,"boss_relics":[{"not_picked":["Busted Crown","SacredBark"],"picked":"Philosopher\u0027s Stone"},{"not_picked":["Coffee Dripper","Tiny House"],"picked":"Cursed Key"}],"items_purged_floors":[22,39,54],"is_endless":false,"potions_floor_spawned":[1,8,12,16,19,27,31,35,36,42,48],"ascension_level":20}}