{"host":"s5d39dhq0ddhxhke","time":1611125220,"event":{"mods":["AchievementEnabler","BaseMod","Colored Map","Minty Spire (QoL Compilation)","SuperFastMode"],"gold_per_floor":[111,131,146,156,156,182,199,225,249,278,296,296,311,261,261,358,358,358,358,283,36,36,36,36,36,36,36,36,36,36,36,36,36,36,36,36,36,36],"floor_reached":37,"language":"ENG","playtime":2727,"items_purged":["Strike_R"],"score":776,"play_id":"c3ef5fb5-9430-4cb8-8d04-9998c9c2f761","local_time":"20210120084700","is_ascension_mode":true,"campfire_choices":[{"data":"Inflame","floor":12,"key":"SMITH"},{"floor":15,"key":"REST"},{"floor":23,"key":"REST"},{"data":"Berserk","floor":28,"key":"SMITH"},{"floor":32,"key":"REST"}],"circlet_count":0,"master_deck":["AscendersBane","Strike_R","Strike_R","Defend_R","Defend_R","Defend_R","Defend_R","Bash+1","Pommel Strike+1","Metallicize","Infernal Blade","Inflame+1","Heavy Blade","Battle Trance","Disarm","Whirlwind","Berserk+1","Disarm","Flame Barrier","Limit Break","Flex","Clothesline","Double Tap"],"relics":["SlaversCollar","Orichalcum","Centennial Puzzle","Happy Flower","Oddly Smooth Stone","Ectoplasm","Whetstone","Akabeko","Bag of Preparation","Runic Cube"],"acts_visited":["Exordium","TheCity","TheBeyond"],"potions_floor_usage":[6,10,16,16,24,25,27,33,36],"damage_taken":[{"damage":6,"enemies":"Cultist","floor":1,"turns":3},{"damage":0,"enemies":"Small Slimes","floor":2,"turns":4},{"damage":2,"enemies":"Jaw Worm","floor":3,"turns":3},{"damage":19,"enemies":"3 Louse","floor":4,"turns":4},{"damage":22,"enemies":"3 Sentries","floor":6,"turns":8},{"damage":6,"enemies":"Exordium Thugs","floor":7,"turns":4},{"damage":13,"enemies":"Lagavulin","floor":8,"turns":5},{"damage":0,"enemies":"3 Sentries","floor":10,"turns":5},{"damage":5,"enemies":"Red Slaver","floor":11,"turns":3},{"damage":8,"enemies":"Lots of Slimes","floor":13,"turns":4},{"damage":21,"enemies":"Hexaghost","floor":16,"turns":5},{"damage":15,"enemies":"Spheric Guardian","floor":18,"turns":4},{"damage":8,"enemies":"Shell Parasite","floor":19,"turns":5},{"damage":13,"enemies":"Centurion and Healer","floor":22,"turns":5},{"damage":10,"enemies":"Book of Stabbing","floor":24,"turns":4},{"damage":12,"enemies":"Snake Plant","floor":25,"turns":3},{"damage":0,"enemies":"Gremlin Leader","floor":27,"turns":5},{"damage":6,"enemies":"Cultist and Chosen","floor":30,"turns":3},{"damage":0,"enemies":"3 Cultists","floor":31,"turns":4},{"damage":36,"enemies":"Collector","floor":33,"turns":7},{"damage":4,"enemies":"Orb Walker","floor":35,"turns":4},{"damage":29,"enemies":"3 Darklings","floor":36,"turns":4},{"damage":59,"enemies":"Transient","floor":37,"turns":4}],"seed_played":"3792739053305772997","potions_obtained":[{"floor":2,"key":"EssenceOfSteel"},{"floor":3,"key":"AttackPotion"},{"floor":6,"key":"PowerPotion"},{"floor":13,"key":"BlessingOfTheForge"},{"floor":18,"key":"LiquidBronze"},{"floor":24,"key":"Ancient Potion"},{"floor":25,"key":"SkillPotion"},{"floor":27,"key":"Regen Potion"},{"floor":31,"key":"SkillPotion"}],"is_trial":false,"path_per_floor":["M","M","M","M","?","E","M","E","T","E","M","R","M","?","R","B",null,"M","M","?","$","M","R","E","M","T","E","R","?","M","M","R","B",null,"M","M","M"],"character_chosen":"IRONCLAD","items_purchased":["Limit Break","Flex"],"campfire_rested":3,"item_purchase_floors":[21,21],"current_hp_per_floor":[66,66,64,45,80,58,52,39,39,39,34,34,26,26,50,29,67,52,44,44,44,31,55,45,33,33,33,33,33,27,27,51,30,68,64,35,0,0],"gold":36,"neow_bonus":"BOSS_RELIC","is_daily":false,"chose_seed":false,"campfire_upgraded":2,"win_rate":0.0,"timestamp":1611125220,"path_taken":["M","M","M","M","?","E","M","E","T","E","M","R","?","?","R","BOSS","M","M","?","$","M","R","E","M","T","E","R","?","?","M","R","BOSS","M","M","M"],"items_purchased_type":["Card","Card"],"build_version":"2020-12-22","purchased_purges":1,"victory":false,"max_hp_per_floor":[80,80,80,80,80,80,80,80,80,80,80,80,80,80,80,80,80,80,80,80,80,80,80,80,80,80,80,80,80,80,80,80,80,80,80,80,80,80],"card_choices":[{"not_picked":["Cleave","Anger"],"picked":"Pommel Strike","floor":1},{"not_picked":["Hemokinesis","True Grit"],"picked":"Metallicize","floor":2},{"not_picked":["Corruption","Iron Wave"],"picked":"Infernal Blade","floor":3},{"not_picked":["Clash","Thunderclap"],"picked":"Inflame","floor":4},{"not_picked":["Headbutt","Flex","Ghostly Armor"],"picked":"SKIP","floor":6},{"not_picked":["Wild Strike","Blood for Blood","Bloodletting"],"picked":"SKIP","floor":7},{"not_picked":["Clash","Dropkick"],"picked":"Heavy Blade","floor":8},{"not_picked":["Rupture","Searing Blow"],"picked":"Battle Trance","floor":10},{"not_picked":["Anger","Flex"],"picked":"Disarm","floor":11},{"not_picked":["Headbutt","Iron Wave"],"picked":"Whirlwind","floor":13},{"not_picked":["Immolate","Corruption"],"picked":"Berserk","floor":16},{"not_picked":["Second Wind","Reckless Charge"],"picked":"Disarm","floor":18},{"not_picked":["Disarm+1","Warcry"],"picked":"Flame Barrier","floor":19},{"not_picked":["Iron Wave","Sword Boomerang","Perfected Strike"],"picked":"SKIP","floor":22},{"not_picked":["Anger","Entrench","Hemokinesis"],"picked":"SKIP","floor":24},{"not_picked":["Armaments","Wild Strike+1","Heavy Blade"],"picked":"SKIP","floor":25},{"not_picked":["Bloodletting","True Grit"],"picked":"Clothesline","floor":27},{"not_picked":["Body Slam","Sentinel","Burning Pact"],"picked":"SKIP","floor":30},{"not_picked":["Clash","Perfected Strike","Clothesline+1"],"picked":"SKIP","floor":31},{"not_picked":["Limit Break","Immolate"],"picked":"Double Tap","floor":33},{"not_picked":["Shrug It Off","Sentinel","Spot Weakness"],"picked":"SKIP","floor":35},{"not_picked":["Flex","Armaments","Dropkick"],"picked":"SKIP","floor":36}],"player_experience":442506,"relics_obtained":[{"floor":6,"key":"Orichalcum"},{"floor":8,"key":"Centennial Puzzle"},{"floor":9,"key":"Happy Flower"},{"floor":10,"key":"Oddly Smooth Stone"},{"floor":24,"key":"Whetstone"},{"floor":26,"key":"Akabeko"},{"floor":27,"key":"Bag of Preparation"}],"event_choices":[{"damage_healed":35,"gold_gain":0,"player_choice":"Full Heal","damage_taken":0,"max_hp_gain":0,"max_hp_loss":0,"event_name":"Wheel of Change","floor":5,"gold_loss":0},{"cards_removed":["Strike_R"],"damage_healed":0,"gold_gain":0,"player_choice":"Card Removal","damage_taken":0,"max_hp_gain":0,"max_hp_loss":0,"event_name":"The Cleric","floor":14,"gold_loss":50},{"cards_removed":["Strike_R"],"damage_healed":0,"gold_gain":0,"player_choice":"Gave Gold","damage_taken":0,"max_hp_gain":0,"max_hp_loss":0,"event_name":"Beggar","floor":20,"gold_loss":75},{"damage_healed":0,"gold_gain":100,"player_choice":"Pray","damage_taken":0,"max_hp_gain":0,"max_hp_loss":0,"event_name":"Golden Shrine","floor":29,"gold_loss":0}],"is_beta":false,"boss_relics":[{"not_picked":["Cursed Key","Pandora\u0027s Box"],"picked":"Ectoplasm"},{"not_picked":["SacredBark","Empty Cage"],"picked":"Runic Cube"}],"items_purged_floors":[21],"is_endless":false,"potions_floor_spawned":[2,3,4,6,13,18,24,25,27,31],"killed_by":"Transient","ascension_level":12}}