{"host":"slngz8sobihb8iwl","time":1611112662,"event":{"mods":["2.2 Compatiblity","Act Like it!","Astrologer","Bard","BaseMod","Colored Powertips","Elementarium","Gensokyo","GifTheSpireLib","Hallownest","Hermit","Marisa????????","Menagerie","Minty Spire (QoL Compilation)","Permanent Neow","Random Character Button","Rare Cards Sparkle","Relic Filter","Robot Space Explorer","Spire Arcade","StSLib","SuperFastMode","Td1madao Mod","The Bug Knight","The Cursed","The Disciple","The Gatherer","The Hierophant","The Judge","The Marked","The Runesmith","TheVelvet","Unceasing Turn Reminder"],"gold_per_floor":[117,117,117,127,127,127,127,139,211,223,247,62,94,111,111,216,216,231,81,99,115,40,40,40],"floor_reached":23,"language":"ENG","playtime":1476,"items_purged":["Pain"],"score":200,"play_id":"5e9cfe32-8b23-4ba9-8804-24bd51d50033","local_time":"20210119221742","is_ascension_mode":true,"campfire_choices":[{"data":"theMarked:BanishingStrike","floor":7,"key":"SMITH"},{"floor":15,"key":"REST"}],"circlet_count":0,"master_deck":["theMarked:Strike","theMarked:Strike","theMarked:Strike","theMarked:Strike","theMarked:Strike","theMarked:Defend","theMarked:Defend","theMarked:Defend","theMarked:Defend","theMarked:SoldierOfQuellstein","theMarked:ThrowWeapon+1","theMarked:BanishingStrike+1","theMarked:AttractMetal","theMarked:Opportunist","theMarked:Frustration","theMarked:Panic","theMarked:WardOff","ReapSow","hermit:GoldenBullet","Optimization","Shrug It Off","Fusion"],"relics":["theMarked:ArtifactOfAir","Gensokyo:LunaticRedEyes","InkBottle","Centennial Puzzle","PrismaticShard","Regal Pillow","Strawberry","Fusion Hammer","Chemical X","Frozen Eye"],"acts_visited":["Exordium","Gensokyo:Gensokyo"],"potions_floor_usage":[13,16],"damage_taken":[{"damage":1,"enemies":"Gensokyo:Python","floor":1,"turns":4},{"damage":0,"enemies":"Gensokyo:3_Fairies","floor":4,"turns":3},{"damage":2,"enemies":"Gensokyo:2_Kodama","floor":8,"turns":3},{"damage":11,"enemies":"Gensokyo:CorruptedTreant","floor":10,"turns":3},{"damage":22,"enemies":"Gensokyo:Aya","floor":13,"turns":5},{"damage":14,"enemies":"Gensokyo:VengefulSpirit","floor":14,"turns":4},{"damage":35,"enemies":"Gensokyo:Kokoro","floor":16,"turns":7},{"damage":8,"enemies":"Gensokyo:CosmicMonolith","floor":18,"turns":4},{"damage":10,"enemies":"Gensokyo:3_Dogs","floor":20,"turns":5},{"damage":39,"enemies":"Gensokyo:3_Gloops","floor":21,"turns":6},{"damage":20,"enemies":"Gensokyo:Koishi","floor":23,"turns":4}],"seed_played":"-2212118837914732594","potions_obtained":[{"floor":4,"key":"AttackPotion"},{"floor":10,"key":"Swift Potion"},{"floor":13,"key":"DistilledChaos"},{"floor":18,"key":"DuplicationPotion"}],"is_trial":false,"path_per_floor":["M","?","?","M","?","?","R","M","T","M","T","COS","E","M","R","B",null,"M","COS","M","M","$","E"],"character_chosen":"THE_DEFAULT","items_purchased":[],"campfire_rested":1,"item_purchase_floors":[],"current_hp_per_floor":[69,69,69,69,69,69,69,67,67,56,56,56,34,27,65,30,77,69,69,59,20,20,0,0],"gold":40,"neow_bonus":"ONE_RANDOM_RARE_CARD","is_daily":false,"chose_seed":false,"campfire_upgraded":1,"win_rate":0.0,"timestamp":1611112662,"path_taken":["M","?","?","M","?","?","R","?","T","M","?","COS","E","M","R","BOSS","M","COS","M","M","$","E"],"items_purchased_type":[],"build_version":"2020-12-22","purchased_purges":1,"victory":false,"max_hp_per_floor":[70,70,70,70,70,70,70,70,70,70,70,70,70,77,77,77,77,77,77,77,77,77,77,77],"card_choices":[{"not_picked":["theMarked:Convert","theMarked:PowerFlow"],"picked":"theMarked:BanishingStrike","floor":1},{"not_picked":["theMarked:Static","theMarked:ParalyzingBlade"],"picked":"theMarked:AttractMetal","floor":4},{"not_picked":["theMarked:Frustration","theMarked:TwofoldDefense"],"picked":"theMarked:Opportunist","floor":5},{"not_picked":["theMarked:Improvise","theMarked:Parkour"],"picked":"theMarked:Frustration","floor":5},{"not_picked":["theMarked:EnhanceMovement","theMarked:ChainLightning"],"picked":"theMarked:Panic","floor":8},{"not_picked":["theMarked:Improvise","theMarked:HeightenedSenses"],"picked":"theMarked:WardOff","floor":10},{"not_picked":["HandsUpC","WordoMod:SurgicalPrecision"],"picked":"ReapSow","floor":13},{"not_picked":["Thunderclap","Pommel Strike"],"picked":"hermit:GoldenBullet","floor":14},{"not_picked":["HollowMod:VoidDash","WordoMod:EndOfTheWorld"],"picked":"Optimization","floor":16},{"not_picked":["Fasting2","astrologer:Retelling"],"picked":"Shrug It Off","floor":18},{"not_picked":["Lunge+1","hadesmod:WeakWep"],"picked":"Fusion","floor":20},{"not_picked":["Prepared","DaylightSavings","RobotSpaceExplorer:ExhaustFan"],"picked":"SKIP","floor":21}],"player_experience":417030,"relics_obtained":[{"floor":9,"key":"InkBottle"},{"floor":11,"key":"Centennial Puzzle"},{"floor":13,"key":"Regal Pillow"}],"event_choices":[],"is_beta":false,"boss_relics":[{"not_picked":["Runic Dome","Coffee Dripper"],"picked":"Fusion Hammer"}],"items_purged_floors":[22],"is_endless":false,"potions_floor_spawned":[4,10,13,18],"killed_by":"Gensokyo:Koishi","ascension_level":1}}