{"host":"s2k2cf2d36evfy1t","time":1611128800,"event":{"mods":["BaseMod","Minty Spire (QoL Compilation)","Quick Restart","StSLib"],"gold_per_floor":[110,110,123,123,48,77,94,120,188,216,216,294,311,327,327,426,426,437,536,536,235,20,46,46,72,72,103,115,132,146,164,164,267,267,285,132,151,198,548,548,581,345,345,345,356,356,356,372,372,372],"floor_reached":51,"language":"ENG","playtime":2084,"items_purged":["Regret"],"score":1108,"play_id":"b43c0c46-4a4c-4d7b-ae73-95fa6eebc513","local_time":"20210120104640","is_ascension_mode":true,"campfire_choices":[{"data":"Uppercut","floor":11,"key":"SMITH"},{"data":"Armaments","floor":15,"key":"SMITH"},{"floor":24,"key":"REST"},{"floor":32,"key":"REST"},{"data":"Limit Break","floor":40,"key":"SMITH"},{"floor":44,"key":"REST"},{"data":"Rage","floor":49,"key":"SMITH"}],"circlet_count":0,"master_deck":["Strike_R","Strike_R","Strike_R","Strike_R","Strike_R","Defend_R","Defend_R","Defend_R","Bash","Whirlwind","Clash","Cleave","Uppercut+1","Flex","Rage+1","Whirlwind+1","Iron Wave+1","Armaments+1","Limit Break+1","Perfected Strike+1","Thunderclap+1","Inflame+1","Pommel Strike+1","Double Tap","Cleave+1","Heavy Blade+1","Flex","Perfected Strike+1","Reaper+1","Headbutt+1","Battle Trance+1","Heavy Blade+1","Metallicize","Bloodletting","Dramatic Entrance+1","Wild Strike+1","Heavy Blade+1"],"relics":["Black Blood","NeowsBlessing","Incense Burner","Juzu Bracelet","Mummified Hand","Molten Egg 2","Happy Flower","Pear","Kunai","Letter Opener","Red Skull","Du-Vu Doll","Vajra","Busted Crown","Pocketwatch","Old Coin","Darkstone Periapt","Strawberry","Ornamental Fan"],"acts_visited":["Exordium","TheCity","TheBeyond"],"potions_floor_usage":[25,31,33,33,33,36,41,47,50,50,50],"damage_taken":[{"damage":0,"enemies":"Jaw Worm","floor":1,"turns":1},{"damage":0,"enemies":"Cultist","floor":3,"turns":1},{"damage":0,"enemies":"Gremlin Nob","floor":6,"turns":1},{"damage":8,"enemies":"Small Slimes","floor":7,"turns":2},{"damage":21,"enemies":"Lagavulin","floor":8,"turns":6},{"damage":9,"enemies":"Gremlin Nob","floor":10,"turns":4},{"damage":0,"enemies":"3 Louse","floor":13,"turns":1},{"damage":6,"enemies":"Looter","floor":14,"turns":3},{"damage":35,"enemies":"The Guardian","floor":16,"turns":12},{"damage":25,"enemies":"Spheric Guardian","floor":18,"turns":5},{"damage":31,"enemies":"Slavers","floor":23,"turns":3},{"damage":38,"enemies":"Book of Stabbing","floor":25,"turns":4},{"damage":21,"enemies":"Slavers","floor":27,"turns":4},{"damage":7,"enemies":"Chosen","floor":28,"turns":2},{"damage":6,"enemies":"3 Cultists","floor":29,"turns":3},{"damage":24,"enemies":"Snake Plant","floor":30,"turns":2},{"damage":11,"enemies":"Snecko","floor":31,"turns":5},{"damage":67,"enemies":"Automaton","floor":33,"turns":8},{"damage":0,"enemies":"Orb Walker","floor":35,"turns":2},{"damage":20,"enemies":"3 Shapes","floor":37,"turns":2},{"damage":26,"enemies":"2 Orb Walkers","floor":38,"turns":4},{"damage":30,"enemies":"Mind Bloom Boss Battle","floor":39,"turns":4},{"damage":51,"enemies":"Nemesis","floor":41,"turns":5},{"damage":16,"enemies":"Sphere and 2 Shapes","floor":45,"turns":4},{"damage":1,"enemies":"Maw","floor":48,"turns":6},{"damage":61,"enemies":"Donu and Deca","floor":50,"turns":7}],"seed_played":"4455392343538985942","potions_obtained":[{"floor":3,"key":"Fire Potion"},{"floor":6,"key":"ColorlessPotion"},{"floor":7,"key":"Swift Potion"},{"floor":14,"key":"DistilledChaos"},{"floor":16,"key":"Block Potion"},{"floor":25,"key":"PowerPotion"},{"floor":31,"key":"Energy Potion"},{"floor":35,"key":"PowerPotion"},{"floor":38,"key":"Swift Potion"},{"floor":45,"key":"Block Potion"},{"floor":47,"key":"Fruit Juice"},{"floor":47,"key":"EntropicBrew"}],"is_trial":false,"path_per_floor":["M","?","M","?","$","E","M","E","T","E","R","?","M","M","R","B",null,"M","?","?","$","$","E","R","E","T","E","M","M","M","M","R","B",null,"M","$","M","?","?","R","E","$","T","R","M","?","?","M","R","B",null],"character_chosen":"IRONCLAD","items_purchased":["Pear","Thunderclap+1","Kunai","BlessingOfTheForge","Fruit Juice","Strawberry","Heavy Blade+1","Metallicize"],"campfire_rested":3,"item_purchase_floors":[21,21,22,36,36,42,42,42],"current_hp_per_floor":[78,78,80,80,80,80,78,63,63,60,60,60,66,66,66,37,69,56,56,56,66,66,47,74,48,48,39,44,50,38,39,66,14,71,83,88,80,79,61,61,22,29,29,59,66,66,71,93,93,56],"gold":372,"neow_bonus":"THREE_ENEMY_KILL","is_daily":false,"chose_seed":false,"campfire_upgraded":4,"win_rate":0.0,"timestamp":1611128800,"path_taken":["M","?","?","?","$","E","M","E","T","E","R","?","M","M","R","BOSS","M","?","?","?","$","E","R","E","T","E","M","M","M","M","R","BOSS","M","$","M","?","?","R","E","$","T","R","M","?","?","M","R","BOSS"],"items_purchased_type":["Relic","Card","Relic","Potion","Potion","Relic","Card","Card"],"build_version":"2020-12-22","purchased_purges":1,"victory":true,"max_hp_per_floor":[80,80,80,80,80,80,80,80,80,80,80,80,80,80,80,80,80,80,80,80,90,90,90,90,90,90,90,90,90,90,90,90,90,90,90,95,95,95,95,95,95,102,102,102,102,102,107,107,107,107],"card_choices":[{"not_picked":["Heavy Blade","Flex"],"picked":"Whirlwind","floor":1},{"not_picked":["Impervious","Entrench"],"picked":"Cleave","floor":3},{"not_picked":["Wild Strike","Dark Embrace"],"picked":"Uppercut","floor":6},{"not_picked":["Pommel Strike","Anger"],"picked":"Flex","floor":7},{"not_picked":["Berserk","Anger"],"picked":"Rage","floor":8},{"not_picked":["Headbutt+1","Twin Strike+1"],"picked":"Whirlwind+1","floor":10},{"not_picked":["Fire Breathing","Entrench"],"picked":"Iron Wave+1","floor":13},{"not_picked":["Burning Pact","Anger+1"],"picked":"Armaments","floor":14},{"not_picked":["Juggernaut","Exhume"],"picked":"Limit Break","floor":16},{"not_picked":["Cleave+1","Flame Barrier+1"],"picked":"Perfected Strike+1","floor":18},{"not_picked":["Second Wind","Cleave+1"],"picked":"Inflame+1","floor":23},{"not_picked":["Perfected Strike+1","Limit Break"],"picked":"Pommel Strike+1","floor":25},{"not_picked":["Twin Strike+1","Uppercut+1"],"picked":"Double Tap","floor":27},{"not_picked":["Shrug It Off","Havoc"],"picked":"Cleave+1","floor":28},{"not_picked":["Feel No Pain","Ghostly Armor"],"picked":"Heavy Blade+1","floor":29},{"not_picked":["Sever Soul+1","Bloodletting"],"picked":"Flex","floor":30},{"not_picked":["Twin Strike+1","Sword Boomerang+1"],"picked":"Perfected Strike+1","floor":31},{"not_picked":["Exhume","Limit Break"],"picked":"Reaper+1","floor":33},{"not_picked":[],"picked":"Headbutt+1","floor":35},{"not_picked":["Fire Breathing+1"],"picked":"SKIP","floor":37},{"not_picked":[],"picked":"Battle Trance+1","floor":39},{"not_picked":["True Grit+1"],"picked":"SKIP","floor":41},{"not_picked":["Headbutt+1"],"picked":"SKIP","floor":45},{"not_picked":[],"picked":"Heavy Blade+1","floor":48}],"player_experience":230282,"relics_obtained":[{"floor":6,"key":"Juzu Bracelet"},{"floor":8,"key":"Mummified Hand"},{"floor":9,"key":"Molten Egg 2"},{"floor":10,"key":"Happy Flower"},{"floor":23,"key":"Letter Opener"},{"floor":25,"key":"Red Skull"},{"floor":26,"key":"Du-Vu Doll"},{"floor":27,"key":"Vajra"},{"floor":38,"key":"Pocketwatch"},{"floor":39,"key":"Old Coin"},{"floor":41,"key":"Darkstone Periapt"},{"floor":43,"key":"Ornamental Fan"}],"event_choices":[{"damage_healed":0,"gold_gain":0,"cards_transformed":["Defend_R"],"player_choice":"Transformed","damage_taken":0,"max_hp_gain":0,"max_hp_loss":0,"event_name":"Transmorgrifier","floor":2,"gold_loss":0,"cards_obtained":["Clash"]},{"damage_healed":0,"gold_gain":0,"player_choice":"Box","damage_taken":0,"relics_obtained":["Incense Burner"],"max_hp_gain":0,"max_hp_loss":0,"event_name":"Big Fish","floor":4,"gold_loss":0,"cards_obtained":["Regret"]},{"damage_healed":0,"gold_gain":78,"player_choice":"Gained Gold","damage_taken":0,"max_hp_gain":0,"max_hp_loss":0,"event_name":"Golden Wing","floor":12,"gold_loss":0},{"damage_healed":0,"gold_gain":99,"player_choice":"Stole From Cult","damage_taken":0,"max_hp_gain":0,"max_hp_loss":0,"event_name":"Nest","floor":19,"gold_loss":0},{"damage_healed":0,"gold_gain":0,"player_choice":"Ignored","damage_taken":0,"max_hp_gain":0,"max_hp_loss":0,"event_name":"Cursed Tome","floor":20,"gold_loss":0},{"damage_healed":0,"gold_gain":0,"player_choice":"Fight","damage_taken":0,"max_hp_gain":0,"max_hp_loss":0,"event_name":"Mysterious Sphere","floor":38,"gold_loss":0},{"damage_healed":0,"gold_gain":0,"player_choice":"Fight","damage_taken":0,"max_hp_gain":0,"max_hp_loss":0,"event_name":"MindBloom","floor":39,"gold_loss":0},{"damage_healed":0,"gold_gain":0,"player_choice":"3 cards matched","damage_taken":0,"max_hp_gain":0,"max_hp_loss":0,"event_name":"Match and Keep!","floor":46,"gold_loss":0,"cards_obtained":["Bloodletting","Dramatic Entrance","Wild Strike"]},{"damage_healed":0,"gold_gain":0,"player_choice":"Got Potions","damage_taken":0,"max_hp_gain":0,"max_hp_loss":0,"event_name":"Lab","floor":47,"gold_loss":0}],"is_beta":false,"boss_relics":[{"not_picked":["Sozu","Cursed Key"],"picked":"Black Blood"},{"not_picked":["Velvet Choker","SlaversCollar"],"picked":"Busted Crown"}],"items_purged_floors":[5],"is_endless":false,"potions_floor_spawned":[3,6,7,14,16,25,29,31,35,38,45],"ascension_level":7}}