{"host":"npubv26u89aif4fa","time":1611127958,"event":{"mods":["Astrologer","BaseMod","Better Vampires","Better-Laid Plans","Colored Powertips","GifTheSpireLib","GungeonMod","HornydragonMod","Hubris","Jedi Mod","Minty Spire (QoL Compilation)","Quick Restart","Remilia（蕾米莉亚）","Replay The Spire","StSLib","Td1madao Mod","The Administrix","The Alterego","The Bug Knight","The Cursed","The Runesmith","Yuri Mod","残留之物"],"gold_per_floor":[110,110,110,122,135,135,135,135],"floor_reached":7,"language":"ZHS","playtime":558,"items_purged":[],"score":43,"play_id":"50be07fd-98f5-4a27-be1c-b8a8b7893213","local_time":"20210120153238","is_ascension_mode":true,"campfire_choices":[{"data":"alterego_mod:Impale","floor":6.0,"key":"SMITH"}],"circlet_count":0,"master_deck":["alterego_mod:Strike","alterego_mod:Strike","alterego_mod:Strike","alterego_mod:Strike","alterego_mod:Defend","alterego_mod:Defend","alterego_mod:Defend","alterego_mod:Defend","alterego_mod:Impale+1","alterego_mod:BigMeatyClaws","alterego_mod:BrynhildrsRune","hubris:Gluttony","alterego_mod:Valkyrie+1","alterego_mod:DestructionOfProperty","Regret","alterego_mod:SuperDuperMasochism"],"relics":["alterego_mod:MasochisticConstitution","Art of War"],"acts_visited":["Exordium"],"potions_floor_usage":[],"damage_taken":[{"damage":13.0,"enemies":"Jaw Worm","floor":1.0,"turns":5.0},{"damage":7.0,"enemies":"2 Louse","floor":4.0,"turns":3.0},{"damage":19.0,"enemies":"Cultist","floor":5.0,"turns":5.0},{"damage":52,"enemies":"3 Sentries","floor":7,"turns":4}],"seed_played":"761022605546234783","potions_obtained":[{"floor":1.0,"key":"jedi:wingpotion"},{"floor":4.0,"key":"Elixir"}],"is_trial":false,"path_per_floor":["M","?","?","M","M","R","E"],"character_chosen":"The_Alterego","items_purchased":[],"campfire_rested":0,"item_purchase_floors":[],"current_hp_per_floor":[58,58,58,59,48,48,0,0],"gold":135,"neow_bonus":"THREE_RARE_CARDS","is_daily":false,"chose_seed":false,"campfire_upgraded":1,"win_rate":0.0,"timestamp":1611127958,"path_taken":["M","?","?","?","M","R","E"],"items_purchased_type":[],"build_version":"2020-12-22","purchased_purges":0,"victory":false,"max_hp_per_floor":[71,71,71,72,73,73,73,73],"card_choices":[{"not_picked":["alterego_mod:TrickOrTreatment","alterego_mod:VirginLaserPalladion"],"picked":"alterego_mod:Valkyrie","floor":0.0},{"not_picked":["alterego_mod:PerceptionDisorder","alterego_mod:Rip"],"picked":"alterego_mod:DestructionOfProperty","floor":1.0},{"not_picked":["alterego_mod:Undulate","alterego_mod:DeftHands"],"picked":"alterego_mod:SuperDuperMasochism","floor":4.0},{"not_picked":["alterego_mod:Punishment","alterego_mod:BusterCard","alterego_mod:PerceptionDisorder"],"picked":"SKIP","floor":5.0}],"player_experience":321834,"relics_obtained":[],"event_choices":[{"damage_healed":0.0,"max_hp_gain":0.0,"max_hp_loss":0.0,"gold_gain":0.0,"event_name":"Big Fish","player_choice":"Box","floor":2.0,"gold_loss":0.0,"damage_taken":0.0,"relics_obtained":["Art of War"],"cards_obtained":["Regret"]}],"is_beta":false,"boss_relics":[],"items_purged_floors":[],"is_endless":false,"potions_floor_spawned":[1,4],"killed_by":"3 Sentries","ascension_level":1}}