{"host":"j7au2ovow4c9pz79","time":1611180726,"event":{"mods":["AchievementEnabler","BaseMod","Better Third Choice","BetterRewards","Colored Powertips","Defuse TimeMaze Blight","Energized Spire","Googly Eyes","Hubris","Infinite Spire","Minty Spire (QoL Compilation)","Quick Restart","Replay The Spire","Spicy Shops","StSLib","SuperFastMode","Transform Curses"],"gold_per_floor":[117,182,182,192,367,400,400,416,416,416,101,121,141,160,160,160,160],"floor_reached":16,"language":"ENG","playtime":1207,"items_purged":["Doubt"],"score":102,"play_id":"3d516a31-7853-48b2-a926-6beb069ad85c","local_time":"20210120231206","is_ascension_mode":false,"campfire_choices":[{"floor":7,"key":"REST"},{"floor":10,"key":"DIG"},{"floor":15,"key":"REST"}],"circlet_count":0,"master_deck":["Strike_G","Strike_G","Strike_G","Strike_G","Strike_G","Defend_G","Defend_G","Defend_G","Defend_G","Defend_G","Survivor","Neutralize","Underhanded Strike","Caltrops","Atom Bomb","Dash","Poisoned Stab","Footwork","Replay:Poison Smokescreen","PanicButton","Flying Knee","ReplayTheSpireMod:Tripwire","Outmaneuver"],"relics":["Ring of the Snake","infinitespire:Lucky Rock","Pen Nib","hubris:Towel","Replay:Multitool","InkBottle","infinitespire:EmpoweringShard"],"acts_visited":["Exordium"],"potions_floor_usage":[4],"damage_taken":[{"damage":0,"enemies":"Jaw Worm","floor":1,"turns":5},{"damage":0,"enemies":"2 Louse","floor":4,"turns":2},{"damage":32,"enemies":"3 Sentries","floor":6,"turns":13},{"damage":0,"enemies":"Small Slimes","floor":8,"turns":3},{"damage":0,"enemies":"Exordium Wildlife","floor":12,"turns":3},{"damage":8,"enemies":"Lots of Slimes","floor":13,"turns":5},{"damage":13,"enemies":"Red Slaver","floor":14,"turns":3},{"damage":42,"enemies":"Slime Boss","floor":16,"turns":10}],"seed_played":"-7140584827354078604","potions_obtained":[{"floor":2,"key":"Fire Potion"},{"floor":2,"key":"EssenceOfSteel"},{"floor":6,"key":"Doom Potion"},{"floor":13,"key":"Elixir"}],"is_trial":false,"path_per_floor":["M","?","?","M","?","E","R","M","T","R","$","M","M","M","R","B"],"character_chosen":"THE_SILENT","items_purchased":["Footwork","Replay:Poison Smokescreen","PanicButton"],"campfire_rested":2,"item_purchase_floors":[11,11,11],"current_hp_per_floor":[70,53,53,53,53,21,42,42,42,42,42,42,34,21,42,0,0],"gold":160,"neow_bonus":"RANDOM_COMMON_RELIC","is_daily":false,"chose_seed":false,"campfire_upgraded":0,"win_rate":0.0,"timestamp":1611180726,"path_taken":["M","?","?","M","?","E","R","M","T","R","?","?","M","M","R","BOSS"],"items_purchased_type":["Card","Card","Card"],"build_version":"2020-12-22","purchased_purges":1,"victory":false,"max_hp_per_floor":[70,70,70,70,70,70,70,70,70,70,70,70,70,70,70,70,70],"card_choices":[{"not_picked":["Blade Dance","Cloak And Dagger"],"picked":"Underhanded Strike","floor":1},{"not_picked":["hubris:SlightOfHand","Well Laid Plans"],"picked":"Caltrops","floor":2},{"not_picked":["PiercingWail","Caltrops"],"picked":"Atom Bomb","floor":4},{"not_picked":["hubris:SlightOfHand","Escape Plan"],"picked":"Dash","floor":6},{"not_picked":["Backflip","ReplayTheSpireMod:Scrap Shanks"],"picked":"Poisoned Stab","floor":8},{"not_picked":["Phantasmal Killer","ReplayTheSpireMod:Scrap Shanks"],"picked":"Flying Knee","floor":12},{"not_picked":["Skewer","Deflect"],"picked":"ReplayTheSpireMod:Tripwire","floor":13},{"not_picked":["Escape Plan","Quick Slash"],"picked":"Outmaneuver","floor":14}],"player_experience":1889173,"relics_obtained":[{"floor":2,"key":"Pen Nib"},{"floor":6,"key":"Replay:Multitool"},{"floor":9,"key":"InkBottle"},{"floor":10,"key":"infinitespire:EmpoweringShard"}],"event_choices":[{"damage_healed":0,"gold_gain":175,"player_choice":"AGREE","damage_taken":192,"max_hp_gain":0,"max_hp_loss":0,"event_name":"betterThird:BetterSerpent","floor":5,"gold_loss":0}],"is_beta":false,"boss_relics":[],"items_purged_floors":[11],"is_endless":false,"potions_floor_spawned":[6,13],"killed_by":"Slime Boss","ascension_level":0}}