{"host":"z9a4j4a70g1iinja","time":1611105981,"event":{"mods":["BaseMod","Better Note","Colored Map","Colored Powertips","Downfall","Minty Spire (QoL Compilation)","Quick Restart","Rare Cards Sparkle","StSLib"],"gold_per_floor":[11,28,28,44,44,44,44,59,59,59,59,73,87,102,102,199,199,213,163,182,57,57,57,57,69,69,82,101,101,101,117,117,213,213,227,227,240,258,272,272,302,227,254,254,254,254,254,254],"floor_reached":47,"language":"ENG","playtime":1878,"items_purged":["Strike_B"],"score":474,"play_id":"73edce31-8e52-4f6b-94eb-521033efb749","local_time":"20210119202620","is_ascension_mode":false,"campfire_choices":[{"floor":7,"key":"REST"},{"data":"Dualcast","floor":11,"key":"SMITH"},{"data":"Zap","floor":15,"key":"SMITH"},{"data":"All For One","floor":23,"key":"SMITH"},{"data":"Rip and Tear","floor":30,"key":"SMITH"},{"data":"Beam Cell","floor":32,"key":"SMITH"},{"data":"Doom and Gloom","floor":40,"key":"SMITH"},{"data":"Scrape","floor":44,"key":"SMITH"},{"data":"Defend_B","floor":46,"key":"SMITH"}],"circlet_count":0,"master_deck":["Strike_B+1","Strike_B","Strike_B","Defend_B+1","Defend_B","Defend_B+1","Defend_B","Zap+1","Dualcast+1","Rip and Tear+1","Scrape+1","Conserve Battery","Go for the Eyes","Go for the Eyes","BootSequence","Chill","All For One+1","Streamline+1","Melter","Beam Cell+1","BootSequence","Electrodynamics","Loop+1","Go for the Eyes+1","Doom and Gloom+1","Stack+1","Loop+1"],"relics":["FrozenCore","Mummified Hand","Eternal Feather","Inserter","Shuriken","Orichalcum","TungstenRod","Toy Ornithopter"],"acts_visited":["Exordium","TheCity","TheBeyond"],"potions_floor_usage":[16,20,20,27,33,39],"damage_taken":[{"damage":0,"enemies":"Small Slimes","floor":1,"turns":4},{"damage":11,"enemies":"Jaw Worm","floor":2,"turns":3},{"damage":0,"enemies":"Cultist","floor":4,"turns":3},{"damage":1,"enemies":"Exordium Thugs","floor":8,"turns":3},{"damage":0,"enemies":"Large Slime","floor":12,"turns":3},{"damage":0,"enemies":"Blue Slaver","floor":13,"turns":2},{"damage":4,"enemies":"Exordium Thugs","floor":14,"turns":4},{"damage":16,"enemies":"Slime Boss","floor":16,"turns":10},{"damage":8,"enemies":"Shell Parasite","floor":18,"turns":4},{"damage":0,"enemies":"3 Byrds","floor":20,"turns":3},{"damage":8,"enemies":"Sentry and Sphere","floor":25,"turns":3},{"damage":2,"enemies":"Cultist and Chosen","floor":27,"turns":5},{"damage":0,"enemies":"Snake Plant","floor":28,"turns":2},{"damage":0,"enemies":"Snecko","floor":31,"turns":3},{"damage":16,"enemies":"Collector","floor":33,"turns":8},{"damage":11,"enemies":"Orb Walker","floor":35,"turns":4},{"damage":0,"enemies":"3 Shapes","floor":37,"turns":4},{"damage":13,"enemies":"Jaw Worm Horde","floor":38,"turns":4},{"damage":5,"enemies":"4 Shapes","floor":39,"turns":5},{"damage":18,"enemies":"Giant Head","floor":41,"turns":7},{"damage":0,"enemies":"Maw","floor":47,"turns":4}],"seed_played":"-2767660055252747196","potions_obtained":[{"floor":2,"key":"FocusPotion"},{"floor":8,"key":"AttackPotion"},{"floor":12,"key":"Explosive Potion"},{"floor":18,"key":"Strength Potion"},{"floor":25,"key":"LiquidMemories"},{"floor":35,"key":"AttackPotion"},{"floor":38,"key":"DuplicationPotion"}],"is_trial":false,"path_per_floor":["M","M","$","M","?","?","R","M","T","T","R","M","M","M","R","B",null,"M","?","M","$","?","R","$","M","T","M","M","T","R","M","R","B",null,"M","?","M","M","M","R","E","$","T","R","?","R","M"],"character_chosen":"DEFECT","items_purchased":["Melter","Beam Cell"],"campfire_rested":1,"item_purchase_floors":[21,21],"current_hp_per_floor":[89,78,78,78,83,64,92,91,91,91,94,94,94,90,94,78,94,86,86,86,86,86,94,94,86,86,84,84,84,94,94,94,78,94,83,83,83,70,65,80,62,62,62,77,77,92,92,92],"gold":254,"neow_bonus":"TWENTY_PERCENT_HP_BONUS","is_daily":false,"chose_seed":false,"campfire_upgraded":8,"win_rate":0.0,"timestamp":1611105980,"path_taken":["M","M","$","M","?","?","R","M","T","?","R","?","M","M","R","BOSS","M","?","M","$","?","R","$","M","T","?","M","?","R","?","R","BOSS","M","?","?","?","M","R","E","$","T","R","?","R","M"],"items_purchased_type":["Card","Card"],"build_version":"2020-12-22","purchased_purges":1,"victory":false,"max_hp_per_floor":[89,89,89,89,94,94,94,94,94,94,94,94,94,94,94,94,94,94,94,94,94,94,94,94,94,94,94,94,94,94,94,94,94,94,94,94,94,94,94,94,94,94,94,94,94,94,94,94],"card_choices":[{"not_picked":["Cold Snap","Stack"],"picked":"Rip and Tear","floor":1},{"not_picked":["Fusion","Storm"],"picked":"Scrape","floor":2},{"not_picked":["Redo","Steam Power"],"picked":"Conserve Battery","floor":4},{"not_picked":["Leap","Compile Driver"],"picked":"Go for the Eyes","floor":8},{"not_picked":["Heatsinks","Cold Snap"],"picked":"Go for the Eyes","floor":12},{"not_picked":["Leap","Static Discharge"],"picked":"BootSequence","floor":13},{"not_picked":["Darkness","Barrage"],"picked":"Chill","floor":14},{"not_picked":["Multi-Cast","Buffer"],"picked":"All For One","floor":16},{"not_picked":["Rebound","Redo","Storm"],"picked":"SKIP","floor":18},{"not_picked":["Static Discharge","Barrage"],"picked":"Streamline+1","floor":20},{"not_picked":["Leap","Conserve Battery","Ball Lightning"],"picked":"SKIP","floor":25},{"not_picked":["Coolheaded","Leap"],"picked":"BootSequence","floor":27},{"not_picked":["Genetic Algorithm","Coolheaded","Force Field"],"picked":"SKIP","floor":28},{"not_picked":["Darkness+1","Leap+1","Barrage"],"picked":"SKIP","floor":31},{"not_picked":["Thunder Strike","Machine Learning"],"picked":"Electrodynamics","floor":33},{"not_picked":["Static Discharge+1","Rip and Tear"],"picked":"Loop","floor":35},{"not_picked":["Steam Power","Streamline"],"picked":"Go for the Eyes+1","floor":37},{"not_picked":["Steam Power+1","Steam"],"picked":"Doom and Gloom","floor":38},{"not_picked":["Redo+1","Capacitor+1"],"picked":"Stack+1","floor":39},{"not_picked":["Steam Power+1","Rainbow","Coolheaded+1"],"picked":"SKIP","floor":41}],"player_experience":5010,"relics_obtained":[{"floor":9,"key":"Mummified Hand"},{"floor":10,"key":"Eternal Feather"},{"floor":26,"key":"Shuriken"},{"floor":29,"key":"Orichalcum"},{"floor":41,"key":"TungstenRod"},{"floor":43,"key":"Toy Ornithopter"}],"event_choices":[{"damage_healed":0,"gold_gain":0,"player_choice":"Donut","damage_taken":0,"max_hp_gain":5,"max_hp_loss":0,"event_name":"Big Fish","floor":5,"gold_loss":0},{"damage_healed":0,"gold_gain":0,"player_choice":"Entered Light","damage_taken":19,"max_hp_gain":0,"max_hp_loss":0,"event_name":"Shining Light","floor":6,"gold_loss":0,"cards_upgraded":["Strike_B","Defend_B"]},{"damage_healed":0,"gold_gain":0,"player_choice":"Bet on Owner","damage_taken":0,"max_hp_gain":0,"max_hp_loss":0,"event_name":"The Joust","floor":19,"gold_loss":50},{"cards_removed":["All For One"],"damage_healed":0,"gold_gain":0,"player_choice":"Give","damage_taken":0,"max_hp_gain":0,"max_hp_loss":0,"event_name":"betterNote:BetterNote","floor":22,"gold_loss":0,"cards_obtained":["None"]},{"damage_healed":0,"gold_gain":0,"player_choice":"Forge","damage_taken":0,"max_hp_gain":0,"max_hp_loss":0,"event_name":"Accursed Blacksmith","floor":36,"gold_loss":0,"cards_upgraded":["Loop"]},{"damage_healed":0,"gold_gain":0,"player_choice":"Copied","damage_taken":0,"max_hp_gain":0,"max_hp_loss":0,"event_name":"Duplicator","floor":45,"gold_loss":0,"cards_obtained":["Loop"]}],"is_beta":false,"boss_relics":[{"not_picked":["Tiny House","Snecko Eye"],"picked":"Inserter"},{"not_picked":["Runic Dome","Velvet Choker"],"picked":"FrozenCore"}],"items_purged_floors":[42],"is_endless":false,"potions_floor_spawned":[2,8,12,14,18,25,35,38],"killed_by":"Maw","ascension_level":0}}