{"host":"h4qgcirtxz6qax9j","time":1611138147,"event":{"mods":["AchievementEnabler","BaseMod","Colored Powertips","Hermit","Minty Spire (QoL Compilation)","StSLib","SuperFastMode","The Servant 0.9.4"],"gold_per_floor":[119,119,65,85,101,101,61,81,108,126,126,126,91,111,111,111,111],"floor_reached":16,"language":"KOR","playtime":245,"items_purged":[],"score":106,"play_id":"105fcbb0-c0d3-4c61-9758-67deaac9586b","local_time":"20210120192227","is_ascension_mode":true,"campfire_choices":[{"data":"Ricochet","floor":6,"key":"SMITH"},{"floor":12,"key":"REST"},{"data":"Moonlight","floor":15,"key":"SMITH"}],"circlet_count":0,"master_deck":["Strike_S","Strike_S","Strike_S","Strike_S","Defend_S","Defend_S","Defend_S","Defend_S","KidneyShot","Exchange","Ricochet+1","Starlight","Moonlight+1","TimeWarp","Hightail","BottledTime","BottledTime"],"relics":["Uniform","NeowsBlessing","Golden Idol","Toy Ornithopter"],"acts_visited":["Exordium"],"potions_floor_usage":[16,16],"damage_taken":[{"damage":0,"enemies":"Small Slimes","floor":1,"turns":1},{"damage":0,"enemies":"2 Louse","floor":4,"turns":1},{"damage":0,"enemies":"Jaw Worm","floor":5,"turns":1},{"damage":0,"enemies":"3 Louse","floor":8,"turns":1},{"damage":27,"enemies":"Gremlin Gang","floor":10,"turns":3},{"damage":4,"enemies":"Blue Slaver","floor":14,"turns":2},{"damage":67,"enemies":"Hexaghost","floor":16,"turns":15}],"seed_played":"-7377691173228782346","potions_obtained":[{"floor":5,"key":"Dexterity Potion"},{"floor":10,"key":"GamblersBrew"},{"floor":14,"key":"Swift Potion"}],"is_trial":false,"path_per_floor":["M","?","$","M","M","R","$","M","T","M","?","R","?","M","R","B"],"character_chosen":"THE_SERVANT","items_purchased":["Starlight","Hightail"],"campfire_rested":1,"item_purchase_floors":[3,7],"current_hp_per_floor":[65,60,60,60,60,60,60,60,60,33,33,51,60,56,56,0,0],"gold":111,"neow_bonus":"THREE_ENEMY_KILL","is_daily":false,"chose_seed":false,"campfire_upgraded":2,"win_rate":0.0,"timestamp":1611138147,"path_taken":["M","?","$","M","M","R","$","M","T","M","?","R","?","M","R","BOSS"],"items_purchased_type":["Card","Card"],"build_version":"2020-12-22","purchased_purges":0,"victory":false,"max_hp_per_floor":[65,60,60,60,60,60,60,60,60,60,60,60,60,60,60,60,60],"card_choices":[{"not_picked":["Potential","Unruled"],"picked":"Ricochet","floor":1},{"not_picked":["Ricochet","DoubleEdge"],"picked":"Moonlight","floor":4},{"not_picked":["DoubleEdge","Replace"],"picked":"TimeWarp","floor":5},{"not_picked":["DoubleEdge","Read","Spin"],"picked":"SKIP","floor":8},{"not_picked":["Desolation","MoonPhase"],"picked":"BottledTime","floor":10},{"not_picked":["TimeTheft","ShiftingGears"],"picked":"BottledTime","floor":14}],"player_experience":80628,"relics_obtained":[{"floor":9,"key":"Toy Ornithopter"}],"event_choices":[{"damage_healed":0,"gold_gain":0,"player_choice":"Lose Max HP","damage_taken":0,"relics_obtained":["Golden Idol"],"max_hp_gain":0,"max_hp_loss":5,"event_name":"Golden Idol","floor":2,"gold_loss":0},{"damage_healed":0,"gold_gain":0,"player_choice":"Ignored","damage_taken":0,"max_hp_gain":0,"max_hp_loss":0,"event_name":"Golden Wing","floor":11,"gold_loss":0},{"damage_healed":15,"gold_gain":0,"player_choice":"Healed","damage_taken":0,"max_hp_gain":0,"max_hp_loss":0,"event_name":"The Cleric","floor":13,"gold_loss":35}],"is_beta":false,"boss_relics":[],"items_purged_floors":[],"is_endless":false,"potions_floor_spawned":[5,10,14],"killed_by":"Hexaghost","ascension_level":3}}