{"host":"9709z2dy8v1s63sm","time":1611122983,"event":{"mods":["AchievementEnabler","BaseMod","Minty Spire (QoL Compilation)","StSLib","SuperFastMode"],"gold_per_floor":[117,130,147,160,160,188,188,138,138,165,90,124,142,42,42,147,147,159,176,187,197,197,231,231,231,231],"floor_reached":25,"language":"KOR","playtime":1137,"items_purged":["Strike_R","Strike_R"],"score":365,"play_id":"fa02b420-7a35-4fc2-9583-768d199f1fda","local_time":"20210120150943","is_ascension_mode":true,"campfire_choices":[{"data":"Uppercut","floor":7.0,"key":"SMITH"},{"data":"Juggernaut","floor":15.0,"key":"SMITH"},{"data":"Body Slam","floor":24,"key":"SMITH"}],"circlet_count":0,"master_deck":["AscendersBane","Strike_R+1","Strike_R+1","Defend_R","Defend_R","Defend_R","Defend_R","Bash+1","Juggernaut+1","Uppercut+1","Shrug It Off+1","Shrug It Off","Evolve","Metallicize","Double Tap","CurseOfTheBell","Warcry+1","Warcry+1","Body Slam+1","True Grit+1"],"relics":["Burning Blood","Blood Vial","Anchor","Bottled Lightning","Whetstone","Calling Bell","Red Skull","Toxic Egg 2","FossilizedHelix","Orichalcum"],"acts_visited":["Exordium","TheCity"],"potions_floor_usage":[23,23,23,25],"damage_taken":[{"damage":1.0,"enemies":"Cultist","floor":1.0,"turns":4.0},{"damage":0.0,"enemies":"2 Louse","floor":2.0,"turns":3.0},{"damage":2.0,"enemies":"Jaw Worm","floor":3.0,"turns":3.0},{"damage":9.0,"enemies":"Blue Slaver","floor":4.0,"turns":5.0},{"damage":13.0,"enemies":"Lagavulin","floor":6.0,"turns":7.0},{"damage":26.0,"enemies":"Gremlin Nob","floor":10.0,"turns":5.0},{"damage":6.0,"enemies":"Lagavulin","floor":12.0,"turns":10.0},{"damage":4.0,"enemies":"3 Louse","floor":13.0,"turns":4.0},{"damage":33.0,"enemies":"Hexaghost","floor":16.0,"turns":9.0},{"damage":0.0,"enemies":"Chosen","floor":18.0,"turns":6.0},{"damage":49.0,"enemies":"3 Byrds","floor":19.0,"turns":6.0},{"damage":0.0,"enemies":"Centurion and Healer","floor":20.0,"turns":6.0},{"damage":18.0,"enemies":"Snake Plant","floor":21.0,"turns":5.0},{"damage":40,"enemies":"Book of Stabbing","floor":23,"turns":7},{"damage":16,"enemies":"Gremlin Leader","floor":25,"turns":3}],"seed_played":"-2380603792883958302","potions_obtained":[{"floor":1.0,"key":"PowerPotion"},{"floor":2.0,"key":"AttackPotion"},{"floor":4.0,"key":"BlessingOfTheForge"},{"floor":10.0,"key":"HeartOfIron"},{"floor":12.0,"key":"BloodPotion"},{"floor":19.0,"key":"LiquidMemories"},{"floor":23,"key":"LiquidMemories"}],"is_trial":false,"path_per_floor":["M","M","M","M","?","E","R","?","T","E","$","E","M","$","R","B",null,"M","M","M","M","?","E","R","E"],"character_chosen":"IRONCLAD","items_purchased":[],"campfire_rested":0,"item_purchase_floors":[],"current_hp_per_floor":[77,80,80,77,61,54,54,54,54,36,36,38,42,42,42,17,64,72,31,39,29,29,13,13,0,0],"gold":231,"neow_bonus":"ONE_RANDOM_RARE_CARD","is_daily":false,"chose_seed":false,"campfire_upgraded":3,"win_rate":0.0,"timestamp":1611122983,"path_taken":["M","M","M","M","?","E","R","?","T","E","?","E","M","?","R","BOSS","M","M","M","M","?","E","R","E"],"items_purchased_type":[],"build_version":"2020-12-22","purchased_purges":2,"victory":false,"max_hp_per_floor":[80,80,80,80,80,80,80,80,80,80,80,80,80,80,80,80,80,80,80,80,80,80,80,80,80,80],"card_choices":[{"not_picked":["Battle Trance","Thunderclap"],"picked":"Uppercut","floor":1.0},{"not_picked":["Perfected Strike","Heavy Blade","Bloodletting"],"picked":"SKIP","floor":2.0},{"not_picked":["Dropkick","Ghostly Armor"],"picked":"Shrug It Off","floor":3.0},{"not_picked":["Cleave","Inflame","Spot Weakness"],"picked":"SKIP","floor":4.0},{"not_picked":["Impervious","Sever Soul"],"picked":"Shrug It Off","floor":6.0},{"not_picked":["Cleave","Twin Strike"],"picked":"Evolve","floor":10.0},{"not_picked":["Blood for Blood","Fire Breathing","Inflame"],"picked":"SKIP","floor":12.0},{"not_picked":["Rage","Perfected Strike"],"picked":"Metallicize","floor":13.0},{"not_picked":["Limit Break","Feed"],"picked":"Double Tap","floor":16.0},{"not_picked":["Pommel Strike","Wild Strike"],"picked":"Warcry+1","floor":18.0},{"not_picked":["Sword Boomerang","Infernal Blade+1"],"picked":"Warcry+1","floor":19.0},{"not_picked":["Cleave+1","Combust","Clothesline"],"picked":"SKIP","floor":20.0},{"not_picked":["Carnage","Sword Boomerang+1"],"picked":"Body Slam","floor":21.0},{"not_picked":["Intimidate+1","Perfected Strike"],"picked":"True Grit+1","floor":23}],"player_experience":85794,"relics_obtained":[{"floor":6.0,"key":"Blood Vial"},{"floor":9.0,"key":"Anchor"},{"floor":10.0,"key":"Bottled Lightning"},{"floor":12.0,"key":"Whetstone"},{"floor":17.0,"key":"Red Skull"},{"floor":17.0,"key":"Toxic Egg 2"},{"floor":17.0,"key":"FossilizedHelix"},{"floor":23,"key":"Orichalcum"}],"event_choices":[{"damage_healed":0.0,"max_hp_gain":0.0,"max_hp_loss":0.0,"gold_gain":0.0,"event_name":"Shining Light","player_choice":"Entered Light","floor":5.0,"gold_loss":0.0,"damage_taken":16.0,"cards_upgraded":["Shrug It Off","Bash"]},{"cards_removed":["Strike_R"],"damage_healed":0.0,"max_hp_gain":0.0,"max_hp_loss":0.0,"gold_gain":0.0,"event_name":"The Cleric","player_choice":"Card Removal","floor":8.0,"gold_loss":50.0,"damage_taken":0.0},{"damage_healed":0.0,"max_hp_gain":0.0,"max_hp_loss":0.0,"gold_gain":0.0,"event_name":"Vampires","player_choice":"Ignored","floor":22.0,"gold_loss":0.0,"damage_taken":0.0}],"is_beta":false,"boss_relics":[{"not_picked":["Tiny House","Busted Crown"],"picked":"Calling Bell"}],"items_purged_floors":[11,14],"is_endless":false,"potions_floor_spawned":[1,2,4,10,12,19,23],"killed_by":"Gremlin Leader","ascension_level":10}}