{"host":"l5xpox9cbdko122s","time":1611176631,"event":{"mods":["AchievementEnabler","BaseMod","Better Skull","Colored Map","Colored Powertips","Curses Come First","Displayed Cursed Tome","Hermit","Highlight Path","Minty Spire (QoL Compilation)","Quick Restart","Shop Mod","StSLib"],"gold_per_floor":[115,38,57,75,75,75,89,123,123,141,141,160,172,230,230,230,230],"floor_reached":16,"language":"ENG","playtime":857,"items_purged":[],"score":104,"play_id":"71818a49-8a33-4446-b2fd-42219534c5b3","local_time":"20210120160351","is_ascension_mode":false,"campfire_choices":[{"floor":6,"key":"RECALL"},{"data":"hermit:Showdown","floor":11,"key":"SMITH"},{"data":"1","floor":15,"key":"LIFT"}],"circlet_count":0,"master_deck":["hermit:Strike_Hermit","hermit:Strike_Hermit","hermit:Strike_Hermit","hermit:Strike_Hermit","hermit:Defend_Hermit","hermit:Defend_Hermit","hermit:Defend_Hermit","hermit:Defend_Hermit","hermit:Snapshot","hermit:Covet","hermit:Showdown+1"],"relics":["Coffee Dripper","Regal Pillow","Girya"],"acts_visited":["Exordium"],"potions_floor_usage":[7,8,8,14],"damage_taken":[{"damage":0,"enemies":"Cultist","floor":1,"turns":4},{"damage":0,"enemies":"2 Louse","floor":3,"turns":2},{"damage":1,"enemies":"Jaw Worm","floor":4,"turns":3},{"damage":0,"enemies":"Blue Slaver","floor":7,"turns":3},{"damage":8,"enemies":"3 Sentries","floor":8,"turns":6},{"damage":5,"enemies":"Exordium Thugs","floor":10,"turns":4},{"damage":2,"enemies":"3 Louse","floor":12,"turns":3},{"damage":4,"enemies":"Blue Slaver","floor":13,"turns":3},{"damage":20,"enemies":"3 Sentries","floor":14,"turns":7},{"damage":46,"enemies":"Slime Boss","floor":16,"turns":5}],"seed_played":"-2623952589731871310","potions_obtained":[{"floor":3,"key":"SkillPotion"},{"floor":4,"key":"SteroidPotion"},{"floor":7,"key":"Explosive Potion"},{"floor":13,"key":"Swift Potion"}],"is_trial":false,"path_per_floor":["M","$","M","M","?","R","M","E","T","M","R","M","M","?","R","B"],"character_chosen":"HERMIT","items_purchased":["hermit:Showdown"],"campfire_rested":0,"item_purchase_floors":[2],"current_hp_per_floor":[75,75,75,74,79,79,79,71,71,66,66,64,60,40,40,0,0],"gold":230,"neow_bonus":"BOSS_RELIC","is_daily":false,"chose_seed":false,"campfire_upgraded":1,"win_rate":0.0,"timestamp":1611176631,"path_taken":["M","$","M","?","?","R","M","E","T","M","R","M","M","?","R","BOSS"],"items_purchased_type":["Card"],"build_version":"2020-12-22","purchased_purges":0,"victory":false,"max_hp_per_floor":[75,75,75,75,80,80,80,80,80,80,80,80,80,80,80,80,80],"card_choices":[{"not_picked":["hermit:ItchyTrigger","hermit:Quickdraw","hermit:Combo"],"picked":"SKIP","floor":1},{"not_picked":["hermit:CalledShot","hermit:Coalescence","hermit:Combo"],"picked":"SKIP","floor":3},{"not_picked":["hermit:Scavenge","hermit:Quickdraw","hermit:Brawl"],"picked":"SKIP","floor":4},{"not_picked":["hermit:CalledShot","hermit:Roulette","hermit:Dissolve"],"picked":"SKIP","floor":7},{"not_picked":["hermit:Midnight","hermit:Cheat","hermit:Coalescence"],"picked":"SKIP","floor":8},{"not_picked":["hermit:HoleUp","hermit:Malice","hermit:PistolWhip"],"picked":"SKIP","floor":10},{"not_picked":["hermit:Scavenge","hermit:Malice","hermit:LoneWolf"],"picked":"SKIP","floor":12},{"not_picked":["hermit:GhostlyPresence","hermit:ShadowCloak","hermit:SprayPray"],"picked":"SKIP","floor":13}],"player_experience":160356,"relics_obtained":[{"floor":8,"key":"Regal Pillow"},{"floor":14,"key":"Girya"}],"event_choices":[{"damage_healed":0,"gold_gain":0,"player_choice":"Donut","damage_taken":0,"max_hp_gain":5,"max_hp_loss":0,"event_name":"Big Fish","floor":5,"gold_loss":0},{"damage_healed":0,"gold_gain":0,"player_choice":"Searched \u00271\u0027 times","damage_taken":0,"max_hp_gain":0,"max_hp_loss":0,"event_name":"Dead Adventurer","floor":14,"gold_loss":0}],"is_beta":false,"boss_relics":[],"items_purged_floors":[],"is_endless":false,"potions_floor_spawned":[3,4,7,13],"killed_by":"Slime Boss","ascension_level":0}}