{"host":"hbel9g7s7ibv8po6","time":1611163604,"event":{"mods":["Act Like it!","BaseMod","Duelist Mod","Minty Spire (QoL Compilation)","StSLib"],"gold_per_floor":[142,30,49,59,70,95,95,123,123,123,138,138,167,187,187,283,283,268,281,281,281,281,316,316,70,147,167,196,215,165,184,184,285,285,296,100,120,70,90,115,115,144,144,161,161,197,228,576,576,576],"floor_reached":51,"language":"ENG","playtime":3692,"items_purged":["theDuelist:Sparks","Pain","theDuelist:CastleWalls","theDuelist:Sparks","theDuelist:Sparks"],"score":1290,"play_id":"4694e306-d80d-440b-8f03-e280dfa31a0d","local_time":"20210121012644","is_ascension_mode":true,"campfire_choices":[{"data":"theDuelist:WonderWand","floor":7.0,"key":"SMITH"},{"data":"theDuelist:FluteKuriboh","floor":12.0,"key":"SMITH"},{"floor":15.0,"key":"REST"},{"data":"theDuelist:SwordsRevealing","floor":24.0,"key":"SMITH"},{"data":"theDuelist:InvitationDarkSleep","floor":32.0,"key":"SMITH"},{"data":"theDuelist:QueenDragunDjinn","floor":41.0,"key":"SMITH"},{"data":"Madness","floor":49.0,"key":"SMITH"}],"circlet_count":0,"master_deck":["theDuelist:DarkMagician","theDuelist:InvitationDarkSleep+1","theDuelist:GateGuardian","theDuelist:OneForOne+1","theDuelist:ExodiaRL+1","theDuelist:FluteKuriboh+1","theDuelist:NeoMagic","theDuelist:FrontierWiseman+1","theDuelist:FrontierWiseman","theDuelist:WonderWand+1","theDuelist:SwordsRevealing+1","theDuelist:MysticalElf","theDuelist:RainbowKuriboh+1","Madness","theDuelist:MagicalStone+1","Madness+1","theDuelist:MysticalElf","theDuelist:ExodiaLA","theDuelist:SwordsRevealing+1","theDuelist:NeoMagic","theDuelist:QueenDragunDjinn+1","theDuelist:ExodiaLL"],"relics":["theDuelist:MillenniumPuzzle","theDuelist:CardPoolRelic","theDuelist:CardPoolBasicRelic","theDuelist:BoosterPackPoolRelic","theDuelist:CardPoolAddRelic","theDuelist:CardPoolMinusRelic","theDuelist:CardPoolSaveRelic","theDuelist:CardPoolOptionsRelic","theDuelist:TributeEggRelic","Sundial","TungstenRod","WarpedTongs","theDuelist:ElectricToken","Philosopher\u0027s Stone","Nilry\u0027s Codex","PreservedInsect","Anchor","Mercury Hourglass","Smiling Mask","Mark of Pain","War Paint","Red Skull","Cables","theDuelist:KaibaToken","Bird Faced Urn","Frozen Eye","Champion Belt","Charon\u0027s Ashes","Old Coin"],"acts_visited":["Exordium","TheCity","TheBeyond"],"potions_floor_usage":[50],"damage_taken":[{"damage":0.0,"enemies":"Small Slimes","floor":1.0,"turns":3.0},{"damage":0.0,"enemies":"Cultist","floor":3.0,"turns":5.0},{"damage":0.0,"enemies":"2 Louse","floor":4.0,"turns":2.0},{"damage":0.0,"enemies":"Looter","floor":5.0,"turns":4.0},{"damage":30.0,"enemies":"Gremlin Nob","floor":6.0,"turns":6.0},{"damage":0.0,"enemies":"Lagavulin","floor":8.0,"turns":9.0},{"damage":6.0,"enemies":"Lots of Slimes","floor":11.0,"turns":3.0},{"damage":37.0,"enemies":"Gremlin Nob","floor":13.0,"turns":5.0},{"damage":0.0,"enemies":"Red Slaver","floor":14.0,"turns":4.0},{"damage":0.0,"enemies":"Hexaghost","floor":16.0,"turns":9.0},{"damage":10.0,"enemies":"2 Thieves","floor":18.0,"turns":4.0},{"damage":0.0,"enemies":"Chosen","floor":19.0,"turns":5.0},{"damage":0.0,"enemies":"Book of Stabbing","floor":23.0,"turns":6.0},{"damage":1.0,"enemies":"Centurion and Healer","floor":27.0,"turns":5.0},{"damage":2.0,"enemies":"Gremlin Leader","floor":28.0,"turns":8.0},{"damage":0.0,"enemies":"3 Cultists","floor":29.0,"turns":4.0},{"damage":0.0,"enemies":"Snecko","floor":31.0,"turns":3.0},{"damage":0.0,"enemies":"Champ","floor":33.0,"turns":10.0},{"damage":0.0,"enemies":"3 Shapes","floor":35.0,"turns":4.0},{"damage":0.0,"enemies":"3 Darklings","floor":37.0,"turns":5.0},{"damage":2.0,"enemies":"Spire Growth","floor":39.0,"turns":7.0},{"damage":0.0,"enemies":"Nemesis","floor":40.0,"turns":8.0},{"damage":10.0,"enemies":"Reptomancer","floor":42.0,"turns":6.0},{"damage":1.0,"enemies":"4 Shapes","floor":44.0,"turns":5.0},{"damage":0.0,"enemies":"Sphere and 2 Shapes","floor":46.0,"turns":5.0},{"damage":0.0,"enemies":"Giant Head","floor":47.0,"turns":8.0},{"damage":0.0,"enemies":"Giant Head","floor":48.0,"turns":11.0},{"damage":3,"enemies":"Donu and Deca","floor":50,"turns":14}],"seed_played":"-9010698912097451648","potions_obtained":[{"floor":3.0,"key":"Strength Potion"},{"floor":5.0,"key":"theDuelist:BurningPotionB"},{"floor":11.0,"key":"theDuelist:VampireVial"},{"floor":14.0,"key":"SteroidPotion"},{"floor":16.0,"key":"Swift Potion"},{"floor":23.0,"key":"theDuelist:SealedPack"},{"floor":28.0,"key":"Block Potion"},{"floor":31.0,"key":"Strength Potion"},{"floor":37.0,"key":"theDuelist:SealedPackC"},{"floor":39.0,"key":"theDuelist:TokenPotionB"},{"floor":44.0,"key":"theDuelist:ReducerPotion"},{"floor":46.0,"key":"Swift Potion"}],"is_trial":false,"path_per_floor":["M","$","M","M","M","E","R","E","T","?","M","R","E","M","R","B",null,"M","M","?","?","?","E","R","$","T","M","E","M","$","M","R","B",null,"M","$","M","$","M","E","R","E","T","M","?","M","E","?","R","B",null],"character_chosen":"THE_DUELIST","items_purchased":["theDuelist:WonderWand","Anchor","War Paint"],"campfire_rested":1,"item_purchase_floors":[2,25,36],"current_hp_per_floor":[80,80,80,80,80,50,50,50,50,50,44,44,7,7,31,31,68,58,58,46,32,32,32,32,32,32,31,29,29,29,29,29,29,71,71,71,71,71,69,69,69,59,59,58,48,48,48,54,54,65],"gold":576,"neow_bonus":"THREE_CARDS","is_daily":false,"chose_seed":false,"campfire_upgraded":6,"win_rate":0.0,"timestamp":1611163604,"path_taken":["M","$","M","M","M","E","R","E","T","?","M","R","E","M","R","BOSS","M","?","?","?","?","E","R","$","T","M","E","?","$","M","R","BOSS","M","$","?","?","?","E","R","E","T","M","?","M","E","?","R","BOSS"],"items_purchased_type":["Card","Relic","Relic"],"build_version":"2020-12-22","purchased_purges":5,"victory":true,"max_hp_per_floor":[80,80,80,80,80,80,80,80,80,80,80,80,80,80,80,80,80,80,80,80,85,85,85,85,85,85,85,85,85,85,85,85,85,85,85,85,85,85,85,85,85,85,85,85,85,85,85,85,85,85],"card_choices":[{"not_picked":["theDuelist:GoblinSecret","theDuelist:Mudballman"],"picked":"theDuelist:FrontierWiseman","floor":0.0},{"not_picked":["theDuelist:LightningRodLord","theDuelist:PowerGiant","theDuelist:AttackTheMoon","theDuelist:RainbowKuriboh"],"picked":"theDuelist:FluteKuriboh","floor":1.0},{"not_picked":["theDuelist:Sangan","theDuelist:GiantTrapHole","theDuelist:DokiDoki","theDuelist:LightningRodLord"],"picked":"theDuelist:MagicalStone","floor":3.0},{"not_picked":["theDuelist:InjectionFairy","theDuelist:DarkMagician","theDuelist:FlyingSaucer","theDuelist:CosmoBrain"],"picked":"theDuelist:ExodiaLL","floor":4.0},{"not_picked":["theDuelist:RainbowDarkDragon","theDuelist:IrisEarthMother","theDuelist:RainbowMagician","theDuelist:RainbowOverdragon"],"picked":"theDuelist:RainbowKuriboh","floor":5.0},{"not_picked":["theDuelist:BlizzardWarrior","theDuelist:FlyingSaucer","theDuelist:AncientElf","theDuelist:SangaThunder","theDuelist:FogKing"],"picked":"SKIP","floor":6.0},{"not_picked":["theDuelist:InjectionFairy","theDuelist:FlyingSaucer","theDuelist:MysticalElf","theDuelist:SpellShatteringArrow","theDuelist:ThousandEyesIdol"],"picked":"SKIP","floor":8.0},{"not_picked":["theDuelist:ExodiaHead","theDuelist:QueenDragunDjinn","theDuelist:ThousandEyesRestrict","theDuelist:IceQueen"],"picked":"theDuelist:GateGuardian","floor":11.0},{"not_picked":["theDuelist:RainbowOverdragon","theDuelist:Cloning","theDuelist:DummyGolem","theDuelist:Wiseman","theDuelist:Jinzo"],"picked":"SKIP","floor":13.0},{"not_picked":["theDuelist:NeoMagic","theDuelist:AltarTribute","theDuelist:ExodiaLL","theDuelist:PowerKaishin","theDuelist:BlizzardWarrior"],"picked":"SKIP","floor":14.0},{"not_picked":["theDuelist:ExodiaNecross","theDuelist:VoidVanishment","theDuelist:GrandSpellbookTower","theDuelist:IceQueen"],"picked":"theDuelist:SwordsRevealing","floor":16.0},{"not_picked":["theDuelist:StatueAnguishPattern","theDuelist:GoblinSecret","theDuelist:MindAir+1","theDuelist:BadReaction"],"picked":"SKIP","floor":18.0},{"not_picked":["theDuelist:CrystalWingDragon","theDuelist:BlueBloodedOni","theDuelist:GreenGraveOni","theDuelist:GreyGreedOni+1","theDuelist:RedHeadedOni"],"picked":"SKIP","floor":19.0},{"not_picked":["theDuelist:WhiteHowling","theDuelist:VoidExpansion","theDuelist:MindAir","theDuelist:WonderWand"],"picked":"SKIP","floor":23.0},{"not_picked":["theDuelist:NeoMagic","theDuelist:InjectionFairy","theDuelist:MysticalElf","theDuelist:Illusionist","theDuelist:AlienTelepath"],"picked":"SKIP","floor":27.0},{"not_picked":["theDuelist:GraniteLoyalist","theDuelist:DropOff","theDuelist:GemArmadillo","theDuelist:Reload","theDuelist:CastleDarkIllusions"],"picked":"SKIP","floor":28.0},{"not_picked":["theDuelist:BlueBloodedOni","theDuelist:GreenGraveOni","theDuelist:GreyGreedOni+1","theDuelist:RainbowKuriboh","theDuelist:RainbowOverdragon+1"],"picked":"SKIP","floor":29.0},{"not_picked":["theDuelist:ExodiaLL+1","theDuelist:WitchBlackRose","theDuelist:GeminiElf","theDuelist:ExodiaNecross"],"picked":"theDuelist:InvitationDarkSleep","floor":31.0},{"not_picked":["theDuelist:ExodiaNecross","theDuelist:RainbowDarkDragon+1","theDuelist:QueenDragunDjinn","theDuelist:SwordsBurning"],"picked":"theDuelist:SwordsRevealing+1","floor":33.0},{"not_picked":["theDuelist:AttackTheMoon","theDuelist:ClearKuriboh+1","theDuelist:PotAvarice+1","theDuelist:RainbowLife","theDuelist:DestructPotion"],"picked":"SKIP","floor":35.0},{"not_picked":["theDuelist:BlizzardWarrior+1","theDuelist:SangaThunder+1","theDuelist:NeoMagic+1","theDuelist:DarkMagician+1"],"picked":"theDuelist:ExodiaLA","floor":37.0},{"not_picked":["theDuelist:ApprenticeIllusionMagician+1","theDuelist:ClearKuriboh","theDuelist:LightningDarts","theDuelist:SphereKuriboh+1"],"picked":"theDuelist:OneForOne+1","floor":39.0},{"not_picked":["theDuelist:LegendaryExodia","theDuelist:ExodiaLA+1","theDuelist:DoomShaman+1","theDuelist:LegendaryFlameLord+1"],"picked":"theDuelist:ExodiaRL+1","floor":40.0},{"not_picked":["theDuelist:CrystalWingDragon","theDuelist:RainbowDarkDragon","theDuelist:IrisEarthMother+1","theDuelist:RainbowMagician","theDuelist:QueenDragunDjinn"],"picked":"SKIP","floor":42.0},{"not_picked":["theDuelist:RainbowDarkDragon","theDuelist:IrisEarthMother+1","theDuelist:VoidVanishment+1","theDuelist:GrandSpellbookTower","theDuelist:SangaWater"],"picked":"SKIP","floor":44.0},{"not_picked":["theDuelist:InjectionFairy","theDuelist:GuardianAngel","theDuelist:CharcoalInpachi+1","theDuelist:SpiritHarp"],"picked":"theDuelist:FrontierWiseman+1","floor":46.0},{"not_picked":["theDuelist:HammerShot","theDuelist:Sangan+1","theDuelist:WormWarlord","theDuelist:Hinotama+1","theDuelist:WingedKuriboh"],"picked":"SKIP","floor":47.0}],"player_experience":132949,"relics_obtained":[{"floor":6.0,"key":"theDuelist:TributeEggRelic"},{"floor":8.0,"key":"Sundial"},{"floor":9.0,"key":"TungstenRod"},{"floor":13.0,"key":"theDuelist:ElectricToken"},{"floor":20.0,"key":"Nilry\u0027s Codex"},{"floor":23.0,"key":"PreservedInsect"},{"floor":26.0,"key":"Mercury Hourglass"},{"floor":28.0,"key":"Smiling Mask"},{"floor":40.0,"key":"Red Skull"},{"floor":42.0,"key":"Cables"},{"floor":43.0,"key":"theDuelist:KaibaToken"},{"floor":47.0,"key":"Bird Faced Urn"},{"floor":48.0,"key":"Champion Belt"},{"floor":48.0,"key":"Charon\u0027s Ashes"},{"floor":48.0,"key":"Old Coin"}],"event_choices":[{"damage_healed":0.0,"max_hp_gain":0.0,"max_hp_loss":0.0,"gold_gain":0.0,"event_name":"Accursed Blacksmith","player_choice":"Rummage","floor":10.0,"gold_loss":0.0,"damage_taken":0.0,"relics_obtained":["WarpedTongs"],"cards_obtained":["Pain"]},{"damage_healed":0.0,"max_hp_gain":0.0,"max_hp_loss":0.0,"gold_gain":0.0,"event_name":"Cursed Tome","player_choice":"Obtained Book","floor":20.0,"gold_loss":0.0,"damage_taken":16.0},{"damage_healed":0.0,"max_hp_gain":5.0,"max_hp_loss":0.0,"gold_gain":0.0,"event_name":"Forgotten Altar","player_choice":"Shed Blood","floor":21.0,"gold_loss":0.0,"damage_taken":20.0},{"damage_healed":0.0,"max_hp_gain":0.0,"max_hp_loss":0.0,"gold_gain":0.0,"cards_transformed":["theDuelist:CastleWalls"],"event_name":"Transmorgrifier","player_choice":"Transformed","floor":22.0,"gold_loss":0.0,"damage_taken":0.0,"cards_obtained":["theDuelist:QueenDragunDjinn"]},{"damage_healed":0.0,"max_hp_gain":0.0,"max_hp_loss":0.0,"gold_gain":0.0,"event_name":"Winding Halls","player_choice":"Embrace Madness","floor":45.0,"gold_loss":0.0,"damage_taken":11.0,"cards_obtained":["Madness","Madness"]},{"damage_healed":0.0,"max_hp_gain":0.0,"max_hp_loss":0.0,"gold_gain":0.0,"event_name":"Battle City","player_choice":"Fight","duelist":true,"floor":48.0,"gold_loss":0.0,"damage_taken":0.0}],"is_beta":false,"boss_relics":[{"not_picked":["Runic Pyramid","theDuelist:GamblerChip"],"picked":"Philosopher\u0027s Stone"},{"not_picked":["Astrolabe","Pandora\u0027s Box"],"picked":"Mark of Pain"}],"items_purged_floors":[2,25,30,36,38],"is_endless":false,"potions_floor_spawned":[3,5,11,14,16,23,28,31,37,39,44,46],"ascension_level":5}}