{"host":"wogey4gsknv4ot2d","time":1611114352,"event":{"mods":["2.2 Compatiblity","AchievementEnabler","Alarm Clock","BaseMod","Bestiary","Better Match","Better Third Choice","Colored Map","Colored Powertips","Googly Eyes","Key Reminder","Minty Spire (QoL Compilation)","Permanent Neow","Rare Cards Sparkle","Relic Stats","StSLib"],"gold_per_floor":[112,189,199,274,274,309,309,336,363,363,375,375,375,187,187,292,292,307,406,406,419,434,434,452,452,452,452,452],"floor_reached":27,"language":"ENG","playtime":823,"items_purged":[],"score":256,"play_id":"e0e3d4d8-f5d3-4e3f-88fa-3858e8e6e296","local_time":"20210119214552","is_ascension_mode":true,"campfire_choices":[{"data":"Defend_B","floor":7,"key":"SMITH"},{"floor":10,"key":"REST"},{"floor":13,"key":"REST"},{"data":"Blizzard","floor":15,"key":"SMITH"},{"floor":23,"key":"REST"},{"floor":25,"key":"REST"}],"circlet_count":0,"master_deck":["Strike_B","Strike_B","Strike_B+1","Strike_B+1","Defend_B","Defend_B","Defend_B","Defend_B+1","Zap","Dualcast","Melter","Ball Lightning+1","Redo","White Noise","Hello World","Blizzard+1","Reboot","Conserve Battery","Loop+1","White Noise+1","Stack+1"],"relics":["Cracked Core","Smiling Mask","Whetstone","Ancient Tea Set","Runic Capacitor","Inserter","Nloth\u0027s Gift","Sundial"],"acts_visited":["Exordium","TheCity"],"potions_floor_usage":[24,24],"damage_taken":[{"damage":0,"enemies":"Small Slimes","floor":1,"turns":1},{"damage":0,"enemies":"Jaw Worm","floor":3,"turns":1},{"damage":0,"enemies":"Gremlin Nob","floor":6,"turns":1},{"damage":36,"enemies":"3 Sentries","floor":8,"turns":8},{"damage":0,"enemies":"2 Louse","floor":11,"turns":1},{"damage":57,"enemies":"Hexaghost","floor":16,"turns":10},{"damage":18,"enemies":"Shell Parasite","floor":18,"turns":5},{"damage":21,"enemies":"Chosen","floor":21,"turns":6},{"damage":24,"enemies":"Shelled Parasite and Fungi","floor":22,"turns":6},{"damage":17,"enemies":"Snake Plant","floor":24,"turns":4},{"damage":44,"enemies":"Chosen and Byrds","floor":27,"turns":5}],"seed_played":"2681399177540311734","potions_obtained":[{"floor":3,"key":"AttackPotion"},{"floor":16,"key":"SkillPotion"},{"floor":21,"key":"BlessingOfTheForge"}],"is_trial":false,"path_per_floor":["M","?","M","?","?","E","R","E","T","R","M","?","R","$","R","B",null,"M","?","?","M","M","R","M","R","T","M"],"character_chosen":"DEFECT","items_purchased":["Runic Capacitor","Blizzard"],"campfire_rested":4,"item_purchase_floors":[14,14],"current_hp_per_floor":[75,75,75,64,64,64,64,28,28,50,50,50,72,72,72,15,75,57,57,57,36,12,34,17,39,39,0,0],"gold":452,"neow_bonus":"THREE_ENEMY_KILL","is_daily":false,"chose_seed":false,"campfire_upgraded":2,"win_rate":0.0,"timestamp":1611114352,"path_taken":["M","?","M","?","?","E","R","E","T","R","M","?","R","?","R","BOSS","M","?","?","M","?","R","M","R","T","M"],"items_purchased_type":["Relic","Card"],"build_version":"2020-12-22","purchased_purges":0,"victory":false,"max_hp_per_floor":[75,75,75,75,75,75,75,75,75,75,75,75,75,75,75,75,75,75,75,75,75,75,75,75,75,75,75,75],"relic_stats":{"Inserter":[13],"counters":[11,47],"Sundial":[0],"Nloth\u0027s Gift":0,"Whetstone":["Strike_B","Strike_B"],"Smiling Mask":0,"obtain_stats":[{"Inserter":17,"NeowsBlessing":0,"Sundial":26,"Runic Capacitor":14,"Nloth\u0027s Gift":20,"Whetstone":8,"Cracked Core":0,"Smiling Mask":6,"Ancient Tea Set":9},{"Inserter":6,"NeowsBlessing":0,"Sundial":10,"Runic Capacitor":5,"Nloth\u0027s Gift":7,"Whetstone":4,"Cracked Core":0,"Smiling Mask":3,"Ancient Tea Set":4},{"Inserter":22,"NeowsBlessing":0,"Sundial":42,"Runic Capacitor":12,"Nloth\u0027s Gift":27,"Whetstone":11,"Cracked Core":0,"Smiling Mask":3,"Ancient Tea Set":11}]},"card_choices":[{"not_picked":["Steam","Coolheaded"],"picked":"Melter","floor":1},{"not_picked":["Rebound","Redo"],"picked":"Ball Lightning","floor":3},{"not_picked":["Skim","Lockon"],"picked":"Redo","floor":6},{"not_picked":["Creative AI","Biased Cognition"],"picked":"White Noise","floor":8},{"not_picked":["Stack","Steam"],"picked":"Hello World","floor":11},{"not_picked":["Fission","Amplify"],"picked":"Reboot","floor":16},{"not_picked":["Sweeping Beam+1","Go for the Eyes"],"picked":"Conserve Battery","floor":18},{"not_picked":["Steam","Compile Driver"],"picked":"Loop+1","floor":21},{"not_picked":["Heatsinks","Leap"],"picked":"White Noise+1","floor":22},{"not_picked":["Aggregate+1","Rebound"],"picked":"Stack+1","floor":24}],"player_experience":58983,"relics_obtained":[{"floor":6,"key":"Smiling Mask"},{"floor":8,"key":"Whetstone"},{"floor":9,"key":"Ancient Tea Set"},{"floor":26,"key":"Sundial"}],"event_choices":[{"damage_healed":0,"gold_gain":77,"player_choice":"Gained Gold","damage_taken":0,"max_hp_gain":0,"max_hp_loss":0,"event_name":"Golden Wing","floor":2,"gold_loss":0},{"damage_healed":0,"gold_gain":75,"player_choice":"Gold","damage_taken":11,"max_hp_gain":0,"max_hp_loss":0,"event_name":"betterThird:BetterGoop","floor":4,"gold_loss":0},{"damage_healed":0,"gold_gain":0,"player_choice":"LEAVE","damage_taken":0,"max_hp_gain":0,"max_hp_loss":0,"event_name":"betterThird:BetterScrap","floor":5,"gold_loss":0,"cards_obtained":["SignatureMove"]},{"damage_healed":0,"gold_gain":0,"player_choice":"Grow","damage_taken":0,"max_hp_gain":0,"max_hp_loss":0,"event_name":"Living Wall","floor":12,"gold_loss":0,"cards_upgraded":["Ball Lightning"]},{"damage_healed":0,"gold_gain":99,"player_choice":"Steal","damage_taken":0,"max_hp_gain":0,"max_hp_loss":0,"event_name":"betterThird:BetterNest","floor":19,"gold_loss":0},{"damage_healed":0,"gold_gain":0,"player_choice":"Traded Relic","damage_taken":0,"relics_obtained":["Nloth\u0027s Gift"],"max_hp_gain":0,"max_hp_loss":0,"event_name":"N\u0027loth","floor":20,"relics_lost":["NeowsBlessing"],"gold_loss":0}],"is_beta":false,"boss_relics":[{"not_picked":["SlaversCollar","Philosopher\u0027s Stone"],"picked":"Inserter"}],"items_purged_floors":[],"is_endless":false,"potions_floor_spawned":[3,16,21,24],"killed_by":"Chosen and Byrds","ascension_level":1}}