{"host":"6cl6ydfziu43iq79","time":1611168108,"event":{"mods":["AchievementEnabler","Aspiration","BaseMod","CCEM","Minty Spire (QoL Compilation)","Shop Mod","StSLib","Unceasing Turn Reminder","everything is the same but u backflip on backflip"],"gold_per_floor":[111,111,127,143,42,72,72,90,117,145,157,174,199,213,213,311,311,322,322,322,322,322,348,348,376,376,13,25,25,50,50,50,149,149,166,182,196,71,87,87,119,119,119,130,150,150,166,199,199,199,199,199,49,83,83,83],"floor_reached":55,"language":"ENG","playtime":5610,"items_purged":["Injury","Strike_R","Defend_R","Feed+1"],"score":882,"play_id":"93e20ddc-6835-40f8-abcf-b61cdf8380ba","local_time":"20210120194148","is_ascension_mode":false,"campfire_choices":[{"floor":15,"key":"REST"},{"data":"Armaments","floor":24,"key":"SMITH"},{"data":"Shrug It Off","floor":29,"key":"SMITH"},{"floor":32,"key":"RECALL"},{"data":"Limit Break","floor":40,"key":"SMITH"},{"data":"Demon Form","floor":46,"key":"SMITH"},{"data":"Spot Weakness","floor":49,"key":"SMITH"},{"data":"Metallicize","floor":52,"key":"SMITH"}],"circlet_count":0,"master_deck":["Strike_R","Strike_R","Strike_R","Defend_R","Defend_R","Defend_R","Bash","Spot Weakness+1","Metallicize+1","Thunderclap+1","Double Tap","Inflame","Rage","Shrug It Off+1","Metallicize+1","Dramatic Entrance+1","Good Instincts+1","Enlightenment+1","Armaments+1","Flame Barrier","Cleave+1","Iron Wave+1","Feed+1","Pommel Strike+1","Feed+1","Thunderclap+1","Demon Form+1","Heavy Blade+1","Limit Break+1","Infernal Blade+1","Inflame","Fire Breathing","Sever Soul+1"],"relics":["Burning Blood","aspiration:Nostalgia","Cracked Core","Molten Egg 2","CCEMRelics:D6","PreservedInsect","Champion Belt","CCEMRelics:FestiveHat","Mark of Pain","aspiration:Stabinomicon","CCEMRelics:TinyMinotavrHorn","CCEMRelics:SpiritsEdge","Bird Faced Urn","Runic Pyramid","Ginger","Lantern","Ancient Tea Set","Bag of Preparation"],"acts_visited":["Exordium","TheCity","TheBeyond","TheEnding"],"potions_floor_usage":[10,13,33,47,50,55],"damage_taken":[{"damage":0,"enemies":"Small Slimes","floor":1,"turns":3},{"damage":8,"enemies":"2 Louse","floor":3,"turns":3},{"damage":4,"enemies":"Cultist","floor":4,"turns":4},{"damage":24,"enemies":"Gremlin Nob","floor":6,"turns":4},{"damage":21,"enemies":"Exordium Thugs","floor":8,"turns":4},{"damage":13,"enemies":"3 Sentries","floor":10,"turns":4},{"damage":0,"enemies":"2 Fungi Beasts","floor":11,"turns":3},{"damage":8,"enemies":"3 Louse","floor":12,"turns":4},{"damage":8,"enemies":"Gremlin Nob","floor":13,"turns":4},{"damage":0,"enemies":"Exordium Thugs","floor":14,"turns":4},{"damage":28,"enemies":"The Guardian","floor":16,"turns":10},{"damage":13,"enemies":"Spheric Guardian","floor":18,"turns":5},{"damage":0,"enemies":"Gremlin Leader","floor":23,"turns":3},{"damage":13,"enemies":"Slavers","floor":25,"turns":3},{"damage":0,"enemies":"2 Thieves","floor":28,"turns":2},{"damage":4,"enemies":"Gremlin Leader","floor":30,"turns":3},{"damage":43,"enemies":"Collector","floor":33,"turns":11},{"damage":11,"enemies":"3 Shapes","floor":35,"turns":2},{"damage":4,"enemies":"Orb Walker","floor":36,"turns":2},{"damage":0,"enemies":"Spire Growth","floor":37,"turns":3},{"damage":18,"enemies":"Sphere and 2 Shapes","floor":39,"turns":3},{"damage":0,"enemies":"Nemesis","floor":41,"turns":3},{"damage":0,"enemies":"Transient","floor":44,"turns":5},{"damage":0,"enemies":"Spire Growth","floor":45,"turns":4},{"damage":6,"enemies":"3 Darklings","floor":47,"turns":2},{"damage":39,"enemies":"Giant Head","floor":48,"turns":7},{"damage":89,"enemies":"Donu and Deca","floor":50,"turns":8},{"damage":62,"enemies":"Shield and Spear","floor":54,"turns":5},{"damage":146,"enemies":"The Heart","floor":55,"turns":8}],"seed_played":"5541067714299463080","potions_obtained":[{"floor":1,"key":"SpeedPotion"},{"floor":6,"key":"PowerPotion"},{"floor":11,"key":"BlessingOfTheForge"},{"floor":12,"key":"LiquidMemories"},{"floor":14,"key":"LiquidBronze"},{"floor":23,"key":"FearPotion"},{"floor":25,"key":"SpeedPotion"},{"floor":36,"key":"ColorlessPotion"},{"floor":41,"key":"AttackPotion"},{"floor":47,"key":"DistilledChaos"}],"is_trial":false,"path_per_floor":["M","?","M","M","$","E","?","M","T","E","M","M","E","M","R","B",null,"M","?","?","?","?","E","R","E","T","$","M","R","E","$","R","B",null,"M","M","M","$","M","R","E","?","T","M","M","R","M","E","R","B",null,"R","$","E","B"],"character_chosen":"IRONCLAD","items_purchased":["Thunderclap+1","Feed+1","FairyPotion","Pommel Strike+1"],"campfire_rested":1,"item_purchase_floors":[5,27,27,27],"current_hp_per_floor":[80,80,78,80,80,62,62,47,47,40,46,44,42,48,72,50,80,77,77,61,61,45,51,51,48,48,48,54,54,56,56,56,25,93,96,104,109,109,103,103,115,115,115,117,121,121,125,104,104,37,133,133,133,85,0,0],"gold":83,"neow_bonus":"NOSTALGIA","is_daily":false,"chose_seed":false,"campfire_upgraded":6,"win_rate":0.0,"timestamp":1611168108,"path_taken":["M","?","M","M","$","E","?","M","T","E","?","M","E","M","R","BOSS","M","?","?","?","?","E","R","E","T","$","M","R","E","$","R","BOSS","M","M","M","$","M","R","E","?","T","M","M","R","M","E","R","BOSS","R","$","E","BOSS"],"items_purchased_type":["Card","Card","Potion","Card"],"build_version":"2020-12-22","purchased_purges":4,"victory":false,"max_hp_per_floor":[80,80,80,80,80,80,80,80,80,80,80,80,80,80,80,80,80,84,84,89,89,89,89,89,93,93,93,93,93,93,93,93,93,93,101,105,109,109,113,113,117,117,117,117,121,121,125,129,129,133,133,133,133,133,133,133],"card_choices":[{"not_picked":["Shockwave","Clash","Body Slam"],"picked":"SKIP","floor":1},{"not_picked":["Iron Wave+1","Heavy Blade+1"],"picked":"Spot Weakness","floor":3},{"not_picked":["Disarm","Clothesline+1"],"picked":"Metallicize","floor":4},{"not_picked":["Spot Weakness","Combust"],"picked":"Double Tap","floor":6},{"not_picked":["True Grit","Disarm"],"picked":"Inflame","floor":8},{"not_picked":["Flex","Body Slam+1"],"picked":"Rage","floor":10},{"not_picked":["Evolve","Flex"],"picked":"Shrug It Off","floor":11},{"not_picked":["Clash+1","Feel No Pain","Pommel Strike+1"],"picked":"SKIP","floor":12},{"not_picked":["Headbutt+1","Clothesline+1"],"picked":"Metallicize","floor":13},{"not_picked":["Purity+1","Panacea+1"],"picked":"Dramatic Entrance+1","floor":14},{"not_picked":["Carnage+1","Warcry","Clash+1"],"picked":"SKIP","floor":14},{"not_picked":["Madness+1","Dark Shackles+1"],"picked":"Good Instincts+1","floor":16},{"not_picked":["Exhume","Bludgeon+1"],"picked":"Feed+1","floor":16},{"not_picked":["Good Instincts+1","Secret Technique+1"],"picked":"Enlightenment+1","floor":18},{"not_picked":["True Grit","Sword Boomerang+1"],"picked":"Armaments","floor":18},{"not_picked":["Heavy Blade+1","Thunderclap+1"],"picked":"Cleave+1","floor":23},{"not_picked":["True Grit+1","Spot Weakness"],"picked":"Iron Wave+1","floor":25},{"not_picked":["Clash+1","Flex"],"picked":"Feed+1","floor":28},{"not_picked":["Hemokinesis+1","Pommel Strike+1"],"picked":"Thunderclap+1","floor":30},{"not_picked":["Juggernaut","Feed+1"],"picked":"Demon Form","floor":33},{"not_picked":["Body Slam+1","Hemokinesis+1","Shockwave"],"picked":"SKIP","floor":35},{"not_picked":["Havoc+1","Intimidate+1"],"picked":"Heavy Blade+1","floor":36},{"not_picked":["True Grit","Headbutt+1","Warcry+1"],"picked":"SKIP","floor":37},{"not_picked":["Carnage+1","Spot Weakness+1"],"picked":"Limit Break","floor":39},{"not_picked":["Anger+1","Heavy Blade+1","Double Tap"],"picked":"SKIP","floor":41},{"not_picked":["Shrug It Off","Clash+1","Wild Strike+1"],"picked":"SKIP","floor":44},{"not_picked":["Anger+1","Feel No Pain+1"],"picked":"Infernal Blade+1","floor":45},{"not_picked":["Anger+1","Sword Boomerang+1"],"picked":"Inflame","floor":47},{"not_picked":["Whirlwind+1","Battle Trance"],"picked":"Fire Breathing","floor":48},{"not_picked":["Pommel Strike+1","Havoc"],"picked":"Sever Soul+1","floor":54}],"player_experience":115408,"relics_obtained":[{"floor":6,"key":"CCEMRelics:D6"},{"floor":9,"key":"PreservedInsect"},{"floor":10,"key":"Champion Belt"},{"floor":13,"key":"CCEMRelics:FestiveHat"},{"floor":22,"key":"aspiration:Stabinomicon"},{"floor":23,"key":"CCEMRelics:TinyMinotavrHorn"},{"floor":25,"key":"CCEMRelics:SpiritsEdge"},{"floor":30,"key":"Bird Faced Urn"},{"floor":41,"key":"Ginger"},{"floor":43,"key":"Lantern"},{"floor":48,"key":"Ancient Tea Set"},{"floor":54,"key":"Bag of Preparation"}],"event_choices":[{"damage_healed":0,"gold_gain":0,"player_choice":"Upgraded","damage_taken":0,"max_hp_gain":0,"max_hp_loss":0,"event_name":"Upgrade Shrine","floor":7,"gold_loss":0,"cards_upgraded":["Metallicize"]},{"damage_healed":0,"gold_gain":0,"player_choice":"Ignored","damage_taken":0,"max_hp_gain":0,"max_hp_loss":0,"event_name":"Ghosts","floor":19,"gold_loss":0},{"damage_healed":0,"gold_gain":0,"player_choice":"Shed Blood","damage_taken":21,"max_hp_gain":5,"max_hp_loss":0,"event_name":"Forgotten Altar","floor":20,"gold_loss":0},{"damage_healed":0,"gold_gain":0,"player_choice":"Read","damage_taken":0,"max_hp_gain":0,"max_hp_loss":0,"event_name":"The Library","floor":21,"gold_loss":0,"cards_obtained":["Flame Barrier"]},{"damage_healed":0,"gold_gain":0,"player_choice":"Obtained Book","damage_taken":16,"max_hp_gain":0,"max_hp_loss":0,"event_name":"Cursed Tome","floor":22,"gold_loss":0},{"cards_removed":["Strike_R"],"damage_healed":0,"gold_gain":0,"player_choice":"Purged","damage_taken":0,"max_hp_gain":0,"max_hp_loss":0,"event_name":"Purifier","floor":42,"gold_loss":0}],"is_beta":false,"boss_relics":[{"not_picked":["Calling Bell","Tiny House"],"picked":"Mark of Pain"},{"not_picked":["Runic Cube","Astrolabe"],"picked":"Runic Pyramid"}],"items_purged_floors":[5,27,38,53],"is_endless":false,"potions_floor_spawned":[1,6,11,12,14,23,25,30,36,39,41,47],"killed_by":"The Heart","ascension_level":0}}