{"host":"6cl6ydfziu43iq79","time":1611162475,"event":{"mods":["AchievementEnabler","Aspiration","BaseMod","CCEM","Minty Spire (QoL Compilation)","Shop Mod","StSLib","Unceasing Turn Reminder","everything is the same but u backflip on backflip"],"gold_per_floor":[118,118,138,156,156,186,186,186,186,197,211,211,211,243,243,348,348,361,379,250,250,250],"floor_reached":21,"language":"ENG","playtime":1342,"items_purged":["Defend_R"],"score":214,"play_id":"76e056af-e018-4000-8934-f6ccce27e9c4","local_time":"20210120180755","is_ascension_mode":false,"campfire_choices":[{"data":"Feed","floor":7,"key":"SMITH"},{"data":"Flame Barrier","floor":13,"key":"SMITH"},{"data":"Shrug It Off","floor":15,"key":"SMITH"}],"circlet_count":0,"master_deck":["Strike_R","Strike_R","Defend_R","Bash","Thunderclap","Disarm","Ghostly Armor","Heavy Blade","Feed+1","Flame Barrier+1","Spot Weakness","Shrug It Off+1","Exhume","Shrug It Off","Armaments"],"relics":["Burning Blood","aspiration:Nostalgia","Cracked Core","HornCleat","Toy Ornithopter","Matryoshka","CCEMRelics:PorcelainBowl","Empty Cage"],"acts_visited":["Exordium","TheCity"],"potions_floor_usage":[14,16],"damage_taken":[{"damage":5,"enemies":"Jaw Worm","floor":1,"turns":4},{"damage":2,"enemies":"Cultist","floor":3,"turns":4},{"damage":8,"enemies":"Small Slimes","floor":4,"turns":3},{"damage":26,"enemies":"3 Sentries","floor":6,"turns":10},{"damage":5,"enemies":"Looter","floor":10,"turns":4},{"damage":5,"enemies":"Exordium Thugs","floor":11,"turns":4},{"damage":9,"enemies":"Gremlin Nob","floor":14,"turns":4},{"damage":18,"enemies":"Hexaghost","floor":16,"turns":10},{"damage":19,"enemies":"2 Thieves","floor":18,"turns":5},{"damage":32,"enemies":"Spheric Guardian","floor":19,"turns":6},{"damage":58,"enemies":"3 Cultists","floor":21,"turns":6}],"seed_played":"6604059556890789189","potions_obtained":[{"floor":6,"key":"LiquidBronze"},{"floor":10,"key":"Regen Potion"},{"floor":11,"key":"Block Potion"},{"floor":19,"key":"CultistPotion"}],"is_trial":false,"path_per_floor":["M","?","M","M","?","E","R","?","T","M","M","?","R","E","R","B",null,"M","M","$","M"],"character_chosen":"IRONCLAD","items_purchased":["Armaments"],"campfire_rested":0,"item_purchase_floors":[20],"current_hp_per_floor":[80,80,80,78,71,51,51,51,51,56,61,54,54,69,69,62,92,83,57,57,0,0],"gold":250,"neow_bonus":"NOSTALGIA","is_daily":false,"chose_seed":false,"campfire_upgraded":3,"win_rate":0.0,"timestamp":1611162475,"path_taken":["M","?","M","?","?","E","R","?","T","?","M","?","R","E","R","BOSS","M","M","$","M"],"items_purchased_type":["Card"],"build_version":"2020-12-22","purchased_purges":1,"victory":false,"max_hp_per_floor":[80,80,80,80,80,80,80,80,80,84,88,88,88,92,92,92,92,96,96,96,96,96],"card_choices":[{"not_picked":["Warcry","True Grit"],"picked":"Thunderclap","floor":1},{"not_picked":["Anger","Flame Barrier"],"picked":"Ghostly Armor","floor":3},{"not_picked":["Sword Boomerang","Pommel Strike"],"picked":"Heavy Blade","floor":4},{"not_picked":["Metallicize","Shockwave"],"picked":"Feed","floor":6},{"not_picked":["True Grit","Anger"],"picked":"Flame Barrier","floor":10},{"not_picked":["Dual Wield","Shrug It Off"],"picked":"Spot Weakness","floor":11},{"not_picked":["Anger","Offering"],"picked":"Shrug It Off","floor":14},{"not_picked":["Offering","Impervious"],"picked":"Exhume","floor":16},{"not_picked":["Warcry","Wild Strike","Disarm"],"picked":"SKIP","floor":18},{"not_picked":["Heavy Blade","Pommel Strike"],"picked":"Shrug It Off","floor":19}],"player_experience":114066,"relics_obtained":[{"floor":6,"key":"Toy Ornithopter"},{"floor":9,"key":"Matryoshka"},{"floor":14,"key":"CCEMRelics:PorcelainBowl"}],"event_choices":[{"damage_healed":0,"gold_gain":0,"cards_transformed":["Strike_R"],"player_choice":"Transformed","damage_taken":0,"max_hp_gain":0,"max_hp_loss":0,"event_name":"Transmorgrifier","floor":2,"gold_loss":0,"cards_obtained":["Disarm"]},{"damage_healed":0,"gold_gain":0,"player_choice":"Success","damage_taken":7,"relics_obtained":["HornCleat"],"max_hp_gain":0,"max_hp_loss":0,"event_name":"Scrap Ooze","floor":5,"gold_loss":0},{"cards_removed":["Strike_R"],"damage_healed":0,"gold_gain":0,"player_choice":"Purged","damage_taken":0,"max_hp_gain":0,"max_hp_loss":0,"event_name":"Purifier","floor":8,"gold_loss":0},{"cards_removed":["Defend_R"],"damage_healed":0,"gold_gain":0,"player_choice":"Card Removal","damage_taken":7,"max_hp_gain":0,"max_hp_loss":0,"event_name":"Golden Wing","floor":12,"gold_loss":0}],"is_beta":false,"boss_relics":[{"not_picked":["Runic Dome","Astrolabe"],"picked":"Empty Cage"}],"items_purged_floors":[20],"is_endless":false,"potions_floor_spawned":[6,10,11,19],"killed_by":"3 Cultists","ascension_level":0}}