{"host":"bf9sa99gaumonoeu","time":1611111332,"event":{"mods":["AchievementEnabler","Act Like it!","Aspiration","BaseMod","Bestiary","Better Note","Block Reminder","Colored Map","Colored Powertips","Fox Events","Friendly Minions","Gensokyo","GifTheSpireLib","Googly Eyes","Hallownest","Hermit","Highlight Path","Jorbs\u0027s Wanderer Trilogy","KinomotoSakuraMod(????)","Koishi","Marisa????????","Minty Spire (QoL Compilation)","Rare Cards Sparkle","Relic Stats","Remilia??????","Replay The Spire","Spire Arcade","StSLib","The Administrix","The Animator","The Blue Laboratory","The Bug Knight","The Construct","The Cursed","The Hierophant","The Mystic","The Necromancer","The Poker Player","The Runesmith","The Senshi","The Servant 0.9.4","ojb\u0027s Info Mod"],"gold_per_floor":[212,228,257,307,37,37,52,85,187,215,215,225,225,202,202,202,202],"floor_reached":16,"language":"ENG","playtime":2155,"items_purged":["Spreading Infection"],"score":220,"play_id":"d26ba414-2534-4537-8671-d3ebfb1e1f0a","local_time":"20210120005532","is_ascension_mode":true,"campfire_choices":[{"floor":6,"key":"REST"},{"floor":11,"key":"REST"},{"data":"Caltrops","floor":13,"key":"SMITH"},{"data":"Neutralize","floor":15,"key":"SMITH"}],"circlet_count":0,"master_deck":["AscendersBane","Strike_G","Strike_G","Strike_G","Strike_G","Strike_G","Defend_G","Defend_G","Defend_G","Defend_G","Defend_G","Survivor","Neutralize+1","Caltrops+1","Flying Knee","Dagger Spray","Replay:Bag of Tricks+1","Prepared","Shame","ReplayTheSpireMod:Exploit Weakness","Prepared","Blade Dance"],"relics":["Ring of the Snake","foxEvents:LuckyCharm","ReplayTheSpireMod:Ring of Challenge","Ring of Greed","Golden Egg","MealTicket","aspiration:StickyExplosives_weak","Pen Nib","theSenshi:SailorFukuRelic"],"acts_visited":["Exordium"],"potions_floor_usage":[10,10,12,16],"damage_taken":[{"damage":1,"enemies":"Cultist","floor":1,"turns":5},{"damage":0,"enemies":"Small Slimes","floor":2,"turns":4},{"damage":47,"enemies":"Colosseum Slavers","floor":3,"turns":7},{"damage":4,"enemies":"Jaw Worm","floor":7,"turns":4},{"damage":30,"enemies":"Gremlin Nob","floor":8,"turns":4},{"damage":5,"enemies":"3 Sentries","floor":10,"turns":5},{"damage":0,"enemies":"3 Louse","floor":12,"turns":2},{"damage":11,"enemies":"Exordium Thugs","floor":14,"turns":4},{"damage":19,"enemies":"Hexaghost","floor":16,"turns":7}],"seed_played":"764314898835170018","potions_obtained":[{"floor":8,"key":"Adrenaline Potion"},{"floor":10,"key":"Block Potion"},{"floor":14,"key":"Milkshake"}],"is_trial":false,"path_per_floor":["M","M","?","?","$","R","M","E","T","E","R","M","R","M","R","B"],"character_chosen":"THE_SILENT","items_purchased":["Elixir","Replay:Bag of Tricks"],"campfire_rested":2,"item_purchase_floors":[5,5],"current_hp_per_floor":[58,58,11,11,26,45,41,11,11,6,25,25,25,14,14,0,0],"gold":202,"neow_bonus":"HUNDRED_GOLD","is_daily":false,"chose_seed":false,"campfire_upgraded":2,"win_rate":0.0,"timestamp":1611111332,"path_taken":["M","M","?","?","$","R","M","E","T","E","R","M","R","M","R","BOSS"],"items_purchased_type":["Potion","Card"],"build_version":"2020-12-22","purchased_purges":1,"victory":false,"max_hp_per_floor":[66,66,66,66,66,66,66,66,66,66,66,66,66,66,66,66,66],"relic_stats":{"counters":[9,42],"MealTicket":15,"Pen Nib":[4],"obtain_stats":[{"Golden Egg":4,"MealTicket":4,"Pen Nib":9,"foxEvents:LuckyCharm":3,"Ring of Greed":4,"ReplayTheSpireMod:Ring of Challenge":4,"theSenshi:SailorFukuRelic":10,"Ring of the Snake":0,"aspiration:StickyExplosives_weak":8},{"Golden Egg":3,"MealTicket":3,"Pen Nib":5,"foxEvents:LuckyCharm":3,"Ring of Greed":3,"ReplayTheSpireMod:Ring of Challenge":3,"theSenshi:SailorFukuRelic":6,"Ring of the Snake":0,"aspiration:StickyExplosives_weak":5},{"Golden Egg":16,"MealTicket":16,"Pen Nib":24,"foxEvents:LuckyCharm":16,"Ring of Greed":16,"ReplayTheSpireMod:Ring of Challenge":16,"theSenshi:SailorFukuRelic":29,"Ring of the Snake":0,"aspiration:StickyExplosives_weak":24}],"Ring of the Snake":[18]},"card_choices":[{"not_picked":["Underhanded Strike","Quick Slash"],"picked":"Caltrops","floor":1},{"not_picked":["Endless Agony","ReplayTheSpireMod:Speed Training"],"picked":"Flying Knee","floor":2},{"not_picked":["Outmaneuver","Predator"],"picked":"Dagger Spray","floor":3},{"not_picked":["Quick Slash","Dagger Spray"],"picked":"Prepared","floor":7},{"not_picked":["Underhanded Strike","Sucker Punch"],"picked":"ReplayTheSpireMod:Exploit Weakness","floor":10},{"not_picked":["Poisoned Stab","Blur"],"picked":"Prepared","floor":12},{"not_picked":["Poisoned Stab","Quick Slash"],"picked":"Blade Dance","floor":14}],"player_experience":1016125,"relics_obtained":[{"floor":3,"key":"foxEvents:LuckyCharm"},{"floor":4,"key":"ReplayTheSpireMod:Ring of Challenge"},{"floor":4,"key":"Ring of Greed"},{"floor":4,"key":"Golden Egg"},{"floor":4,"key":"MealTicket"},{"floor":8,"key":"aspiration:StickyExplosives_weak"},{"floor":9,"key":"Pen Nib"},{"floor":10,"key":"theSenshi:SailorFukuRelic"}],"event_choices":[],"is_beta":false,"boss_relics":[],"items_purged_floors":[5],"is_endless":false,"potions_floor_spawned":[8,10,14],"killed_by":"Hexaghost","ascension_level":20}}