{"host":"nea7n2z8ef69uk76","time":1611107347,"event":{"mods":["BaseMod","Better Altar","Colored Powertips","Curses Come First","Emptier Cage","Lobotomy","LobotomyExtend","Minty Spire (QoL Compilation)","Permanent Neow","Quick Restart","SacredBarkPlus","Spicy Shops","StSLib"],"gold_per_floor":[273,273,273,292,305,305,340,340,367,379,391,423,452,13,13,109,109,128,140,140,140,158,158,172,201,201,201,116,116,116,145,145,248,248,263,263,263,1,18,50,69,69,151,151,171,179,190,207,207,113],"floor_reached":51,"language":"ENG","playtime":4131,"items_purged":["Regret"],"score":845,"play_id":"bf8118ef-3a5d-4699-8450-ce157c101f3e","local_time":"20210119204907","is_ascension_mode":false,"campfire_choices":[{"floor":15,"key":"REST"},{"floor":44,"key":"RECALL"}],"circlet_count":0,"master_deck":["SpecialBullet","SpecialBullet","SpecialBullet","SpecialBullet","SpecialBullet","SpecialBullet","SpecialBullet","SpecialBullet","ExtractionCode","SecurityCode","InformationCode","Tough","Wingbeat","Wellcheers","MHz","WristCuter","Heaven","OldLady","ScreamingWedge+1","Beak+1","OSAHOGD","GrinderMk4+1","Penitence+1","Tough+1","Diffraction+1","Flash of Steel+1","CENSORED_ego+1","WallGazer","Twilight+1","WristCuter+1","Murderer","Soda+1","Soda+1","Scarecrow","SomewhereSpear+1","Writhe","CentralCode","Laetitia_ego+1","UniverseFragment","Soda+1","Bloodbath","GoldRush+1","Shame","TrainingCode","Logging+1","Rudolta","Reverberation+1","ControlCode","GreedKing","ScreamingWedge+1","Heaven+1","Madness+1","Madness+1","Ecstasy+1","Beak+1","Beak+1","WristCuter+1","Noise+1","SpiderBud","GreenStem+1","Regret_ego+1","WelfareCode","Doubt","Freischutz","ScreamingWedge+1","GrinderMk4+1","CENSORED","BlackSwan_ego+1","SnowQueen","Harvest+1","Ecstasy+1","QueenOfHatred","Tough+1"],"relics":["CogitoBucket","LetterFromLob","Boot","MawBank","BehaviorAdjustment","Oddly Smooth Stone","Bronze Scales","Cursed Key","Eternal Feather","InspiredRelic","LuminousBracelet","White Beast Statue","PreservedInsect","Prayer Wheel","Mercury Hourglass","Dream Catcher","SacredBark","Membership Card","Toy Ornithopter","SkinProphecy","Darkstone Periapt","Ornamental Fan"],"acts_visited":["Exordium","TheCity","TheBeyond"],"potions_floor_usage":[25,31,33,39,39,39,45,48,50,50,51],"damage_taken":[{"damage":8,"enemies":"Small Slimes","floor":1,"turns":3},{"damage":6,"enemies":"2 Louse","floor":4,"turns":3},{"damage":11,"enemies":"Jaw Worm","floor":5,"turns":4},{"damage":29,"enemies":"Lagavulin","floor":7,"turns":5},{"damage":16,"enemies":"Large Slime","floor":12,"turns":5},{"damage":31,"enemies":"Blue Slaver","floor":13,"turns":7},{"damage":36,"enemies":"The Guardian","floor":16,"turns":9},{"damage":12,"enemies":"Shell Parasite","floor":18,"turns":4},{"damage":0,"enemies":"Spheric Guardian","floor":19,"turns":3},{"damage":18,"enemies":"Chosen and Byrds","floor":22,"turns":4},{"damage":93,"enemies":"Snake Plant","floor":24,"turns":11},{"damage":16,"enemies":"Book of Stabbing","floor":25,"turns":5},{"damage":16,"enemies":"Slavers","floor":31,"turns":3},{"damage":27,"enemies":"Collector","floor":33,"turns":6},{"damage":13,"enemies":"3 Shapes","floor":35,"turns":2},{"damage":17,"enemies":"Orb Walker","floor":39,"turns":9},{"damage":4,"enemies":"Reptomancer","floor":40,"turns":3},{"damage":7,"enemies":"Writhing Mass","floor":41,"turns":4},{"damage":27,"enemies":"Maw","floor":45,"turns":4},{"damage":10,"enemies":"Nemesis","floor":46,"turns":3},{"damage":17,"enemies":"Sphere and 2 Shapes","floor":47,"turns":3},{"damage":20,"enemies":"Jaw Worm Horde","floor":48,"turns":3},{"damage":95,"enemies":"FixerMidnight","floor":50,"turns":11},{"damage":31,"enemies":"Malkuth","floor":51,"turns":7},{"damage":50,"enemies":"Netzach","floor":51,"turns":9},{"damage":249,"enemies":"Chesed","floor":51,"turns":7},{"damage":433,"enemies":"Hokma","floor":51,"turns":17},{"damage":434,"enemies":"Angela","floor":51,"turns":10}],"seed_played":"6359678836390383447","potions_obtained":[{"floor":13,"key":"Block Potion"},{"floor":19,"key":"Energy Potion"},{"floor":24,"key":"Dexterity Potion"},{"floor":25,"key":"DistilledChaos"},{"floor":31,"key":"Regen Potion"},{"floor":33,"key":"SteroidPotion"},{"floor":39,"key":"BlessingOfTheForge"},{"floor":40,"key":"LiquidMemories"},{"floor":41,"key":"PowerPotion"},{"floor":45,"key":"Block Potion"},{"floor":46,"key":"PowerPotion"},{"floor":48,"key":"Dexterity Potion"}],"is_trial":false,"path_per_floor":["M","?","?","M","M","R","E","R","T","?","$","M","M","$","R","B",null,"M","M","?","?","M","R","M","E","T","R","?","T","R","E","R","B",null,"M","?","?","$","M","E","M","R","T","R","M","E","M","M","R","B",null],"character_chosen":"Angela","items_purchased":["Diffraction+1","Oddly Smooth Stone","Bronze Scales","Flash of Steel+1","Membership Card","Toy Ornithopter"],"campfire_rested":1,"item_purchase_floors":[14,14,14,14,38,38],"current_hp_per_floor":[70,70,70,70,67,67,49,49,49,49,49,44,21,21,42,17,70,69,70,70,70,68,70,38,72,72,93,93,93,93,93,97,101,101,99,86,86,86,101,103,109,109,115,115,113,127,133,134,139,141],"gold":2,"neow_bonus":"THREE_CARDS","is_daily":false,"chose_seed":false,"campfire_upgraded":0,"win_rate":0.0,"timestamp":1611107347,"path_taken":["M","?","?","M","M","R","E","R","T","?","?","M","M","$","R","BOSS","M","M","?","?","M","R","M","E","T","R","?","?","R","E","R","BOSS","M","?","?","$","M","E","M","R","T","R","M","E","M","M","R","BOSS"],"items_purchased_type":["Card","Relic","Relic","Card","Relic","Relic"],"build_version":"2020-12-22","purchased_purges":1,"victory":true,"max_hp_per_floor":[70,70,70,70,70,70,70,70,70,70,70,70,70,70,70,70,70,70,70,70,70,70,70,89,93,93,93,93,93,93,97,97,101,101,101,101,101,101,101,103,109,109,115,115,121,127,133,139,139,141],"card_choices":[{"not_picked":["Regret_ego","Loneliness"],"picked":"Tough","floor":0},{"not_picked":["Noise"],"picked":"Wingbeat","floor":1},{"not_picked":["Murderer","MeatLantern"],"picked":"Wellcheers","floor":1},{"not_picked":["Logging","FourthMatchFlame"],"picked":"SKIP","floor":1},{"not_picked":["PunishingBird","FieryBird"],"picked":"MHz","floor":4},{"not_picked":["Discord","BlueScar"],"picked":"SKIP","floor":4},{"not_picked":["Loneliness","Discord"],"picked":"SKIP","floor":4},{"not_picked":["Loneliness"],"picked":"WristCuter","floor":5},{"not_picked":["LifeForTheDareDevil","Adoration"],"picked":"SKIP","floor":5},{"not_picked":["Loneliness","WristCuter"],"picked":"Heaven","floor":7},{"not_picked":["Variant","NakedNest","BeautyBeast"],"picked":"Singing Bowl","floor":7},{"not_picked":["BeautyBeast","WallGazer"],"picked":"OldLady","floor":7},{"not_picked":["Reverberation","Amita"],"picked":"ScreamingWedge","floor":7},{"not_picked":["Loneliness+1","TodaysExpression+1"],"picked":"Beak+1","floor":12},{"not_picked":["Laetitia","Scorched"],"picked":"OSAHOGD","floor":12},{"not_picked":["SwordSharpenedByTears+1","Christmas+1"],"picked":"GrinderMk4+1","floor":12},{"not_picked":["CUTE+1","Moonlight+1"],"picked":"Penitence+1","floor":13},{"not_picked":["Loneliness+1","Horn+1"],"picked":"Tough+1","floor":13},{"not_picked":["BeautyBeast","Scorched","WallGazer"],"picked":"Singing Bowl","floor":13},{"not_picked":["GoldRush+1","ParadiseLost+1"],"picked":"CENSORED_ego+1","floor":16},{"not_picked":["LittleHelper","HappyTeddy","LaLuna"],"picked":"Singing Bowl","floor":16},{"not_picked":["LittlePrince","MeatLantern"],"picked":"WallGazer","floor":16},{"not_picked":["CENSORED_ego+1","TheSmile+1"],"picked":"Twilight+1","floor":16},{"not_picked":["Christmas+1","Tough+1"],"picked":"WristCuter+1","floor":18},{"not_picked":["FairyFestival","SnowQueen","VoidDream"],"picked":"Singing Bowl","floor":18},{"not_picked":["FieryBird","HeroicMonk"],"picked":"Murderer","floor":18},{"not_picked":["CUTE+1","RedEyes+1"],"picked":"Soda+1","floor":18},{"not_picked":["Gaze+1","CherryBlossom+1"],"picked":"Soda+1","floor":19},{"not_picked":["Scorched","FairyFestival","SpiderBud"],"picked":"Singing Bowl","floor":19},{"not_picked":["Yin","CherryBlossoms"],"picked":"Scarecrow","floor":19},{"not_picked":["FrostShard+1","RedEyes+1"],"picked":"SomewhereSpear+1","floor":19},{"not_picked":["BeautyBeast","DespairKnight","Bloodbath"],"picked":"Singing Bowl","floor":22},{"not_picked":["Lamp+1","Adoration+1"],"picked":"Laetitia_ego+1","floor":22},{"not_picked":["Penitence+1","Christmas+1","FrostShard+1"],"picked":"SKIP","floor":22},{"not_picked":["Funeral","QueenBee","CherryBlossoms"],"picked":"Singing Bowl","floor":24},{"not_picked":["HappyTeddy","Funeral"],"picked":"UniverseFragment","floor":24},{"not_picked":["Penitence+1","Noise+1"],"picked":"Soda+1","floor":24},{"not_picked":["Noise+1","Diffraction+1","Loneliness+1"],"picked":"SKIP","floor":24},{"not_picked":["MeatLantern","LittlePrince","NakedNest"],"picked":"Singing Bowl","floor":25},{"not_picked":["VoidDream","Scorched"],"picked":"Bloodbath","floor":25},{"not_picked":["Noise+1","RedEyes+1"],"picked":"GoldRush+1","floor":25},{"not_picked":["Harmony+1","Horn+1"],"picked":"Logging+1","floor":31},{"not_picked":["CrumblingArmor","CherryBlossoms","MeatLantern"],"picked":"Singing Bowl","floor":31},{"not_picked":["Laetitia","DreamingCurrent"],"picked":"Rudolta","floor":31},{"not_picked":["Harmony+1","Diffraction+1"],"picked":"Reverberation+1","floor":31},{"not_picked":["FieryBird","BeautyBeast"],"picked":"GreedKing","floor":33},{"not_picked":["RedShoes","HappyTeddy","Scorched"],"picked":"Singing Bowl","floor":35},{"not_picked":["Lantern+1","Soda+1"],"picked":"ScreamingWedge+1","floor":35},{"not_picked":["CUTE+1","Noise+1"],"picked":"Heaven+1","floor":35},{"not_picked":["Gaze+1","Penitence+1"],"picked":"Ecstasy+1","floor":39},{"not_picked":["DreamingCurrent","ShyLook","LittlePrince"],"picked":"Singing Bowl","floor":39},{"not_picked":["Pinks+1","Wingbeat+1"],"picked":"Beak+1","floor":39},{"not_picked":["ShedSkin+1","CUTE+1"],"picked":"Beak+1","floor":39},{"not_picked":["TheSmile+1","GreenStem+1"],"picked":"WristCuter+1","floor":40},{"not_picked":["Variant","Alriune","LaLuna"],"picked":"Singing Bowl","floor":40},{"not_picked":["Horn+1","Lantern+1"],"picked":"Noise+1","floor":40},{"not_picked":["HeroicMonk","BodiesMountain"],"picked":"SpiderBud","floor":41},{"not_picked":["Christmas+1","Lantern+1"],"picked":"GreenStem+1","floor":41},{"not_picked":["CUTE+1","Reverberation+1"],"picked":"Regret_ego+1","floor":41},{"not_picked":["LittleHelper","MeltingLove","DreamingCurrent"],"picked":"Singing Bowl","floor":45},{"not_picked":["Woodsman","BlueStar"],"picked":"Freischutz","floor":45},{"not_picked":["RapturousDream+1","LifeForTheDareDevil+1"],"picked":"ScreamingWedge+1","floor":45},{"not_picked":["SomewhereSpear+1","Penitence+1"],"picked":"GrinderMk4+1","floor":45},{"not_picked":["Mercenary","LittleHelper","WhiteNight"],"picked":"Singing Bowl","floor":46},{"not_picked":["NakedNest","Porccubus"],"picked":"CENSORED","floor":46},{"not_picked":["CUTE+1","FourthMatchFlame+1"],"picked":"BlackSwan_ego+1","floor":46},{"not_picked":["BigBadWolf","VoidDream","Mercenary"],"picked":"Singing Bowl","floor":47},{"not_picked":["FairyFestival","Mercenary"],"picked":"SnowQueen","floor":47},{"not_picked":["Moonlight+1","MagicBullet+1"],"picked":"Harvest+1","floor":47},{"not_picked":["MagicBullet+1","Lantern+1","TodaysExpression+1"],"picked":"SKIP","floor":47},{"not_picked":["Tough+1","WristCuter+1"],"picked":"Ecstasy+1","floor":48},{"not_picked":["Mercenary","NothingThere"],"picked":"QueenOfHatred","floor":48},{"not_picked":["CUTE+1","Christmas+1"],"picked":"Tough+1","floor":48},{"not_picked":["SomewhereSpear+1","Laetitia_ego+1","CUTE+1"],"picked":"SKIP","floor":48}],"player_experience":418054,"relics_obtained":[{"floor":1,"key":"LetterFromLob"},{"floor":7,"key":"Boot"},{"floor":9,"key":"MawBank"},{"floor":25,"key":"White Beast Statue"},{"floor":26,"key":"PreservedInsect"},{"floor":29,"key":"Mercury Hourglass"},{"floor":31,"key":"Dream Catcher"},{"floor":40,"key":"Darkstone Periapt"},{"floor":46,"key":"Ornamental Fan"}],"event_choices":[{"damage_healed":0,"gold_gain":0,"player_choice":"Ignored","damage_taken":0,"max_hp_gain":0,"max_hp_loss":0,"event_name":"Golden Wing","floor":2,"gold_loss":0},{"damage_healed":0,"gold_gain":0,"player_choice":"Grow","damage_taken":0,"max_hp_gain":0,"max_hp_loss":0,"event_name":"Living Wall","floor":10,"gold_loss":0,"cards_upgraded":["ScreamingWedge"]},{"damage_healed":0,"gold_gain":0,"player_choice":"Opened","damage_taken":0,"relics_obtained":["Eternal Feather"],"max_hp_gain":0,"max_hp_loss":0,"event_name":"The Mausoleum","floor":20,"gold_loss":0,"cards_obtained":["Writhe"]},{"damage_healed":0,"gold_gain":0,"player_choice":"Obtained Relic","damage_taken":0,"relics_obtained":["Prayer Wheel"],"max_hp_gain":0,"max_hp_loss":0,"event_name":"Addict","floor":28,"gold_loss":85},{"damage_healed":0,"gold_gain":0,"player_choice":"Embrace Madness","damage_taken":13,"max_hp_gain":0,"max_hp_loss":0,"event_name":"Winding Halls","floor":36,"gold_loss":0,"cards_obtained":["Madness","Madness"]},{"damage_healed":0,"gold_gain":0,"player_choice":"Ignored","damage_taken":0,"max_hp_gain":0,"max_hp_loss":0,"event_name":"Tomb of Lord Red Mask","floor":37,"gold_loss":0}],"is_beta":false,"boss_relics":[{"not_picked":["SlaversCollar","Empty Cage"],"picked":"Cursed Key"},{"not_picked":["Astrolabe","Black Star"],"picked":"SacredBark"}],"items_purged_floors":[38],"is_endless":false,"potions_floor_spawned":[12,13,19,24,25,31,33,35,39,40,41,45,46,47,48,51,51,51,51,51],"ascension_level":0}}