{"host":"few9iyaxiywls251","time":1611163253,"event":{"mods":["BaseMod","Bestiary","Curses Come First","Highlight Path","Minty Spire (QoL Compilation)","Shop Mod","StSLib","The Marked"],"gold_per_floor":[117,117,144,169,119,119,135,135,135,135,150,4,37,57,57,57,57],"floor_reached":16,"language":"ENG","playtime":897,"items_purged":["Defend_P"],"score":100,"play_id":"b638a42d-c2e7-49d0-8196-530d817ca70d","local_time":"20210120112053","is_ascension_mode":false,"campfire_choices":[{"data":"Eruption","floor":6,"key":"SMITH"},{"data":"Crescendo","floor":8,"key":"SMITH"},{"data":"CrushJoints","floor":10,"key":"SMITH"},{"data":"ClearTheMind","floor":15,"key":"SMITH"}],"circlet_count":0,"master_deck":["Strike_P","Strike_P","Strike_P","Strike_P","Defend_P","Eruption+1","Vigilance","Prostrate","FollowUp","CrushJoints+1","Crescendo+1","FearNoEvil","ClearTheMind+1"],"relics":["PureWater","Golden Idol","Nunchaku","Letter Opener","MealTicket"],"acts_visited":["Exordium"],"potions_floor_usage":[16,16],"damage_taken":[{"damage":4,"enemies":"Jaw Worm","floor":1,"turns":5},{"damage":1,"enemies":"Small Slimes","floor":4,"turns":2},{"damage":0,"enemies":"2 Louse","floor":7,"turns":2},{"damage":0,"enemies":"Looter","floor":11,"turns":1},{"damage":25,"enemies":"3 Sentries","floor":13,"turns":9},{"damage":0,"enemies":"Gremlin Gang","floor":14,"turns":3},{"damage":26,"enemies":"The Guardian","floor":16,"turns":4}],"seed_played":"2336532820505231195","potions_obtained":[{"floor":4,"key":"PowerPotion"},{"floor":7,"key":"Ambrosia"}],"is_trial":false,"path_per_floor":["M","?","T","M","?","R","M","R","T","R","M","$","E","M","R","B"],"character_chosen":"WATCHER","items_purchased":["FearNoEvil"],"campfire_rested":0,"item_purchase_floors":[12],"current_hp_per_floor":[68,50,50,49,49,49,49,49,49,49,49,49,24,24,24,0,0],"gold":57,"neow_bonus":"TRANSFORM_CARD","is_daily":false,"chose_seed":false,"campfire_upgraded":4,"win_rate":0.0,"timestamp":1611163253,"path_taken":["M","?","?","?","?","R","M","R","T","R","M","$","E","M","R","BOSS"],"items_purchased_type":["Card"],"build_version":"2020-12-22","purchased_purges":1,"victory":false,"max_hp_per_floor":[72,72,72,72,72,72,72,72,72,72,72,72,72,72,72,72,72],"card_choices":[{"not_picked":["JustLucky","EmptyFist"],"picked":"FollowUp","floor":1},{"not_picked":["SashWhip","Evaluate"],"picked":"CrushJoints","floor":4},{"not_picked":["EmptyBody","CarveReality"],"picked":"Crescendo","floor":7},{"not_picked":["EmptyBody","FollowUp","Crescendo"],"picked":"SKIP","floor":11},{"not_picked":["Weave","Omniscience"],"picked":"ClearTheMind","floor":13},{"not_picked":["WreathOfFlame","CutThroughFate","JustLucky"],"picked":"SKIP","floor":14}],"player_experience":131757,"relics_obtained":[{"floor":3,"key":"Nunchaku"},{"floor":9,"key":"Letter Opener"},{"floor":13,"key":"MealTicket"}],"event_choices":[{"damage_healed":0,"gold_gain":0,"player_choice":"Take Damage","damage_taken":18,"relics_obtained":["Golden Idol"],"max_hp_gain":0,"max_hp_loss":0,"event_name":"Golden Idol","floor":2,"gold_loss":0},{"cards_removed":["Defend_P"],"damage_healed":0,"gold_gain":0,"player_choice":"Card Removal","damage_taken":0,"max_hp_gain":0,"max_hp_loss":0,"event_name":"The Cleric","floor":5,"gold_loss":50}],"is_beta":false,"boss_relics":[],"items_purged_floors":[12],"is_endless":false,"potions_floor_spawned":[4,7],"killed_by":"The Guardian","ascension_level":0}}