{"host":"7fyy23rucerupe6i","time":1611122681,"event":{"mods":["AchievementEnabler","Act Like it!","BaseMod","BetterRewards","Colored Map","Colored Powertips","Conspire","Custom Start","Downfall","Mad Scientist","Marisa£®ÏF”Í°°ƒß¿Ì…≥£©","Minty Spire (QoL Compilation)","Pale of the Ancients","Quick Restart","Shop Mod","ShortenTheSpire","Spicy Shops","StSLib","SuperFastMode","The Bug Knight","The Construct","The Cursed","The Factory","The Jungle","The Servant 0.9.4","UnlockEverythingMod"],"gold_per_floor":[111,111,128,142,153,153,153],"floor_reached":6,"language":"ZHS","playtime":438,"items_purged":["Defend_MRS","Strike_MRS"],"score":55,"play_id":"3f4f42ed-8350-425b-b6d1-6773587b517a","local_time":"20210120140441","is_ascension_mode":true,"campfire_choices":[],"circlet_count":0,"master_deck":["Strike_MRS","Strike_MRS","Strike_MRS","Defend_MRS","Defend_MRS","Defend_MRS","MasterSpark","UpSweep","PowerUp","Singularity","NonDirectionalLaser"],"relics":["MiniHakkero","TheAbacus","bronze:DecasWashers","SimpleLauncher"],"acts_visited":["Exordium"],"potions_floor_usage":[],"damage_taken":[{"damage":7,"enemies":"Jaw Worm","floor":1,"turns":3},{"damage":0,"enemies":"Small Slimes","floor":3,"turns":2},{"damage":1,"enemies":"2 Louse","floor":4,"turns":3},{"damage":10,"enemies":"Gremlin Gang","floor":5,"turns":3},{"damage":0,"enemies":"3 Sentries","floor":6,"turns":2}],"seed_played":"-5601416534701070449","potions_obtained":[{"floor":4,"key":"bronze:BurnAndBuffPotion"}],"is_trial":false,"path_per_floor":["M","?","M","M","M","E"],"character_chosen":"MARISA","items_purchased":["TheAbacus","bronze:DecasWashers","SimpleLauncher"],"campfire_rested":0,"item_purchase_floors":[0,0,0],"current_hp_per_floor":[28,28,28,27,17,17,17],"gold":153,"neow_bonus":"","is_daily":false,"chose_seed":false,"campfire_upgraded":0,"win_rate":0.0,"timestamp":1611122681,"path_taken":["M","?","M","M","M","E"],"items_purchased_type":["Relic","Relic","Relic"],"build_version":"2020-12-22","purchased_purges":2,"victory":false,"max_hp_per_floor":[75,75,75,75,75,75,75],"card_choices":[{"not_picked":["OpenUniverse","PulseMagic"],"picked":"PowerUp","floor":1},{"not_picked":["SprinkleStarSeal","PowerUp"],"picked":"Singularity","floor":3},{"not_picked":["DC","IllusionStar","DarkSpark"],"picked":"SKIP","floor":4},{"not_picked":["UnstableBomb","MachineGunSpark"],"picked":"NonDirectionalLaser","floor":5}],"player_experience":492374,"relics_obtained":[],"event_choices":[{"damage_healed":0,"gold_gain":0,"player_choice":"Leave","damage_taken":0,"max_hp_gain":0,"max_hp_loss":0,"event_name":"conspire:Investor","floor":2,"gold_loss":0}],"is_beta":false,"boss_relics":[],"items_purged_floors":[0,0],"is_endless":false,"potions_floor_spawned":[4],"killed_by":"3 Sentries","ascension_level":9}}