{"host":"94qggqh0xz0sp6ai","time":1611107442,"event":{"mods":["100% Spire Juice","Abigail Mod","Act Like it!","BaseMod","CapriCore","Downfall","Friendly Minions","Gensokyo","Hermit","Jorbs\u0027s Wanderer Trilogy","Koishi","Marisa（霧雨　魔理沙）","Minty Spire (QoL Compilation)","Permanent Neow","Reimu（博??梦）","StSLib","The Alterego","The Construct","The Cursed","The Hierophant","The Immortal","The Marked","The Servant 0.9.4","TheBandit","Waifu the Spire"],"gold_per_floor":[117,77,37,92,167,167,181,211,211,236,236,267,267,278,278,278,278],"floor_reached":16,"language":"ENG","playtime":306,"items_purged":[],"score":122,"play_id":"1af4c492-2174-4a0b-be81-00b7fe5c7ecc","local_time":"20210119195042","is_ascension_mode":true,"campfire_choices":[{"data":"theMarked:SoldierOfQuellstein","floor":6,"key":"SMITH"},{"data":"1","floor":13,"key":"LIFT"},{"data":"2","floor":15,"key":"LIFT"}],"circlet_count":0,"master_deck":["theMarked:Strike","theMarked:Strike","theMarked:Strike","theMarked:Strike","theMarked:Strike","theMarked:Defend","theMarked:Defend","theMarked:Defend","theMarked:Defend","theMarked:SoldierOfQuellstein+1","theMarked:EmpowerWeapon","theMarked:LightningStrikesTwice","theMarked:BanishingWave+1","theMarked:ResourceFulStrike","theMarked:TakeOffHeels","theMarked:Generate","theMarked:SwordAndMagic"],"relics":["theMarked:ArtifactOfAir","PaintedHorse:ReiMu","Odd Mushroom","Matryoshka","Girya","Toy Ornithopter"],"acts_visited":["Exordium"],"potions_floor_usage":[12,16],"damage_taken":[{"damage":5,"enemies":"Small Slimes","floor":1,"turns":4},{"damage":0,"enemies":"2 Louse","floor":7,"turns":3},{"damage":13,"enemies":"The Mushroom Lair","floor":8,"turns":3},{"damage":15,"enemies":"Lagavulin","floor":10,"turns":5},{"damage":13,"enemies":"Gremlin Nob","floor":12,"turns":4},{"damage":0,"enemies":"Cultist","floor":14,"turns":2},{"damage":27,"enemies":"The Guardian","floor":16,"turns":3}],"seed_played":"-4589614465228544380","potions_obtained":[{"floor":10,"key":"EssenceOfSteel"},{"floor":12,"key":"DistilledChaos"},{"floor":14,"key":"bronze:BurnAndBuffPotion"}],"is_trial":false,"path_per_floor":["M","?","$","?","?","R","M","?","T","E","?","E","R","M","R","B"],"character_chosen":"THE_DEFAULT","items_purchased":["theMarked:LightningStrikesTwice"],"campfire_rested":0,"item_purchase_floors":[3],"current_hp_per_floor":[72,72,72,72,61,61,61,48,48,33,33,20,20,20,20,0,0],"gold":278,"neow_bonus":"TEN_PERCENT_HP_BONUS","is_daily":false,"chose_seed":false,"campfire_upgraded":1,"win_rate":0.0,"timestamp":1611107442,"path_taken":["M","?","$","?","?","R","M","?","T","E","?","E","R","M","R","BOSS"],"items_purchased_type":["Card"],"build_version":"2020-12-22","purchased_purges":0,"victory":false,"max_hp_per_floor":[77,77,77,77,77,77,77,77,77,77,77,77,77,77,77,77,77],"card_choices":[{"not_picked":["theMarked:TwofoldDefense","theMarked:ChainLightning"],"picked":"theMarked:EmpowerWeapon","floor":1},{"not_picked":["theMarked:WastefulDefense","theMarked:GodGivenPower"],"picked":"theMarked:BanishingWave","floor":7},{"not_picked":["theMarked:WastefulAttack","theMarked:PowerFlow"],"picked":"theMarked:ResourceFulStrike","floor":8},{"not_picked":["theMarked:SwordAndMagic","theMarked:Overthink"],"picked":"theMarked:TakeOffHeels","floor":10},{"not_picked":["theMarked:Electrocute","theMarked:LightningStrikesTwice"],"picked":"theMarked:Generate","floor":12},{"not_picked":["theMarked:ChainLightning","theMarked:ResourceFulStrike"],"picked":"theMarked:SwordAndMagic","floor":14}],"player_experience":1402843,"relics_obtained":[{"floor":8,"key":"Odd Mushroom"},{"floor":9,"key":"Matryoshka"},{"floor":10,"key":"Girya"},{"floor":12,"key":"Toy Ornithopter"}],"event_choices":[{"damage_healed":0,"gold_gain":0,"player_choice":"Donate","damage_taken":0,"relics_obtained":["PaintedHorse:ReiMu"],"max_hp_gain":0,"max_hp_loss":0,"event_name":"yidonshenshe","floor":2,"gold_loss":40},{"damage_healed":0,"gold_gain":55,"player_choice":"Gained Gold","damage_taken":0,"max_hp_gain":0,"max_hp_loss":0,"event_name":"Golden Wing","floor":4,"gold_loss":0},{"damage_healed":0,"gold_gain":75,"player_choice":"Gather Gold","damage_taken":11,"max_hp_gain":0,"max_hp_loss":0,"event_name":"World of Goop","floor":5,"gold_loss":0},{"damage_healed":0,"gold_gain":0,"player_choice":"Fought Mushrooms","damage_taken":0,"max_hp_gain":0,"max_hp_loss":0,"event_name":"Mushrooms","floor":8,"gold_loss":0},{"damage_healed":0,"gold_gain":0,"player_choice":"Grow","damage_taken":0,"max_hp_gain":0,"max_hp_loss":0,"event_name":"Living Wall","floor":11,"gold_loss":0,"cards_upgraded":["theMarked:BanishingWave"]}],"is_beta":false,"boss_relics":[],"items_purged_floors":[],"is_endless":false,"potions_floor_spawned":[10,12,14],"killed_by":"The Guardian","ascension_level":3}}