{"host":"refsn2q8at3dn95k","time":1611181952,"event":{"mods":["BaseMod","Hubris","Infinite Spire","Minty Spire (QoL Compilation)","Replay The Spire","StSLib","The Jungle"],"gold_per_floor":[109,128,128,128,128,155,155,182,232,260,260,260,287,320,320,422,422,436,446,446,446,65,98,125,35,35,53,83,83,98,98,98,197,197,213,213,213,113,124,251,251,278,278,278,135,169,183,201,201,201,201,201,29,54,54],"floor_reached":56,"language":"ENG","playtime":5660,"items_purged":["Defend_R","Strike_R","Shame"],"score":1449,"play_id":"99e7b136-bdca-46aa-9fc3-06d580e1b549","local_time":"20210120163232","is_ascension_mode":true,"campfire_choices":[{"data":"infinitespire:Punishment","floor":7.0,"key":"SMITH"},{"floor":12.0,"key":"REST"},{"data":"Demon Form","floor":15.0,"key":"SMITH"},{"floor":32.0,"key":"RECALL"},{"data":"Fire Breathing","floor":41,"key":"SMITH"},{"data":"Life Link","floor":52,"key":"SMITH"}],"circlet_count":0,"master_deck":["Strike_R+1","Strike_R+1","Strike_R+1","Strike_R+1","Defend_R+1","Defend_R+1","Defend_R+1","Bash+1","Infernal Blade","infinitespire:Punishment+1","Life Link+1","Demon Form+1","infinitespire:TheBestDefense+1","infinitespire:Fortify+1","Life Link+1","Fire Breathing+1","Combust+1","Hemokinesis+1"],"relics":["Burning Blood","NeowsBlessing","hubris:Icosahedron","WingedGreaves","infinitespire:ShieldingShard","hubris:MobiusCoin","Juzu Bracelet","FaceOfCleric","Replay:Bottled Steam","Magic Flower","hubris:ScarierMask","theJungle:BirthdayCakeSlice","hubris:Potato","Happy Flower","hubris:HerbalPaste","hubris:AstralHammer","Replay:PocketPolymizer","theJungle:ParSnip","Nunchaku","theJungle:PaperFaux","Mark of Pain","ReplayTheSpireMod:Ring of Exchange","ReplayTheSpireMod:Ring of Collecting","Blue Doll","Counterbalance","ReplayTheSpireMod:Ring of Challenge","Replay:Accelerometer","ReplayFunnel","Art of War","Vajra"],"acts_visited":["Exordium","Exordium","TheBeyond","TheEnding"],"potions_floor_usage":[35,46,46,50,50,55,55,55],"damage_taken":[{"damage":0.0,"enemies":"Jaw Worm","floor":1.0,"turns":1.0},{"damage":0.0,"enemies":"2 Louse","floor":2.0,"turns":1.0},{"damage":0.0,"enemies":"3 Sentries","floor":6.0,"turns":1.0},{"damage":4.0,"enemies":"Gremlin Nob","floor":8.0,"turns":3.0},{"damage":23.0,"enemies":"Lagavulin","floor":10.0,"turns":5.0},{"damage":13.0,"enemies":"Gremlin Nob","floor":13.0,"turns":3.0},{"damage":0.0,"enemies":"Lagavulin","floor":14.0,"turns":3.0},{"damage":14.0,"enemies":"The Guardian","floor":16.0,"turns":5.0},{"damage":17.0,"enemies":"Shell Parasite","floor":18.0,"turns":3.0},{"damage":6.0,"enemies":"theJungle:5_Spyders","floor":19.0,"turns":8.0},{"damage":10.0,"enemies":"theJungle:MamaSnecko","floor":23.0,"turns":5.0},{"damage":25.0,"enemies":"Nightmare","floor":24.0,"turns":7.0},{"damage":10.0,"enemies":"theJungle:SlimyTreeVines","floor":27.0,"turns":5.0},{"damage":2.0,"enemies":"theJungle:MamaSnecko","floor":28.0,"turns":5.0},{"damage":0.0,"enemies":"theJungle:Snecko_Cultist_And_Trap","floor":30.0,"turns":4.0},{"damage":22,"enemies":"theJungle:FunGuy","floor":33,"turns":16},{"damage":4,"enemies":"3 Darklings","floor":35,"turns":5},{"damage":0,"enemies":"Orb Walker","floor":39,"turns":4},{"damage":8,"enemies":"R_Hoarder","floor":40,"turns":6},{"damage":6,"enemies":"Giant Head","floor":46,"turns":8},{"damage":0,"enemies":"Sphere and 2 Shapes","floor":47,"turns":2},{"damage":31,"enemies":"Maw","floor":48,"turns":7},{"damage":59,"enemies":"Awakened One","floor":50,"turns":8},{"damage":0,"enemies":"Shield and Spear","floor":54,"turns":5},{"damage":80,"enemies":"The Heart","floor":55,"turns":10}],"seed_played":"5035237819392326245","potions_obtained":[{"floor":6.0,"key":"Weak Potion"},{"floor":10.0,"key":"ElixirPotion"},{"floor":13.0,"key":"Milkshake"},{"floor":23.0,"key":"SpeedPotion"},{"floor":35,"key":"Swift Potion"},{"floor":47,"key":"LifebloodPotion"},{"floor":48,"key":"ColorlessPotion"}],"is_trial":false,"path_per_floor":["M","M","?","?","?","E","R","E","T","E","?","R","E","E","R","B",null,"M","M","?","AVR","$","E","NM","?","T","M","E","?","M","?","R","B",null,"M","?","?","$","M","E","R","?","T","?","$","E","M","M","R","B",null,"R","$","E","B",null],"character_chosen":"IRONCLAD","items_purchased":["Happy Flower","hubris:HerbalPaste","ReplayFunnel","Fire Potion","SpeedPotion","GamblersBrew"],"campfire_rested":1,"item_purchase_floors":[22,22,45,53,53,53],"current_hp_per_floor":[80,80,60,60,60,66,66,68,68,51,51,75,69,76,76,73,83,77,82,87,87,87,91,79,79,79,93,94,94,95,95,95,84,96,97,97,97,97,98,99,99,60,60,60,60,75,91,81,102,54,103,103,103,104,37],"gold":54,"neow_bonus":"THREE_ENEMY_KILL","is_daily":false,"chose_seed":false,"campfire_upgraded":4,"win_rate":0.0,"timestamp":1611181952,"path_taken":["M","M","?","?","?","E","R","E","T","E","?","R","E","E","R","BOSS","M","M","?","AVR","$","E","NM","?","T","M","E","?","M","?","R","BOSS","M","?","?","$","M","E","R","?","T","?","$","E","M","M","R","BOSS","R","$","E","BOSS"],"items_purchased_type":["Relic","Relic","Relic","Potion","Potion","Potion"],"build_version":"2020-12-22","purchased_purges":3,"victory":true,"max_hp_per_floor":[80,80,80,80,80,80,80,80,80,80,80,80,81,82,82,83,83,84,85,90,90,90,91,92,92,92,93,94,94,95,95,95,96,96,97,97,97,97,98,99,99,99,99,99,99,100,101,102,102,103,103,103,103,104,105],"card_choices":[{"not_picked":["Twin Strike","Thunderclap"],"picked":"Infernal Blade","floor":1.0},{"not_picked":["Clothesline","Feel No Pain","Dual Wield"],"picked":"SKIP","floor":2.0},{"not_picked":["ReplayTheSpireMod:Echoes of Time","Replay:Fractal Strike"],"picked":"infinitespire:Punishment","floor":3.0},{"not_picked":["Clothesline","Anger","Pummel"],"picked":"SKIP","floor":6.0},{"not_picked":["Thunderclap","ReplayTheSpireMod:Stacked"],"picked":"Life Link","floor":8.0},{"not_picked":["Run Through","Feel No Pain","Armaments"],"picked":"SKIP","floor":10.0},{"not_picked":["ReplayTheSpireMod:LeadingStrike","Barricade","Second Wind"],"picked":"SKIP","floor":13.0},{"not_picked":["True Grit","Abandon"],"picked":"Demon Form","floor":14.0},{"not_picked":["hubris:ReadiedAction","Feel No Pain+1","Replay:Undeath\u0027s Touch"],"picked":"SKIP","floor":18.0},{"not_picked":["Abandon","Fire Breathing","Run Through+1"],"picked":"SKIP","floor":19.0},{"not_picked":["Bloodletting","Wild Strike","Inflame"],"picked":"SKIP","floor":23.0},{"not_picked":["hubris:Rewind","infinitespire:NeuralNetwork"],"picked":"infinitespire:Fortify","floor":24.0},{"not_picked":["Pommel Strike","Bloodletting","Uppercut"],"picked":"SKIP","floor":24.0},{"not_picked":["Wild Strike","Anger"],"picked":"Life Link+1","floor":27.0},{"not_picked":["Replay:Undeath\u0027s Touch","Inflame","Armaments"],"picked":"SKIP","floor":28.0},{"not_picked":["ReplayTheSpireMod:Strike From Hell","ReplayReversal","Perfected Strike+1"],"picked":"SKIP","floor":30.0},{"not_picked":["Havoc+1","hubris:CleavingFinish"],"picked":"Fire Breathing","floor":35},{"not_picked":["Run Through+1","Wild Strike+1"],"picked":"Combust+1","floor":39},{"not_picked":["Eclipse","Replay:Undeath\u0027s Touch","Headbutt"],"picked":"SKIP","floor":40},{"not_picked":["Thunderclap","Replay:Undeath\u0027s Touch+1","ReplayTheSpireMod:Strike From Hell"],"picked":"SKIP","floor":46},{"not_picked":["Hemogenesis","Reckless Charge+1","Sword Boomerang"],"picked":"SKIP","floor":47},{"not_picked":["Flex","infinitespire:OneForAll","Replay:Undeath\u0027s Touch"],"picked":"SKIP","floor":48},{"not_picked":["Sword Boomerang","hubris:CleavingFinish+1"],"picked":"Hemokinesis+1","floor":54}],"player_experience":1682402,"relics_obtained":[{"floor":6.0,"key":"WingedGreaves"},{"floor":8.0,"key":"infinitespire:ShieldingShard"},{"floor":9.0,"key":"hubris:MobiusCoin"},{"floor":10.0,"key":"Juzu Bracelet"},{"floor":13.0,"key":"Replay:Bottled Steam"},{"floor":14.0,"key":"Magic Flower"},{"floor":23.0,"key":"hubris:AstralHammer"},{"floor":24.0,"key":"Replay:PocketPolymizer"},{"floor":28.0,"key":"Nunchaku"},{"floor":37,"key":"ReplayTheSpireMod:Ring of Exchange"},{"floor":37,"key":"ReplayTheSpireMod:Ring of Collecting"},{"floor":40,"key":"Blue Doll"},{"floor":42,"key":"Counterbalance"},{"floor":43,"key":"ReplayTheSpireMod:Ring of Challenge"},{"floor":43,"key":"Replay:Accelerometer"},{"floor":46,"key":"Art of War"},{"floor":54,"key":"Vajra"}],"event_choices":[{"damage_healed":0.0,"max_hp_gain":0.0,"max_hp_loss":0.0,"gold_gain":0.0,"event_name":"NoteForYourself","player_choice":"Ignored","floor":5.0,"gold_loss":0.0,"damage_taken":0.0},{"damage_healed":0.0,"max_hp_gain":0.0,"max_hp_loss":0.0,"gold_gain":0.0,"event_name":"FaceTrader","player_choice":"Trade","floor":11.0,"gold_loss":0.0,"damage_taken":0.0,"relics_obtained":["FaceOfCleric"]},{"damage_healed":0,"gold_gain":0,"player_choice":"Ignored","damage_taken":0,"max_hp_gain":0,"max_hp_loss":0,"event_name":"Tomb of Lord Red Mask","floor":36,"gold_loss":0}],"is_beta":false,"boss_relics":[{"not_picked":["Replay:Ancient Bell","Replay:Drink Me"],"picked":"hubris:ScarierMask"},{"not_picked":["Replay:Bronze Core","Runic Pyramid"],"picked":"Mark of Pain"}],"items_purged_floors":[21,22,38],"is_endless":false,"potions_floor_spawned":[6,10,13,23,24,35,47,48],"ascension_level":1}}