{"host":"oeotdbd679q6m6vu","time":1611138692,"event":{"mods":["Act Like it!","BaseMod","Colored Map","Decade(Õı–°√˜)","Downfall","Friendly Minions","Gensokyo","GifTheSpireLib","Highlight Path","Marisa£®ÏF”Í°°ƒß¿Ì…≥£©","Minty Spire (QoL Compilation)","Rare Cards Sparkle","Reimu£®≤©¿ˆ¡È√Œ£©","StSLib","The Animator","Youmu£®ªÍ∆«—˝√Œ£©"],"gold_per_floor":[0,18,36,61,61,91,137,149,192,192],"floor_reached":9,"language":"ZHS","playtime":493,"items_purged":[],"score":69,"play_id":"546d18a5-2f9d-4fcd-bbca-5b9db2848915","local_time":"20210120053132","is_ascension_mode":true,"campfire_choices":[{"data":"animator:Kazuma","floor":1,"key":"SMITH"},{"floor":8,"key":"RECALL"}],"circlet_count":0,"master_deck":["animator:Strike_Konosuba","animator:Defend_Konosuba","animator:Strike","animator:Strike","animator:Strike","animator:Defend","animator:Defend","animator:Kazuma+1","animator:Aqua","animator:Millim","animator:Lu","animator:Megumin","animator:Rena"],"relics":["animator:LivingPicture","animator:TheMissingPiece","WingedGreaves","MawBank","Oddly Smooth Stone"],"acts_visited":["Exordium"],"potions_floor_usage":[9,9,9],"damage_taken":[{"damage":0,"enemies":"2 Louse","floor":2,"turns":2},{"damage":15,"enemies":"Jaw Worm","floor":3,"turns":6},{"damage":6,"enemies":"Cultist","floor":4,"turns":5},{"damage":16,"enemies":"2 Fungi Beasts","floor":6,"turns":5},{"damage":30,"enemies":"Gremlin Nob","floor":9,"turns":5}],"seed_played":"6323395636846069691","potions_obtained":[{"floor":2,"key":"Strength Potion"},{"floor":3,"key":"SpeedPotion"},{"floor":4,"key":"Swift Potion"}],"is_trial":false,"path_per_floor":["R","M","M","M","?","M","T","R","E"],"character_chosen":"THE_ANIMATOR","items_purchased":[],"campfire_rested":0,"item_purchase_floors":[],"current_hp_per_floor":[66,66,53,49,49,35,35,35,6,6],"gold":192,"neow_bonus":"ONE_RARE_RELIC","is_daily":false,"chose_seed":false,"campfire_upgraded":1,"win_rate":0.0,"timestamp":1611138692,"path_taken":["R","M","M","M","?","M","T","R","E"],"items_purchased_type":[],"build_version":"2020-12-22","purchased_purges":0,"victory":false,"max_hp_per_floor":[66,66,66,66,66,66,66,66,67,67],"card_choices":[{"not_picked":["animator:NagisaMomoe","animator:Spearman"],"picked":"animator:Millim","floor":2},{"not_picked":["animator:Shalltear","animator:IrohaTamaki","animator:Hakurou"],"picked":"SKIP","floor":3},{"not_picked":["animator:Spearman","animator:Ciel"],"picked":"animator:Lu","floor":4},{"not_picked":["animator:Verdia","animator:YunYun"],"picked":"animator:Megumin","floor":6},{"not_picked":["animator:Ciel","animator:Ara"],"picked":"animator:Rena","floor":9}],"player_experience":359513,"relics_obtained":[{"floor":7,"key":"MawBank"},{"floor":9,"key":"Oddly Smooth Stone"}],"event_choices":[{"cards_removed":["animator:Defend"],"damage_healed":0,"gold_gain":0,"player_choice":"Card Removal","damage_taken":0,"max_hp_gain":0,"max_hp_loss":0,"event_name":"The Cleric","floor":5,"gold_loss":0}],"is_beta":false,"boss_relics":[],"items_purged_floors":[],"is_endless":false,"potions_floor_spawned":[2,3,4],"killed_by":"Gremlin Nob","ascension_level":2}}