{"host":"jscggscbx0p7706o","time":1611139692,"event":{"mods":["AchievementEnabler","BaseMod","Block Reminder","Colored Powertips","Filter the Spire","Minty Spire (QoL Compilation)","Permanent Neow","Quick Restart","StSLib"],"gold_per_floor":[111,91,106,125,145,145,145,145,180,235,235,248,273,294,294,73,73,168,168,184,184,184,204,129,129,162,173,173,188,1,11,43,43,43,43,43],"floor_reached":35,"language":"ENG","playtime":1255,"items_purged":[],"score":538,"play_id":"10080d81-846b-49f6-954a-7b362d70a0ef","local_time":"20210120184812","is_ascension_mode":true,"campfire_choices":[{"data":"Riddle With Holes","floor":6.0,"key":"SMITH"},{"data":"Neutralize","floor":8.0,"key":"SMITH"},{"floor":17.0,"key":"REST"},{"data":"PiercingWail","floor":25.0,"key":"SMITH"},{"floor":34.0,"key":"REST"}],"circlet_count":0,"master_deck":["AscendersBane","Strike_G","Strike_G","Strike_G","Strike_G","Defend_G","Defend_G","Defend_G","Defend_G","Defend_G","Survivor","Neutralize+1","Riddle With Holes+1","Dagger Throw","Slice","PiercingWail+1","Backflip","Corpse Explosion","Blur","Cloak And Dagger","Accuracy"],"relics":["Calling Bell","Oddly Smooth Stone","Mercury Hourglass","Du-Vu Doll","Bloody Idol","Matryoshka","Centennial Puzzle","Boot","Letter Opener","Bottled Flame","Girya","TwistedFunnel","Philosopher\u0027s Stone","Ninja Scroll","HornCleat","PreservedInsect","Snake Skull","Frozen Egg 2"],"acts_visited":["Exordium","TheCity"],"potions_floor_usage":[],"damage_taken":[{"damage":0.0,"enemies":"Jaw Worm","floor":1.0,"turns":3.0},{"damage":0.0,"enemies":"Cultist","floor":3.0,"turns":3.0},{"damage":0.0,"enemies":"Small Slimes","floor":4.0,"turns":3.0},{"damage":0.0,"enemies":"2 Fungi Beasts","floor":5.0,"turns":3.0},{"damage":19.0,"enemies":"Gremlin Nob","floor":9.0,"turns":4.0},{"damage":0.0,"enemies":"Exordium Wildlife","floor":12.0,"turns":2.0},{"damage":0.0,"enemies":"3 Louse","floor":13.0,"turns":2.0},{"damage":0.0,"enemies":"Large Slime","floor":14.0,"turns":3.0},{"damage":19.0,"enemies":"The Guardian","floor":18.0,"turns":14.0},{"damage":0.0,"enemies":"Chosen","floor":20.0,"turns":4.0},{"damage":0.0,"enemies":"3 Byrds","floor":23.0,"turns":2.0},{"damage":33.0,"enemies":"Slavers","floor":26.0,"turns":2.0},{"damage":6.0,"enemies":"Centurion and Healer","floor":27.0,"turns":6.0},{"damage":7.0,"enemies":"Sentry and Sphere","floor":29.0,"turns":5.0},{"damage":0.0,"enemies":"Snake Plant","floor":31.0,"turns":4.0},{"damage":15.0,"enemies":"Book of Stabbing","floor":32.0,"turns":5.0},{"damage":72,"enemies":"Champ","floor":35,"turns":11}],"seed_played":"-8973510239505204514","potions_obtained":[{"floor":1.0,"key":"Ancient Potion"},{"floor":2.0,"key":"Weak Potion"},{"floor":32.0,"key":"GamblersBrew"}],"is_trial":false,"path_per_floor":["M","?","M","M","M","R","?","R","E","T","T","M","M","M","?","$","R","B",null,"M","?","?","M","?","R","E","M","T","M","$","M","E","T","R","B"],"character_chosen":"THE_SILENT","items_purchased":["TwistedFunnel","Backflip","PreservedInsect","Cloak And Dagger"],"campfire_rested":2,"item_purchase_floors":[16,16,30,30],"current_hp_per_floor":[59,59,59,59,59,59,36,36,17,17,17,17,17,17,6,6,25,6,51,51,51,51,56,56,56,28,27,27,25,25,30,20,20,39,0,0],"gold":43,"neow_bonus":"BOSS_RELIC","is_daily":false,"chose_seed":false,"campfire_upgraded":3,"win_rate":0.0,"timestamp":1611139692,"path_taken":["M","?","M","?","M","R","?","R","E","T","T","M","M","M","?","?","R","BOSS","M","?","?","M","?","R","E","M","T","M","$","M","E","?","R","BOSS"],"items_purchased_type":["Relic","Card","Relic","Card"],"build_version":"2020-12-22","purchased_purges":0,"victory":false,"max_hp_per_floor":[66,66,66,66,66,66,66,66,66,66,66,66,66,66,66,66,66,66,66,66,66,66,66,66,66,66,66,66,66,66,66,66,66,66,66,66],"card_choices":[{"not_picked":["Backflip","Poisoned Stab"],"picked":"Riddle With Holes","floor":1.0},{"not_picked":["Quick Slash","Deflect"],"picked":"Dagger Throw","floor":3.0},{"not_picked":["Prepared","Crippling Poison"],"picked":"Slice","floor":4.0},{"not_picked":["Reflex","Catalyst"],"picked":"PiercingWail","floor":5.0},{"not_picked":["Quick Slash","Eviscerate","Finisher"],"picked":"SKIP","floor":9.0},{"not_picked":["Choke","Quick Slash","Slice"],"picked":"SKIP","floor":12.0},{"not_picked":["Quick Slash","Flying Knee","Bane"],"picked":"SKIP","floor":13.0},{"not_picked":["Dodge and Roll","Blade Dance","Deadly Poison"],"picked":"SKIP","floor":14.0},{"not_picked":["Malaise","Bullet Time"],"picked":"Corpse Explosion","floor":18.0},{"not_picked":["Outmaneuver","Eviscerate","Distraction"],"picked":"SKIP","floor":20.0},{"not_picked":["Flying Knee","Blade Dance","Cloak And Dagger"],"picked":"SKIP","floor":23.0},{"not_picked":["Dagger Spray","Flying Knee"],"picked":"Blur","floor":26.0},{"not_picked":["Riddle With Holes","Slice","Reflex"],"picked":"SKIP","floor":27.0},{"not_picked":["Sucker Punch","Skewer","Dagger Throw"],"picked":"SKIP","floor":29.0},{"not_picked":["Distraction","Slice"],"picked":"Accuracy","floor":31.0},{"not_picked":["Slice","Flying Knee","Reflex"],"picked":"SKIP","floor":32.0}],"player_experience":316272,"relics_obtained":[{"floor":0.0,"key":"Oddly Smooth Stone"},{"floor":0.0,"key":"Mercury Hourglass"},{"floor":0.0,"key":"Du-Vu Doll"},{"floor":9.0,"key":"Matryoshka"},{"floor":10.0,"key":"Centennial Puzzle"},{"floor":10.0,"key":"Boot"},{"floor":11.0,"key":"Letter Opener"},{"floor":11.0,"key":"Bottled Flame"},{"floor":26.0,"key":"Ninja Scroll"},{"floor":28.0,"key":"HornCleat"},{"floor":32.0,"key":"Snake Skull"},{"floor":33.0,"key":"Frozen Egg 2"}],"event_choices":[{"damage_healed":0.0,"max_hp_gain":0.0,"max_hp_loss":0.0,"gold_gain":0.0,"event_name":"The Woman in Blue","player_choice":"Bought 1 Potion","floor":2.0,"gold_loss":0.0,"damage_taken":0.0},{"damage_healed":0.0,"max_hp_gain":0.0,"max_hp_loss":0.0,"gold_gain":0.0,"event_name":"Golden Idol","player_choice":"Take Damage","floor":7.0,"gold_loss":0.0,"damage_taken":23.0,"relics_obtained":["Golden Idol"]},{"damage_healed":0.0,"max_hp_gain":0.0,"max_hp_loss":0.0,"gold_gain":0.0,"event_name":"Scrap Ooze","player_choice":"Success","floor":15.0,"gold_loss":0.0,"damage_taken":11.0,"relics_obtained":["Girya"]},{"damage_healed":0.0,"max_hp_gain":0.0,"max_hp_loss":0.0,"gold_gain":0.0,"event_name":"Ghosts","player_choice":"Ignored","floor":21.0,"gold_loss":0.0,"damage_taken":0.0},{"damage_healed":0.0,"max_hp_gain":0.0,"max_hp_loss":0.0,"gold_gain":0.0,"event_name":"Forgotten Altar","player_choice":"Gave Idol","floor":22.0,"relics_lost":["Golden Idol"],"gold_loss":0.0,"damage_taken":0.0,"relics_obtained":["Bloody Idol"]},{"cards_removed":["Strike_G"],"damage_healed":0.0,"max_hp_gain":0.0,"max_hp_loss":0.0,"gold_gain":0.0,"event_name":"Beggar","player_choice":"Gave Gold","floor":24.0,"gold_loss":75.0,"damage_taken":0.0}],"is_beta":false,"boss_relics":[{"not_picked":["Busted Crown","Snecko Eye"],"picked":"Philosopher\u0027s Stone"}],"items_purged_floors":[],"is_endless":false,"potions_floor_spawned":[1,3,9,12,13,20,23,32],"killed_by":"Champ","ascension_level":16}}