{"host":"3a1ypf1irl30q4k8","time":1611156934,"event":{"mods":["AchievementEnabler","BaseMod","Bestiary","Colored Map","Minty Spire (QoL Compilation)","Relic Stats"],"gold_per_floor":[17,31,50,62,62,62,90,103,103,122,153,163,19,35,35,139,139,154,154,166,181,181,181,213,213,213,223,255,255,255],"floor_reached":29,"language":"ENG","playtime":1483,"items_purged":[],"score":335,"play_id":"0b9f8555-3314-4cfa-8c29-6e760dd5d20b","local_time":"20210120153534","is_ascension_mode":true,"campfire_choices":[{"data":"Thunderclap","floor":6.0,"key":"SMITH"},{"data":"Power Through","floor":15.0,"key":"SMITH"},{"data":"Immolate","floor":23,"key":"SMITH"},{"floor":25,"key":"REST"}],"circlet_count":0,"master_deck":["Strike_R","Strike_R","Defend_R","Defend_R","Defend_R","Bash","Immolate+1","Thunderclap+1","Ghostly Armor","Armaments","Burning Pact","Power Through+1","Shockwave","Pommel Strike","Juggernaut","Burning Pact","Impervious","Flame Barrier+1","Sword Boomerang+1","Combust+1","Burning Pact+1","Impervious","Feel No Pain","Feel No Pain+1"],"relics":["Burning Blood","White Beast Statue","Strawberry","Juzu Bracelet","Toy Ornithopter","Astrolabe","Blue Candle","HornCleat","Anchor"],"acts_visited":["Exordium","TheCity"],"potions_floor_usage":[20,20,20,24,24,27],"damage_taken":[{"damage":2.0,"enemies":"Jaw Worm","floor":1.0,"turns":3.0},{"damage":1.0,"enemies":"Cultist","floor":2.0,"turns":3.0},{"damage":0.0,"enemies":"2 Louse","floor":3.0,"turns":1.0},{"damage":1.0,"enemies":"Looter","floor":4.0,"turns":3.0},{"damage":27.0,"enemies":"Lagavulin","floor":7.0,"turns":6.0},{"damage":10.0,"enemies":"Exordium Wildlife","floor":8.0,"turns":3.0},{"damage":3.0,"enemies":"Blue Slaver","floor":10.0,"turns":2.0},{"damage":16.0,"enemies":"3 Sentries","floor":11.0,"turns":5.0},{"damage":17.0,"enemies":"Lots of Slimes","floor":12.0,"turns":3.0},{"damage":0.0,"enemies":"2 Fungi Beasts","floor":14.0,"turns":2.0},{"damage":59.0,"enemies":"The Guardian","floor":16.0,"turns":16.0},{"damage":9.0,"enemies":"Chosen","floor":18.0,"turns":5.0},{"damage":11,"enemies":"2 Thieves","floor":20,"turns":4},{"damage":48,"enemies":"Centurion and Healer","floor":21,"turns":13},{"damage":31,"enemies":"Book of Stabbing","floor":24,"turns":7},{"damage":3,"enemies":"3 Cultists","floor":27,"turns":4},{"damage":92,"enemies":"Slavers","floor":28,"turns":8},{"damage":10,"enemies":"Snake Plant","floor":29,"turns":4}],"seed_played":"-6077495300636995010","potions_obtained":[{"floor":3.0,"key":"DistilledChaos"},{"floor":7.0,"key":"SpeedPotion"},{"floor":8.0,"key":"Energy Potion"},{"floor":10.0,"key":"Swift Potion"},{"floor":11.0,"key":"Dexterity Potion"},{"floor":14.0,"key":"LiquidMemories"},{"floor":16.0,"key":"Fire Potion"},{"floor":18.0,"key":"HeartOfIron"},{"floor":20,"key":"HeartOfIron"},{"floor":21,"key":"LiquidMemories"},{"floor":24,"key":"ColorlessPotion"},{"floor":27,"key":"FairyPotion"},{"floor":28,"key":"SkillPotion"}],"is_trial":false,"path_per_floor":["M","M","M","M","?","R","E","M","T","M","E","M","$","M","R","B",null,"M","?","M","M","?","R","E","R","T","M","E","M"],"character_chosen":"IRONCLAD","items_purchased":["Toy Ornithopter"],"campfire_rested":1,"item_purchase_floors":[13],"current_hp_per_floor":[80,80,80,80,80,80,59,55,62,65,55,44,44,55,55,12,87,84,84,87,45,45,45,30,56,56,64,9,0,0],"gold":255,"neow_bonus":"THREE_RARE_CARDS","is_daily":false,"chose_seed":false,"campfire_upgraded":3,"win_rate":0.0,"timestamp":1611156934,"path_taken":["M","M","M","M","?","R","E","M","T","M","E","M","$","M","R","BOSS","M","?","M","M","?","R","E","R","T","M","E","M"],"items_purchased_type":["Relic"],"build_version":"2020-12-22","purchased_purges":0,"victory":false,"max_hp_per_floor":[80,80,80,80,80,80,80,80,87,87,87,87,87,87,87,87,87,87,87,87,87,87,87,87,87,87,87,87,87,87],"relic_stats":{"counters":[18,92],"Astrolabe":["Flame Barrier","Sword Boomerang","Combust"],"Blue Candle":[0],"Juzu Bracelet":1,"obtain_stats":[{"Anchor":28,"HornCleat":26,"Strawberry":9,"Astrolabe":17,"Blue Candle":24,"Juzu Bracelet":11,"Burning Blood":0,"White Beast Statue":7,"Toy Ornithopter":13},{"Anchor":17,"HornCleat":15,"Strawberry":6,"Astrolabe":11,"Blue Candle":15,"Juzu Bracelet":8,"Burning Blood":0,"White Beast Statue":5,"Toy Ornithopter":9},{"Anchor":88,"HornCleat":76,"Strawberry":19,"Astrolabe":47,"Blue Candle":76,"Juzu Bracelet":26,"Burning Blood":0,"White Beast Statue":16,"Toy Ornithopter":29}],"Burning Blood":82,"Toy Ornithopter":38},"card_choices":[{"not_picked":["Juggernaut","Berserk"],"picked":"Immolate","floor":0.0},{"not_picked":["Wild Strike","Clothesline"],"picked":"Thunderclap","floor":1.0},{"not_picked":["Immolate","Reckless Charge"],"picked":"Ghostly Armor","floor":2.0},{"not_picked":["Heavy Blade","Intimidate"],"picked":"Armaments","floor":3.0},{"not_picked":["Inflame","Wild Strike"],"picked":"Burning Pact","floor":4.0},{"not_picked":["Clothesline","Perfected Strike"],"picked":"Power Through","floor":7.0},{"not_picked":["Pummel","Uppercut"],"picked":"Shockwave","floor":8.0},{"not_picked":["Iron Wave","Flex"],"picked":"Pommel Strike","floor":10.0},{"not_picked":["Havoc","Flex"],"picked":"Juggernaut","floor":11.0},{"not_picked":["Twin Strike","Heavy Blade","Wild Strike"],"picked":"SKIP","floor":12.0},{"not_picked":["Clash","Wild Strike"],"picked":"Burning Pact","floor":14.0},{"not_picked":["Barricade","Offering"],"picked":"Impervious","floor":16.0},{"not_picked":["Infernal Blade","Heavy Blade"],"picked":"Burning Pact+1","floor":18.0},{"not_picked":["Wild Strike+1","Perfected Strike"],"picked":"Feel No Pain","floor":20},{"not_picked":["Dropkick","Clash","Pummel"],"picked":"SKIP","floor":21},{"not_picked":["Battle Trance+1","Shrug It Off+1"],"picked":"Feel No Pain+1","floor":24},{"not_picked":["Burning Pact","Body Slam","Headbutt"],"picked":"SKIP","floor":27},{"not_picked":["Iron Wave+1","Bloodletting","Body Slam"],"picked":"SKIP","floor":28}],"player_experience":1136061,"relics_obtained":[{"floor":7.0,"key":"White Beast Statue"},{"floor":9.0,"key":"Strawberry"},{"floor":11.0,"key":"Juzu Bracelet"},{"floor":24,"key":"Blue Candle"},{"floor":26,"key":"HornCleat"},{"floor":28,"key":"Anchor"}],"event_choices":[{"cards_removed":["Defend_R"],"damage_healed":0.0,"max_hp_gain":0.0,"max_hp_loss":0.0,"gold_gain":0.0,"event_name":"Purifier","player_choice":"Purged","floor":5.0,"gold_loss":0.0,"damage_taken":0.0},{"damage_healed":0,"gold_gain":0,"player_choice":"Copied","damage_taken":0,"max_hp_gain":0,"max_hp_loss":0,"event_name":"Duplicator","floor":19,"gold_loss":0,"cards_obtained":["Impervious"]},{"damage_healed":0,"gold_gain":0,"player_choice":"Ignored","damage_taken":0,"max_hp_gain":0,"max_hp_loss":0,"event_name":"N\u0027loth","floor":22,"gold_loss":0}],"is_beta":false,"boss_relics":[{"not_picked":["Velvet Choker","Runic Cube"],"picked":"Astrolabe"}],"items_purged_floors":[],"is_endless":false,"potions_floor_spawned":[3,7,8,10,11,12,14,16,18,20,21,24,27,28],"killed_by":"Snake Plant","ascension_level":4}}