{"host":"wbdly04l9mkn9nrc","time":1611134452,"event":{"mods":["AchievementEnabler","BaseMod","BetterRewards","Minty Spire (QoL Compilation)","Replay The Spire","StSLib","[IsaacMod]ÒÔÈö¼âËþ"],"gold_per_floor":[113,133,133,144,88,88,117,58,58,75,75,121,121,138,138,214,214,229,229,13,57,72,127,127,142,168,181,207,97,97,127,227,326,326,342,342,360,385,144,174,185,85,85,131,131,131,131,157,157,169,169,169],"floor_reached":53,"language":"ZHS","playtime":2908,"items_purged":["Pain","Sickly"],"score":1662,"play_id":"892646ad-e755-42cc-bd1f-b004cf3738f2","local_time":"20210120172052","is_ascension_mode":true,"campfire_choices":[{"floor":6.0,"key":"REST"},{"data":"Eruption","floor":11.0,"key":"SMITH"},{"data":"BettingIsNotGood","floor":13.0,"key":"SMITH"},{"floor":15.0,"key":"REST"},{"floor":24.0,"key":"REST"},{"floor":30.0,"key":"REST"},{"floor":47.0,"key":"DIG"},{"floor":49,"key":"DIG"},{"floor":51,"key":"DIG"}],"circlet_count":0,"master_deck":["AscendersBane","Strike_P","Strike_P","Strike_P","Defend_P","Defend_P","Defend_P","Eruption+1","Vigilance","BettingIsNotGood+1","CutThroughFate","LikeWater+1","Wallop+1","ThirdEye+1","BattleHymn+1","Replay:Hum+1","Adaptation+1","Adaptation+1","Evaluate+1","Judgement+1","Scrawl+1","EpicFetus+1","EmptyBody+1","Prostrate+1","CrushJoints+1","Replay:Battleflow+1","Replay:AllIn+1","Crescendo+1","DevaForm+1","Brilliance","Prostrate+1","ClearTheMind+1","ReachHeaven","Pray+1"],"relics":["PureWater","HushsDoor","HowToJump","Frozen Egg 2","GuppysPaw","TheBible","Toxic Egg 2","TeardropLocket","Kunai","Onion Ring","Boot","ChewingGum","Mirror","Damaru","Oddly Smooth Stone","PillsDrop","Replay:Bottled Flurry","SlaversCollar","Damaru","ReplayTheSpireMod:Ring of Addiction","Toy Ornithopter","Ring of Fury","Chameleon Ring","StoneCalendar","Pen Nib","Shovel","CeramicFish","Pet Ghost","Replay:Arrowhead","Counterbalance","BookOfRevelations"],"acts_visited":["Exordium","TheCity","TheBeyond"],"potions_floor_usage":[],"damage_taken":[{"damage":0.0,"enemies":"2 Louse","floor":1.0,"turns":1.0},{"damage":1.0,"enemies":"Jaw Worm","floor":2.0,"turns":2.0},{"damage":1.0,"enemies":"Small Slimes","floor":4.0,"turns":3.0},{"damage":0.0,"enemies":"Gremlin Nob","floor":7.0,"turns":2.0},{"damage":1.0,"enemies":"2 Fungi Beasts","floor":10.0,"turns":2.0},{"damage":11.0,"enemies":"3 Sentries","floor":12.0,"turns":4.0},{"damage":13.0,"enemies":"3 Louse","floor":14.0,"turns":2.0},{"damage":5.0,"enemies":"Fading Forest","floor":16.0,"turns":11.0},{"damage":0.0,"enemies":"Shell Parasite","floor":18.0,"turns":2.0},{"damage":2.0,"enemies":"3 Byrds","floor":22.0,"turns":5.0},{"damage":17.0,"enemies":"Gremlin Leader","floor":23.0,"turns":6.0},{"damage":15.0,"enemies":"Snecko","floor":25.0,"turns":4.0},{"damage":17.0,"enemies":"Shelled Parasite and Fungi","floor":27.0,"turns":2.0},{"damage":3.0,"enemies":"Book of Stabbing","floor":28.0,"turns":3.0},{"damage":6.0,"enemies":"Gremlin Leader","floor":31.0,"turns":2.0},{"damage":6.0,"enemies":"Collector","floor":33.0,"turns":6.0},{"damage":16.0,"enemies":"3 Darklings","floor":35.0,"turns":4.0},{"damage":8.0,"enemies":"Orb Walker","floor":37.0,"turns":2.0},{"damage":0.0,"enemies":"Mind Bloom Boss Battle","floor":38.0,"turns":2.0},{"damage":4.0,"enemies":"Reptomancer","floor":40.0,"turns":2.0},{"damage":0.0,"enemies":"Writhing Mass","floor":41.0,"turns":1.0},{"damage":24.0,"enemies":"4 Shapes","floor":44.0,"turns":4.0},{"damage":0.0,"enemies":"Nemesis","floor":48.0,"turns":3.0},{"damage":7,"enemies":"Jaw Worm Horde","floor":50,"turns":2},{"damage":0,"enemies":"Replay:Hell Engine","floor":52,"turns":3}],"seed_played":"3406387293736205989","potions_obtained":[{"floor":1.0,"key":"Weak Potion"},{"floor":4.0,"key":"Ambrosia"},{"floor":16.0,"key":"SkillPotion"},{"floor":18.0,"key":"FairyPotion"},{"floor":31.0,"key":"Weak Potion"},{"floor":36.0,"key":"ColorlessPotion"},{"floor":36.0,"key":"GamblersBrew"},{"floor":38.0,"key":"StancePotion"}],"is_trial":false,"path_per_floor":["M","M","?","M","$","R","E","$","T","M","R","E","R","M","R","B",null,"M","?","$","?","M","E","R","M","T","M","E","?","R","E","R","B",null,"M","?","M","?","$","E","M","$","T","M","PTL","PTL","R","E","R","M","R","B",null],"character_chosen":"WATCHER","items_purchased":["Frozen Egg 2","GuppysPaw","TheBible","Toxic Egg 2","Diplopia","TeardropLocket","CutThroughFate","LikeWater+1","BlessingOfTheForge","BattleHymn+1","Adaptation+1","EpicFetus+1","Brilliance","Pen Nib"],"campfire_rested":4,"item_purchase_floors":[0,0,0,0,0,0,0,0,0,5,8,20,34,39],"current_hp_per_floor":[19,23,16,20,20,40,40,40,40,39,39,28,28,15,35,40,61,61,42,42,42,40,23,44,29,29,12,9,9,30,24,24,18,53,37,37,47,47,47,43,43,43,43,19,19,19,19,22,22,15,15,15],"gold":169,"neow_bonus":"","is_daily":false,"chose_seed":false,"campfire_upgraded":2,"win_rate":0.0,"timestamp":1611134452,"path_taken":["M","M","?","M","$","R","E","$","T","M","R","E","R","M","R","BOSS","M","?","$","?","M","E","R","M","T","M","E","?","R","E","R","BOSS","M","?","M","?","$","E","M","$","T","?","PTL","PTL","R","E","R","M","R","BOSS"],"items_purchased_type":["Relic","Relic","Relic","Relic","Relic","Relic","Card","Card","Potion","Card","Card","Card","Card","Relic"],"build_version":"2020-12-22","purchased_purges":2,"victory":true,"max_hp_per_floor":[68,68,68,68,68,68,68,68,68,68,68,68,68,68,68,68,68,68,73,73,73,73,73,73,73,73,73,73,73,73,68,68,68,64,64,64,67,67,67,67,65,65,65,63,63,63,63,66,66,64,64,64],"card_choices":[{"not_picked":[],"picked":"BettingIsNotGood","floor":0.0},{"not_picked":["SashWhip","FollowUp"],"picked":"Wallop","floor":1.0},{"not_picked":["FollowUp","Fasting2+1"],"picked":"ThirdEye+1","floor":2.0},{"not_picked":["Replay:ManipulateFuture+1","FollowUp","Fasting2+1"],"picked":"SKIP","floor":4.0},{"not_picked":["Consecrate","WreathOfFlame+1","Replay:Hum+1"],"picked":"SKIP","floor":7.0},{"not_picked":["Consecrate","WreathOfFlame+1"],"picked":"Replay:Hum+1","floor":7.0},{"not_picked":["LikeWater+1","Nirvana+1"],"picked":"Evaluate+1","floor":10.0},{"not_picked":["MentalFortress+1","Pray+1","SignatureMove"],"picked":"SKIP","floor":12.0},{"not_picked":["Replay:AtTheReady+1","BattleHymn+1"],"picked":"Judgement+1","floor":14.0},{"not_picked":["Devotion+1","Judgement+1"],"picked":"Scrawl+1","floor":16.0},{"not_picked":["SandsOfTime","Study+1","Wireheading+1"],"picked":"SKIP","floor":18.0},{"not_picked":["WheelKick","Consecrate"],"picked":"EmptyBody+1","floor":21.0},{"not_picked":["Replay:Vibes+1","CarveReality"],"picked":"Prostrate+1","floor":21.0},{"not_picked":["Evaluate+1","Consecrate","EmptyBody+1"],"picked":"SKIP","floor":22.0},{"not_picked":["Judgement+1","Nirvana+1"],"picked":"CrushJoints+1","floor":23.0},{"not_picked":["FlyingSleeves","CutThroughFate+1","ThirdEye+1"],"picked":"SKIP","floor":25.0},{"not_picked":["MentalFortress+1","Vengeance+1"],"picked":"Replay:Battleflow+1","floor":27.0},{"not_picked":["DeceiveReality+1","Replay:AtTheReady+1"],"picked":"Replay:AllIn+1","floor":28.0},{"not_picked":["Consecrate","Weave","LikeWater+1"],"picked":"SKIP","floor":31.0},{"not_picked":["FollowUp","CrushJoints"],"picked":"Crescendo+1","floor":32.0},{"not_picked":["Alpha+1","DeusExMachina+1"],"picked":"DevaForm+1","floor":33.0},{"not_picked":["EmptyBody+1","CarveReality"],"picked":"Prostrate+1","floor":35.0},{"not_picked":["CutThroughFate+1","Nirvana+1"],"picked":"ClearTheMind+1","floor":37.0},{"not_picked":["Replay:ManipulateFuture+1","Prostrate+1"],"picked":"ReachHeaven","floor":38.0},{"not_picked":["WheelKick","Protect+1","Fasting2+1"],"picked":"SKIP","floor":40.0},{"not_picked":["JustLucky+1","Replay:AtTheReady+1","SashWhip"],"picked":"SKIP","floor":41.0},{"not_picked":["SandsOfTime","WaveOfTheHand+1"],"picked":"Pray+1","floor":44.0},{"not_picked":["Prostrate+1","BowlingBash","Protect+1"],"picked":"SKIP","floor":48.0},{"not_picked":["Replay:Battleflow+1","Wireheading+1","Replay:AtTheReady+1"],"picked":"SKIP","floor":50}],"player_experience":258959,"relics_obtained":[{"floor":7.0,"key":"Kunai"},{"floor":9.0,"key":"Onion Ring"},{"floor":12.0,"key":"Boot"},{"floor":21.0,"key":"Mirror"},{"floor":23.0,"key":"Damaru"},{"floor":26.0,"key":"Oddly Smooth Stone"},{"floor":28.0,"key":"PillsDrop"},{"floor":31.0,"key":"Replay:Bottled Flurry"},{"floor":36.0,"key":"ReplayTheSpireMod:Ring of Addiction"},{"floor":36.0,"key":"Toy Ornithopter"},{"floor":36.0,"key":"Ring of Fury"},{"floor":36.0,"key":"Chameleon Ring"},{"floor":38.0,"key":"StoneCalendar"},{"floor":40.0,"key":"Shovel"},{"floor":43.0,"key":"CeramicFish"},{"floor":47.0,"key":"Pet Ghost"},{"floor":48.0,"key":"Replay:Arrowhead"},{"floor":49,"key":"Counterbalance"},{"floor":51,"key":"BookOfRevelations"}],"event_choices":[{"cards_removed":["Strike_P"],"damage_healed":0.0,"max_hp_gain":0.0,"max_hp_loss":0.0,"gold_gain":0.0,"event_name":"Golden Wing","player_choice":"Card Removal","floor":3.0,"gold_loss":0.0,"damage_taken":7.0},{"damage_healed":0.0,"max_hp_gain":5.0,"max_hp_loss":0.0,"gold_gain":0.0,"event_name":"Forgotten Altar","player_choice":"Shed Blood","floor":19.0,"gold_loss":0.0,"damage_taken":24.0},{"cards_removed":["Defend_P"],"damage_healed":0.0,"max_hp_gain":0.0,"max_hp_loss":0.0,"gold_gain":0.0,"event_name":"Designer","player_choice":"Upgrade and Remove","floor":29.0,"gold_loss":110.0,"damage_taken":0.0,"cards_upgraded":["Wallop"]},{"damage_healed":0.0,"max_hp_gain":0.0,"max_hp_loss":0.0,"gold_gain":0.0,"event_name":"MindBloom","player_choice":"Fight","floor":38.0,"gold_loss":0.0,"damage_taken":0.0}],"is_beta":false,"boss_relics":[{"not_picked":["Tiny House","Honey Jar"],"picked":"ChewingGum"},{"not_picked":[]},{"not_picked":["Snecko Eye","Replay:Grab Bag"],"picked":"SlaversCollar"},{"not_picked":[]}],"items_purged_floors":[39,42],"is_endless":false,"potions_floor_spawned":[1,4,16,18,23,25,31,38,44],"ascension_level":17}}