{"host":"vyjryxuuuxkt43k4","time":1611160785,"event":{"mods":["AchievementEnabler","BaseMod","Colored Map","DeckTracker","Keyboard Shortcuts","Minty Spire (QoL Compilation)","Permanent Neow","Quick Restart","StSLib","SuperFastMode","everything is the same but u backflip on backflip"],"gold_per_floor":[111,126,126,126,146,177,196,196,196,75,75,89,104,104,104,207,207,221,18,35,35,35,49,67,19,19,19,35,48,147,8,8,113,113,125,135,185,209,228,8,8,8,8],"floor_reached":42,"language":"KOR","playtime":1676,"items_purged":["Strike_G","Shame","Strike_G"],"score":653,"play_id":"11833b27-a7a0-4a67-a383-f98718cd1b2c","local_time":"20210121013945","is_ascension_mode":true,"campfire_choices":[{"floor":8.0,"key":"REST"},{"data":"Cloak And Dagger","floor":15.0,"key":"SMITH"},{"floor":32,"key":"REST"},{"data":"Purity","floor":41,"key":"SMITH"}],"circlet_count":0,"master_deck":["Strike_G+1","Defend_G","Defend_G","Defend_G","Defend_G+1","Survivor","Neutralize+1","Blade Dance+1","Cloak And Dagger+1","Heel Hook","Riddle With Holes","PiercingWail","Deadly Poison+1","Backflip","Blur","Adrenaline","Backstab+1","Caltrops+1","Accuracy+1","Accuracy","Blade Dance","Footwork","Dodge and Roll+1","PiercingWail","Necronomicurse","Well Laid Plans+1","Venomology","Crippling Poison","Storm of Steel","PiercingWail+1","Footwork+1","Purity+1"],"relics":["Ring of the Snake","Bronze Scales","FossilizedHelix","Gremlin Horn","Astrolabe","TwistedFunnel","Pantograph","Molten Egg 2","Necronomicon","Snecko Eye","CaptainsWheel"],"acts_visited":["Exordium","TheCity","TheBeyond"],"potions_floor_usage":[16,16,16,20,29,33,33,33,35,37,37,37,39],"damage_taken":[{"damage":0.0,"enemies":"Cultist","floor":1.0,"turns":4.0},{"damage":2.0,"enemies":"2 Louse","floor":2.0,"turns":3.0},{"damage":0.0,"enemies":"Small Slimes","floor":5.0,"turns":3.0},{"damage":17.0,"enemies":"Gremlin Nob","floor":6.0,"turns":4.0},{"damage":0.0,"enemies":"Red Slaver","floor":7.0,"turns":4.0},{"damage":0.0,"enemies":"Blue Slaver","floor":12.0,"turns":3.0},{"damage":1.0,"enemies":"Exordium Thugs","floor":13.0,"turns":5.0},{"damage":0,"enemies":"Hexaghost","floor":16,"turns":9},{"damage":0,"enemies":"2 Thieves","floor":18,"turns":3},{"damage":2,"enemies":"3 Byrds","floor":20,"turns":3},{"damage":0,"enemies":"Centurion and Healer","floor":23,"turns":5},{"damage":4,"enemies":"Snake Plant","floor":24,"turns":2},{"damage":0,"enemies":"Chosen and Byrds","floor":28,"turns":6},{"damage":0,"enemies":"3 Cultists","floor":29,"turns":3},{"damage":69,"enemies":"Automaton","floor":33,"turns":8},{"damage":0,"enemies":"3 Shapes","floor":35,"turns":3},{"damage":6,"enemies":"Orb Walker","floor":36,"turns":4},{"damage":0,"enemies":"Mind Bloom Boss Battle","floor":37,"turns":7},{"damage":47,"enemies":"Transient","floor":39,"turns":5},{"damage":36,"enemies":"3 Darklings","floor":42,"turns":2}],"seed_played":"9008427376566066305","potions_obtained":[{"floor":1.0,"key":"PowerPotion"},{"floor":7.0,"key":"Dexterity Potion"},{"floor":12.0,"key":"ColorlessPotion"},{"floor":13.0,"key":"AttackPotion"},{"floor":16,"key":"Energy Potion"},{"floor":18,"key":"PowerPotion"},{"floor":28,"key":"Fire Potion"},{"floor":29,"key":"PowerPotion"},{"floor":33,"key":"Fire Potion"},{"floor":35,"key":"EssenceOfSteel"}],"is_trial":false,"path_per_floor":["M","M","?","?","M","E","M","R","T","$","?","M","M","?","R","B",null,"M","$","M","?","?","M","M","$","T","?","M","M","?","$","R","B",null,"M","M","?","T","M","$","R","M"],"character_chosen":"THE_SILENT","items_purchased":["Deadly Poison","Blade Dance","TwistedFunnel","PiercingWail","Crippling Poison","Purity"],"campfire_rested":2,"item_purchase_floors":[10,19,19,25,31,40],"current_hp_per_floor":[63,61,47,22,22,5,5,26,26,26,26,26,25,25,25,25,59,59,59,57,44,44,44,40,40,40,24,24,24,24,24,46,2,57,57,51,75,75,28,28,28,0,0],"gold":8,"neow_bonus":"UPGRADE_CARD","is_daily":false,"chose_seed":false,"campfire_upgraded":2,"win_rate":0.0,"timestamp":1611160785,"path_taken":["M","M","?","?","M","E","M","R","T","$","?","M","?","?","R","BOSS","M","$","M","?","?","M","M","$","T","?","M","M","?","$","R","BOSS","M","M","?","?","?","$","R","?"],"items_purchased_type":["Card","Card","Relic","Card","Card","Card"],"build_version":"2020-12-22","purchased_purges":3,"victory":false,"max_hp_per_floor":[70,70,70,70,70,70,70,70,70,70,70,70,70,70,70,70,70,70,70,70,75,75,75,75,75,75,75,75,75,75,75,75,75,75,75,75,75,75,75,75,75,75,75],"card_choices":[{"not_picked":["Masterful Stab","Slice"],"picked":"Blade Dance","floor":1.0},{"not_picked":["Sucker Punch","Underhanded Strike"],"picked":"Cloak And Dagger","floor":2.0},{"not_picked":["Distraction","Prepared"],"picked":"Heel Hook","floor":5.0},{"not_picked":["Calculated Gamble","Endless Agony"],"picked":"Riddle With Holes","floor":6.0},{"not_picked":["Sucker Punch","Envenom"],"picked":"PiercingWail","floor":7.0},{"not_picked":["Poisoned Stab","Blur"],"picked":"Backflip","floor":12.0},{"not_picked":["Sucker Punch","Distraction"],"picked":"Blur","floor":13.0},{"not_picked":["Storm of Steel","Wraith Form v2"],"picked":"Adrenaline","floor":16},{"not_picked":["Slice","Backflip"],"picked":"Accuracy","floor":18},{"not_picked":["Blur","Acrobatics"],"picked":"Footwork","floor":20},{"not_picked":["Accuracy","Expertise"],"picked":"Dodge and Roll+1","floor":23},{"not_picked":["Backflip","Slice","Endless Agony"],"picked":"SKIP","floor":24},{"not_picked":["Choke+1","Dagger Spray+1"],"picked":"Well Laid Plans+1","floor":28},{"not_picked":["Sucker Punch+1","Underhanded Strike+1"],"picked":"Venomology","floor":29},{"not_picked":["Envenom","Tools of the Trade"],"picked":"Storm of Steel","floor":33},{"not_picked":["Deflect+1","Dagger Throw+1"],"picked":"PiercingWail+1","floor":35},{"not_picked":["Backflip","Blade Dance","Prepared"],"picked":"SKIP","floor":36},{"not_picked":["Quick Slash+1","Deflect+1"],"picked":"Footwork+1","floor":37},{"not_picked":["Footwork","Deflect+1","Poisoned Stab+1"],"picked":"SKIP","floor":39}],"player_experience":172698,"relics_obtained":[{"floor":6.0,"key":"FossilizedHelix"},{"floor":9.0,"key":"Gremlin Horn"},{"floor":26,"key":"Molten Egg 2"},{"floor":27,"key":"Necronomicon"},{"floor":37,"key":"CaptainsWheel"}],"event_choices":[{"damage_healed":0.0,"max_hp_gain":0.0,"max_hp_loss":0.0,"gold_gain":0.0,"event_name":"Shining Light","player_choice":"Entered Light","floor":3.0,"gold_loss":0.0,"damage_taken":14.0,"cards_upgraded":["Strike_G","Defend_G"]},{"damage_healed":0.0,"max_hp_gain":0.0,"max_hp_loss":0.0,"gold_gain":0.0,"event_name":"Scrap Ooze","player_choice":"Success","floor":4.0,"gold_loss":0.0,"damage_taken":25.0,"relics_obtained":["Bronze Scales"]},{"damage_healed":0.0,"max_hp_gain":0.0,"max_hp_loss":0.0,"gold_gain":0.0,"event_name":"Upgrade Shrine","player_choice":"Upgraded","floor":11.0,"gold_loss":0.0,"damage_taken":0.0,"cards_upgraded":["Deadly Poison"]},{"damage_healed":0.0,"max_hp_gain":0.0,"max_hp_loss":0.0,"gold_gain":0.0,"event_name":"Accursed Blacksmith","player_choice":"Forge","floor":14.0,"gold_loss":0.0,"damage_taken":0.0,"cards_upgraded":["Blade Dance"]},{"damage_healed":0,"gold_gain":0,"player_choice":"Shed Blood","damage_taken":18,"max_hp_gain":5,"max_hp_loss":0,"event_name":"Forgotten Altar","floor":21,"gold_loss":0},{"damage_healed":0,"gold_gain":0,"player_choice":"Stole Relic","damage_taken":0,"relics_obtained":["Pantograph"],"max_hp_gain":0,"max_hp_loss":0,"event_name":"Addict","floor":22,"gold_loss":0,"cards_obtained":["Shame"]},{"damage_healed":0,"gold_gain":0,"player_choice":"Obtained Book","damage_taken":16,"max_hp_gain":0,"max_hp_loss":0,"event_name":"Cursed Tome","floor":27,"gold_loss":0},{"damage_healed":0,"gold_gain":99,"player_choice":"Stole From Cult","damage_taken":0,"max_hp_gain":0,"max_hp_loss":0,"event_name":"Nest","floor":30,"gold_loss":0},{"damage_healed":0,"gold_gain":0,"player_choice":"Fight","damage_taken":0,"max_hp_gain":0,"max_hp_loss":0,"event_name":"MindBloom","floor":37,"gold_loss":0}],"is_beta":false,"boss_relics":[{"not_picked":["Empty Cage","Velvet Choker"],"picked":"Astrolabe"},{"not_picked":["Pandora\u0027s Box","Fusion Hammer"],"picked":"Snecko Eye"}],"items_purged_floors":[10,31,40],"is_endless":false,"potions_floor_spawned":[1,7,12,13,16,18,28,29,33,35],"killed_by":"3 Darklings","ascension_level":9}}