{"host":"qgrlfjrqk9z96gfi","time":1611120816,"event":{"mods":["BaseMod","Block Reminder","Colored Map","Custom Start","DeckTracker","Minty Spire (QoL Compilation)"],"gold_per_floor":[110,120,37,57,72,72,89,89,89],"floor_reached":8,"language":"ENG","playtime":204,"items_purged":[],"score":100,"play_id":"e5d183a3-94a0-4f42-956a-b1f127e7a94f","local_time":"20210119193336","is_ascension_mode":true,"campfire_choices":[{"data":"Dash","floor":6,"key":"SMITH"}],"circlet_count":0,"master_deck":["AscendersBane","Strike_G","Strike_G","Strike_G","Strike_G","Strike_G","Defend_G","Defend_G","Defend_G","Defend_G","Defend_G","Survivor","Neutralize","Dash+1","Bouncing Flask","Noxious Fumes","Bane"],"relics":["Ring of the Snake","NeowsBlessing"],"acts_visited":["Exordium"],"potions_floor_usage":[8],"damage_taken":[{"damage":0,"enemies":"Cultist","floor":1,"turns":1},{"damage":0,"enemies":"Small Slimes","floor":2,"turns":1},{"damage":0,"enemies":"2 Louse","floor":4,"turns":1},{"damage":17,"enemies":"Large Slime","floor":5,"turns":6},{"damage":33,"enemies":"Exordium Thugs","floor":7,"turns":5},{"damage":26,"enemies":"Gremlin Nob","floor":8,"turns":3}],"seed_played":"-5914862487962223637","potions_obtained":[{"floor":1,"key":"LiquidBronze"},{"floor":2,"key":"Ancient Potion"},{"floor":5,"key":"ColorlessPotion"}],"is_trial":false,"path_per_floor":["M","M","$","M","M","R","M","E"],"character_chosen":"THE_SILENT","items_purchased":["Noxious Fumes"],"campfire_rested":0,"item_purchase_floors":[3],"current_hp_per_floor":[59,59,59,59,42,42,9,0,0],"gold":89,"neow_bonus":"THREE_ENEMY_KILL","is_daily":false,"chose_seed":false,"campfire_upgraded":1,"win_rate":0.0,"timestamp":1611120816,"path_taken":["M","M","?","M","M","R","M","E"],"items_purchased_type":["Card"],"build_version":"2020-12-22","purchased_purges":0,"victory":false,"max_hp_per_floor":[66,66,66,66,66,66,66,66,66],"card_choices":[{"not_picked":["Outmaneuver","Choke"],"picked":"Dash","floor":1},{"not_picked":["Eviscerate","Sucker Punch"],"picked":"Bouncing Flask","floor":2},{"not_picked":["Outmaneuver","Flechettes"],"picked":"Bane","floor":4},{"not_picked":["Flying Knee","Finisher","Dagger Throw"],"picked":"SKIP","floor":5},{"not_picked":["Underhanded Strike","Bane","Eviscerate"],"picked":"SKIP","floor":7}],"player_experience":1034996,"relics_obtained":[],"event_choices":[],"is_beta":false,"boss_relics":[],"items_purged_floors":[],"is_endless":false,"potions_floor_spawned":[1,2,5],"killed_by":"Gremlin Nob","ascension_level":20}}