{"host":"r10yh36zs2k9z1sa","time":1611151516,"event":{"mods":["Astrologer","BaseMod","Colored Map","Hermit","Marisa¡]Ãú«B¡@Å]²z¨F¡^","Minty Spire (QoL Compilation)","Permanent Neow","Remilia¡]Á¢¦Ì²ú?¡^","StSLib","The Animator","The Bug Knight","The Cursed","The Gatherer","The Hierophant","The Necromancer","The Runesmith","The Servant 0.9.4"],"gold_per_floor":[15,15,15,25,45,45,63,63,363,363,363,375,386,396,396,493,493,511,511,59,72,84,118,135,135,135,135,149,149,149,163,163,266,266,285,303,316,316,316,345,355,370,370,370,420,6,6,20,20,20],"floor_reached":51,"language":"ZHS","playtime":3892,"items_purged":["Strike_S"],"score":1055,"play_id":"1cf1f376-a860-43f9-987d-1262cdc26858","local_time":"20210120220516","is_ascension_mode":true,"campfire_choices":[{"data":"KidneyShot","floor":6,"key":"SMITH"},{"floor":11,"key":"REST"},{"data":"Initiator","floor":15,"key":"SMITH"},{"data":"RealityMarble","floor":27,"key":"SMITH"},{"data":"WasteNot","floor":30,"key":"SMITH"},{"floor":32,"key":"REST"},{"data":"Solidify","floor":44,"key":"SMITH"},{"data":"Contraction","floor":49,"key":"SMITH"}],"circlet_count":0,"master_deck":["Defend_S","Defend_S","KidneyShot+1","Exchange","FastForward","Advance","Initiator+1","SilverMatrix","RealityMarble+1","Sunlight","SoulSculpture","WasteNot+1","Contraction+1","Solidify+1","BottledTime","BottledTime","InstantArmor+1","Contraction","SilverBlades+1","Good Instincts","Sabotage","BottledTime"],"relics":["Uniform","Runesmith:Locket","Torii","StoneMask","Nloth\u0027s Gift","Toolbox","Strawberry","Darkstone Periapt","Turnip","Juzu Bracelet","SlaversCollar","Dream Catcher","Shuriken","Thread and Needle","Pantograph"],"acts_visited":["Exordium","TheCity","TheBeyond"],"potions_floor_usage":[16,23,31,33,36,37,50,50,50],"damage_taken":[{"damage":4,"enemies":"2 Louse","floor":1,"turns":4},{"damage":0,"enemies":"Cultist","floor":4,"turns":5},{"damage":5,"enemies":"Jaw Worm","floor":5,"turns":5},{"damage":8,"enemies":"Blue Slaver","floor":7,"turns":4},{"damage":8,"enemies":"3 Louse","floor":12,"turns":5},{"damage":3,"enemies":"Gremlin Gang","floor":13,"turns":5},{"damage":2,"enemies":"2 Fungi Beasts","floor":14,"turns":6},{"damage":25,"enemies":"The Guardian","floor":16,"turns":12},{"damage":7,"enemies":"Chosen","floor":18,"turns":5},{"damage":2,"enemies":"2 Thieves","floor":21,"turns":4},{"damage":3,"enemies":"Sentry and Sphere","floor":22,"turns":5},{"damage":38,"enemies":"Book of Stabbing","floor":23,"turns":8},{"damage":0,"enemies":"Centurion and Healer","floor":24,"turns":5},{"damage":7,"enemies":"Snake Plant","floor":28,"turns":5},{"damage":7,"enemies":"Shelled Parasite and Fungi","floor":31,"turns":7},{"damage":41,"enemies":"Champ","floor":33,"turns":25},{"damage":17,"enemies":"Orb Walker","floor":35,"turns":6},{"damage":8,"enemies":"3 Shapes","floor":36,"turns":3},{"damage":2,"enemies":"Sphere and 2 Shapes","floor":37,"turns":12},{"damage":30,"enemies":"Reptomancer","floor":40,"turns":9},{"damage":1,"enemies":"Maw","floor":41,"turns":8},{"damage":0,"enemies":"Sphere and 2 Shapes","floor":42,"turns":8},{"damage":0,"enemies":"Mind Bloom Boss Battle","floor":45,"turns":5},{"damage":0,"enemies":"Maw","floor":48,"turns":7},{"damage":0,"enemies":"Time Eater","floor":50,"turns":12}],"seed_played":"5467684789506839257","potions_obtained":[{"floor":5,"key":"Regen Potion"},{"floor":7,"key":"EssenceOfSteel"},{"floor":14,"key":"CultistPotion"},{"floor":23,"key":"Fire Potion"},{"floor":28,"key":"Block Potion"},{"floor":31,"key":"DistilledChaos"},{"floor":33,"key":"GamblersBrew"},{"floor":36,"key":"FearPotion"},{"floor":40,"key":"BlessingOfTheForge"},{"floor":45,"key":"Strength Potion"}],"is_trial":false,"path_per_floor":["M","?","$","M","M","R","M","?","T","?","R","M","M","M","R","B",null,"M","?","$","M","M","E","M","?","T","R","M","T","R","M","R","B",null,"M","M","M","?","?","E","M","M","T","R","?","$","?","M","R","B",null],"character_chosen":"THE_SERVANT","items_purchased":["Toolbox","Strawberry","RealityMarble","Pantograph","Good Instincts","Sabotage"],"campfire_rested":2,"item_purchase_floors":[20,20,20,46,46,46],"current_hp_per_floor":[55,55,55,55,50,50,42,35,35,28,47,39,36,34,34,24,55,51,51,58,62,65,30,36,36,36,36,32,32,32,31,55,17,67,53,54,61,61,61,34,36,45,45,45,48,48,48,51,51,79],"gold":20,"neow_bonus":"REMOVE_TWO","is_daily":false,"chose_seed":false,"campfire_upgraded":6,"win_rate":0.0,"timestamp":1611151516,"path_taken":["M","?","?","M","?","R","M","?","T","?","R","M","M","M","R","BOSS","M","?","$","?","M","E","M","?","T","R","M","?","R","M","R","BOSS","M","M","M","?","?","E","M","M","T","R","?","$","?","M","R","BOSS"],"items_purchased_type":["Relic","Relic","Card","Relic","Card","Card"],"build_version":"2020-12-22","purchased_purges":1,"victory":true,"max_hp_per_floor":[65,65,65,65,65,65,65,65,65,65,65,65,65,65,65,65,65,66,66,73,75,77,78,80,80,80,80,81,81,81,83,83,84,84,85,88,91,91,91,92,93,96,96,96,97,97,97,98,98,99],"card_choices":[{"not_picked":["Revamp","Ricochet"],"picked":"FastForward","floor":1},{"not_picked":["Rearm","Alleviate","DoubleEdge"],"picked":"SKIP","floor":4},{"not_picked":["DoubleEdge","Gouge","Revamp"],"picked":"SKIP","floor":5},{"not_picked":["ShatteredReality","Potential","Orbit"],"picked":"SKIP","floor":7},{"not_picked":["Revamp","Defy"],"picked":"FastForward","floor":12},{"not_picked":["Rearm","DoubleEdge"],"picked":"Advance","floor":13},{"not_picked":["Revamp","BottledTime"],"picked":"Initiator","floor":14},{"not_picked":["FlawlessForm","LightFlow"],"picked":"SilverMatrix","floor":16},{"not_picked":["Hightail","ShatteredReality","Deadline"],"picked":"SKIP","floor":18},{"not_picked":["DoubleEdge","FanOfKnives+1","Spin"],"picked":"SKIP","floor":21},{"not_picked":["Potential","ShatteredReality","Desolation"],"picked":"SKIP","floor":22},{"not_picked":["ShatteredReality","ForgedInTime"],"picked":"Sunlight","floor":23},{"not_picked":["Replace","Starlight"],"picked":"SoulSculpture","floor":24},{"not_picked":["Spin","ShatteredReality+1"],"picked":"WasteNot","floor":28},{"not_picked":["Ricochet","Starlight"],"picked":"Contraction","floor":31},{"not_picked":["FlawlessForm","TrueSight"],"picked":"Solidify","floor":33},{"not_picked":["GearUp","Unruled+1"],"picked":"BottledTime","floor":35},{"not_picked":["ShatteredReality","Unruled+1","Rewind"],"picked":"SKIP","floor":36},{"not_picked":["KillingDoll","Rearm","ShatteredReality"],"picked":"SKIP","floor":37},{"not_picked":["TrueSight","Potential+1"],"picked":"BottledTime","floor":40},{"not_picked":["MurderousAura","TimeWarp"],"picked":"InstantArmor+1","floor":41},{"not_picked":["DoubleEdge+1","Starlight+1"],"picked":"Contraction","floor":42},{"not_picked":["Shuttle+1","Contraction"],"picked":"SilverBlades+1","floor":45},{"not_picked":["StarChef","Rearm+1"],"picked":"BottledTime","floor":48}],"player_experience":265192,"relics_obtained":[{"floor":9,"key":"Old Coin"},{"floor":23,"key":"Darkstone Periapt"},{"floor":26,"key":"Turnip"},{"floor":29,"key":"Juzu Bracelet"},{"floor":40,"key":"Dream Catcher"},{"floor":43,"key":"Shuriken"},{"floor":45,"key":"Thread and Needle"}],"event_choices":[{"cards_removed":["FastForward"],"damage_healed":0,"gold_gain":0,"player_choice":"Gave Card","damage_taken":0,"relics_obtained":["Runesmith:Locket"],"max_hp_gain":0,"max_hp_loss":0,"event_name":"WeMeetAgain","floor":2,"gold_loss":0},{"damage_healed":0,"gold_gain":0,"player_choice":"Success","damage_taken":7,"relics_obtained":["Torii"],"max_hp_gain":0,"max_hp_loss":0,"event_name":"Scrap Ooze","floor":8,"gold_loss":0},{"cards_removed":["Strike_S"],"damage_healed":0,"gold_gain":0,"player_choice":"Card Removal","damage_taken":7,"max_hp_gain":0,"max_hp_loss":0,"event_name":"Golden Wing","floor":10,"gold_loss":0},{"damage_healed":0,"gold_gain":0,"player_choice":"Traded Relic","damage_taken":0,"relics_obtained":["Nloth\u0027s Gift"],"max_hp_gain":0,"max_hp_loss":0,"event_name":"N\u0027loth","floor":19,"relics_lost":["Old Coin"],"gold_loss":0},{"cards_removed":["Strike_S"],"damage_healed":0,"gold_gain":0,"player_choice":"Elegance","damage_taken":0,"max_hp_gain":0,"max_hp_loss":0,"event_name":"Back to Basics","floor":25,"gold_loss":0},{"damage_healed":0,"gold_gain":0,"player_choice":"Ignored","damage_taken":0,"max_hp_gain":0,"max_hp_loss":0,"event_name":"Tomb of Lord Red Mask","floor":38,"gold_loss":0},{"damage_healed":0,"gold_gain":0,"player_choice":"Memory 1","damage_taken":0,"max_hp_gain":0,"max_hp_loss":0,"event_name":"SensoryStone","floor":39,"gold_loss":0},{"damage_healed":0,"gold_gain":0,"player_choice":"Fight","damage_taken":0,"max_hp_gain":0,"max_hp_loss":0,"event_name":"MindBloom","floor":45,"gold_loss":0},{"cards_removed":["Defend_S"],"damage_healed":0,"gold_gain":0,"player_choice":"Removed Skill","damage_taken":0,"max_hp_gain":0,"max_hp_loss":0,"event_name":"Falling","floor":47,"gold_loss":0}],"is_beta":false,"boss_relics":[{"not_picked":["MysterySword","Runesmith:UraniumAnvil"],"picked":"StoneMask"},{"not_picked":["Runic Pyramid","Snecko Eye"],"picked":"SlaversCollar"}],"items_purged_floors":[20],"is_endless":false,"potions_floor_spawned":[5,7,14,23,28,31,33,36,40,45],"ascension_level":9}}