{"host":"vyjryxuuuxkt43k4","time":1611169360,"event":{"mods":["AchievementEnabler","BaseMod","Colored Map","DeckTracker","Keyboard Shortcuts","Minty Spire (QoL Compilation)","Permanent Neow","Quick Restart","StSLib","SuperFastMode","everything is the same but u backflip on backflip"],"gold_per_floor":[115,127,147,161,141,154,154,184,184,184,105,131,143,176,176,271,271,290,301,43,43,43],"floor_reached":21,"language":"KOR","playtime":902,"items_purged":[],"score":277,"play_id":"a404322e-5ef8-4bc3-910a-a02701006347","local_time":"20210121040240","is_ascension_mode":true,"campfire_choices":[{"data":"Blade Dance","floor":7,"key":"SMITH"},{"data":"Choke","floor":10,"key":"SMITH"},{"data":"Well Laid Plans","floor":15,"key":"SMITH"}],"circlet_count":0,"master_deck":["Strike_G","Strike_G","Strike_G","Strike_G+1","Strike_G","Defend_G","Defend_G","Defend_G","Defend_G","Defend_G","Survivor","Neutralize+1","Quick Slash","Finisher+1","Escape Plan","Choke+1","Blade Dance+1","Backflip","Well Laid Plans+1","PiercingWail","Burst","Cloak And Dagger","Crippling Poison","Apotheosis","Footwork"],"relics":["Ring of the Snake","Lantern","Meat on the Bone","Whetstone","Bag of Preparation","Runic Pyramid"],"acts_visited":["Exordium","TheCity"],"potions_floor_usage":[13,14,16,21],"damage_taken":[{"damage":1,"enemies":"2 Louse","floor":1,"turns":2},{"damage":2,"enemies":"Cultist","floor":2,"turns":4},{"damage":1,"enemies":"Small Slimes","floor":3,"turns":3},{"damage":7,"enemies":"3 Louse","floor":4,"turns":4},{"damage":4,"enemies":"2 Fungi Beasts","floor":6,"turns":3},{"damage":27,"enemies":"3 Sentries","floor":8,"turns":7},{"damage":5,"enemies":"Gremlin Gang","floor":13,"turns":2},{"damage":10,"enemies":"Lagavulin","floor":14,"turns":3},{"damage":13,"enemies":"Hexaghost","floor":16,"turns":6},{"damage":7,"enemies":"Chosen","floor":18,"turns":6},{"damage":23,"enemies":"Shell Parasite","floor":19,"turns":4},{"damage":89,"enemies":"3 Cultists","floor":21,"turns":6}],"seed_played":"8920798562777321903","potions_obtained":[{"floor":3,"key":"FairyPotion"},{"floor":5,"key":"AttackPotion"},{"floor":8,"key":"SkillPotion"},{"floor":13,"key":"SneckoOil"},{"floor":16,"key":"GamblersBrew"}],"is_trial":false,"path_per_floor":["M","M","M","M","?","M","R","E","T","R","$","T","M","E","R","B",null,"M","M","$","M"],"character_chosen":"THE_SILENT","items_purchased":["Well Laid Plans","Apotheosis","Footwork"],"campfire_rested":0,"item_purchase_floors":[11,20,20],"current_hp_per_floor":[62,60,59,52,52,48,48,21,21,21,21,21,28,30,30,29,60,53,42,42,0,0],"gold":43,"neow_bonus":"UPGRADE_CARD","is_daily":false,"chose_seed":false,"campfire_upgraded":3,"win_rate":0.0,"timestamp":1611169360,"path_taken":["M","M","M","M","?","M","R","E","T","R","$","?","?","E","R","BOSS","M","M","$","M"],"items_purchased_type":["Card","Card","Card"],"build_version":"2020-12-22","purchased_purges":0,"victory":false,"max_hp_per_floor":[70,70,70,70,70,70,70,70,70,70,70,70,70,70,70,70,70,70,70,70,70,70],"card_choices":[{"not_picked":["Poisoned Stab","Choke"],"picked":"Quick Slash","floor":1},{"not_picked":["Distraction","Sucker Punch"],"picked":"Finisher","floor":2},{"not_picked":["Skewer","All Out Attack"],"picked":"Escape Plan","floor":3},{"not_picked":["Poisoned Stab","Flying Knee"],"picked":"Choke","floor":4},{"not_picked":["Backflip","Poisoned Stab"],"picked":"Blade Dance","floor":6},{"not_picked":["Dagger Throw","Flying Knee"],"picked":"Backflip","floor":8},{"not_picked":["Skewer","Sucker Punch","Backflip"],"picked":"SKIP","floor":13},{"not_picked":["Quick Slash","Dagger Throw"],"picked":"PiercingWail","floor":14},{"not_picked":["Unload","Night Terror"],"picked":"Burst","floor":16},{"not_picked":["Backstab","Backflip"],"picked":"Cloak And Dagger","floor":18},{"not_picked":["Sucker Punch","Deadly Poison+1"],"picked":"Crippling Poison","floor":19}],"player_experience":180919,"relics_obtained":[{"floor":8,"key":"Lantern"},{"floor":9,"key":"Meat on the Bone"},{"floor":12,"key":"Whetstone"},{"floor":14,"key":"Bag of Preparation"}],"event_choices":[{"damage_healed":0,"gold_gain":0,"player_choice":"Bought 1 Potion","damage_taken":0,"max_hp_gain":0,"max_hp_loss":0,"event_name":"The Woman in Blue","floor":5,"gold_loss":0}],"is_beta":false,"boss_relics":[{"not_picked":["Astrolabe","Runic Dome"],"picked":"Runic Pyramid"}],"items_purged_floors":[],"is_endless":false,"potions_floor_spawned":[3,8,13,16],"killed_by":"3 Cultists","ascension_level":9}}