{"host":"g5ztulhog0otympt","time":1611160352,"event":{"mods":["AchievementEnabler","BaseMod","Downfall","Hermit","Minty Spire (QoL Compilation)","StSLib","The Cursed"],"gold_per_floor":[117,117,130,145,245,280,280,312,312,312,71,100,100,112,112,112,112],"floor_reached":16,"language":"ENG","playtime":432,"items_purged":[],"score":124,"play_id":"09cce998-25db-4072-a4af-065ccdbb0aad","local_time":"20210120183232","is_ascension_mode":true,"campfire_choices":[{"floor":7,"key":"REST"},{"floor":10,"key":"REST"},{"data":"Transmutation","floor":13,"key":"SMITH"},{"data":"Blood for Blood","floor":15,"key":"SMITH"}],"circlet_count":0,"master_deck":["Strike_R","Strike_R","Strike_R","Strike_R","Strike_R","Defend_R","Defend_R","Defend_R","Defend_R","Bash+1","Iron Wave","Blood for Blood+1","Exhume","Transmutation+1","Dual Wield","Ghostly Armor"],"relics":["Burning Blood","Mummified Hand","HornCleat","Eternal Feather","Kunai"],"acts_visited":["Exordium"],"potions_floor_usage":[6],"damage_taken":[{"damage":0,"enemies":"Small Slimes","floor":1,"turns":4},{"damage":1,"enemies":"Jaw Worm","floor":3,"turns":3},{"damage":10,"enemies":"Cultist","floor":4,"turns":4},{"damage":45,"enemies":"Lagavulin","floor":6,"turns":8},{"damage":17,"enemies":"Gremlin Nob","floor":8,"turns":5},{"damage":22,"enemies":"Lagavulin","floor":12,"turns":8},{"damage":16,"enemies":"Red Slaver","floor":14,"turns":5},{"damage":65,"enemies":"The Guardian","floor":16,"turns":9}],"seed_played":"3868516665449638583","potions_obtained":[{"floor":4,"key":"LiquidMemories"},{"floor":14,"key":"Energy Potion"}],"is_trial":false,"path_per_floor":["M","?","M","M","?","E","R","E","T","R","$","E","R","M","R","B"],"character_chosen":"IRONCLAD","items_purchased":["Transmutation","BloodPotion"],"campfire_rested":2,"item_purchase_floors":[11,11],"current_hp_per_floor":[88,88,88,84,84,45,71,60,60,88,88,72,81,71,80,15,15],"gold":112,"neow_bonus":"TEN_PERCENT_HP_BONUS","is_daily":false,"chose_seed":false,"campfire_upgraded":2,"win_rate":0.0,"timestamp":1611160352,"path_taken":["M","?","M","M","?","E","R","E","T","R","$","E","R","?","R","BOSS"],"items_purchased_type":["Card","Potion"],"build_version":"2020-12-22","purchased_purges":0,"victory":false,"max_hp_per_floor":[88,88,88,88,88,88,88,88,88,88,88,88,88,88,88,88,88],"card_choices":[{"not_picked":["Warcry","Pommel Strike","Clothesline"],"picked":"SKIP","floor":1},{"not_picked":["Armaments","Shrug It Off"],"picked":"Iron Wave","floor":3},{"not_picked":["Wild Strike","Body Slam","Intimidate"],"picked":"SKIP","floor":4},{"not_picked":["Reckless Charge","Shrug It Off"],"picked":"Blood for Blood","floor":6},{"not_picked":["Pummel","Warcry"],"picked":"Exhume","floor":8},{"not_picked":["Sword Boomerang","Combust"],"picked":"Dual Wield","floor":12},{"not_picked":["Rage","Metallicize"],"picked":"Ghostly Armor","floor":14}],"player_experience":109284,"relics_obtained":[{"floor":6,"key":"Mummified Hand"},{"floor":8,"key":"HornCleat"},{"floor":9,"key":"Eternal Feather"},{"floor":12,"key":"Kunai"}],"event_choices":[{"damage_healed":0,"gold_gain":0,"player_choice":"Grow","damage_taken":0,"max_hp_gain":0,"max_hp_loss":0,"event_name":"Living Wall","floor":2,"gold_loss":0,"cards_upgraded":["Bash"]},{"damage_healed":0,"gold_gain":100,"player_choice":"Pray","damage_taken":0,"max_hp_gain":0,"max_hp_loss":0,"event_name":"Golden Shrine","floor":5,"gold_loss":0}],"is_beta":false,"boss_relics":[],"items_purged_floors":[],"is_endless":false,"potions_floor_spawned":[4,14],"killed_by":"The Guardian","ascension_level":1}}