{"host":"n605f8gctjc87d7h","time":1611180287,"event":{"mods":["Aspiration","Bard","BaseMod","Better Match","Better Note","Better Skull","Better Third Choice","Conspire","Halation","Hermit","Infinite Spire","Minty Spire (QoL Compilation)","Replay The Spire","Retaliation","Shade Mod","Spicy Shops","StS++","StSLib","The IronCluck"],"gold_per_floor":[115,115,115,128,56,56,0,35,35,35,45,45,73,13,13,86,86,106,122,122,138,148,148,178,188,213,213,213,230,230,230,230],"floor_reached":31,"language":"ENG","playtime":1832,"items_purged":["Pain","Delirium","Strike_R"],"score":431,"play_id":"2580b4e5-8e5f-4565-8430-ca61588054cc","local_time":"20210120140447","is_ascension_mode":true,"campfire_choices":[{"data":"Iron Wave","floor":6.0,"key":"SMITH"},{"floor":10.0,"key":"REST"},{"data":"Uppercut","floor":15.0,"key":"SMITH"},{"data":"Barricade","floor":23.0,"key":"SMITH"},{"floor":27.0,"key":"REST"}],"circlet_count":0,"master_deck":["AscendersBane","Strike_R","Strike_R","Strike_R","Defend_R","Defend_R+1","Defend_R","Defend_R","Bash","Flex+1","Iron Wave+1","Infernal Blade","Enlightenment+1","Uppercut+1","Barricade+1","Metallicize","Life Link","Spot Weakness","Double Tap","Entrench","Heavy Blade"],"relics":["Black Blood","Pen Nib","infinitespire:Satchel","The Courier","WarpedTongs","ReplayTheSpireMod:CursedCoin","ReplayTheSpireMod:Lightbulb","infinitespire:Beetle Shell","Nloth\u0027s Gift","conspire:SpecialSausage","Cauldron"],"acts_visited":["Exordium","TheCity"],"potions_floor_usage":[31,31],"damage_taken":[{"damage":2.0,"enemies":"Jaw Worm","floor":1.0,"turns":3.0},{"damage":0.0,"enemies":"Cultist","floor":4.0,"turns":3.0},{"damage":32.0,"enemies":"Replay:BlueRogue","floor":8.0,"turns":5.0},{"damage":0.0,"enemies":"Small Slimes","floor":11.0,"turns":3.0},{"damage":31.0,"enemies":"Lagavulin","floor":13.0,"turns":4.0},{"damage":9.0,"enemies":"Hexaghost","floor":16.0,"turns":7.0},{"damage":12.0,"enemies":"3 Byrds","floor":18.0,"turns":7.0},{"damage":14.0,"enemies":"2 Thieves","floor":21.0,"turns":4.0},{"damage":3.0,"enemies":"conspire:HollyBat","floor":22.0,"turns":9.0},{"damage":56.0,"enemies":"conspire:Head Lice","floor":24.0,"turns":9.0},{"damage":22.0,"enemies":"Centurion and Healer","floor":25.0,"turns":8.0},{"damage":58.0,"enemies":"3 Cultists","floor":29.0,"turns":6.0},{"damage":42,"enemies":"Shelled Parasite and Fungi","floor":31,"turns":4}],"seed_played":"1769142293853142446","potions_obtained":[{"floor":4.0,"key":"Strength Potion"},{"floor":8.0,"key":"SpeedPotion"},{"floor":11.0,"key":"BloodPotion"},{"floor":18.0,"key":"ColorlessPotion"},{"floor":21.0,"key":"FearPotion"},{"floor":30.0,"key":"Explosive Potion"},{"floor":30.0,"key":"Regen Potion"}],"is_trial":false,"path_per_floor":["M","?","$","M","$","R","?","E","T","R","M","?","E","$","R","B",null,"M","$","?","M","M","R","E","M","T","R","?","M","AVR","M"],"character_chosen":"IRONCLAD","items_purchased":["Infernal Blade","ReplayTheSpireMod:CursedCoin","Metallicize"],"campfire_rested":2,"item_purchase_floors":[5,19,19],"current_hp_per_floor":[76,76,76,80,80,80,86,60,60,85,86,86,61,61,61,58,79,79,79,79,77,86,86,42,32,32,57,57,28,28,0,0],"gold":230,"neow_bonus":"RANDOM_COMMON_RELIC","is_daily":false,"chose_seed":false,"campfire_upgraded":3,"win_rate":0.0,"timestamp":1611180287,"path_taken":["M","?","?","?","$","R","?","E","T","R","M","?","E","$","R","BOSS","M","?","?","M","?","R","E","M","T","R","?","M","AVR","?"],"items_purchased_type":["Card","Relic","Card"],"build_version":"2020-12-22","purchased_purges":3,"victory":false,"max_hp_per_floor":[80,80,80,80,80,80,86,86,86,86,86,86,86,86,86,86,86,86,86,86,86,86,86,86,86,86,86,86,86,86,86,86],"card_choices":[{"not_picked":["Anger","Twin Strike"],"picked":"Flex","floor":1.0},{"not_picked":["Shockwave","Body Slam"],"picked":"Iron Wave","floor":4.0},{"not_picked":["DDmod:PokeAttack","Feel No Pain","StSpp:Vengeance"],"picked":"SKIP","floor":8.0},{"not_picked":["StSpp:Turnabout","Body Slam","Wild Strike"],"picked":"SKIP","floor":11.0},{"not_picked":["Clothesline","DDmod:UnstoppableAttack"],"picked":"Uppercut","floor":13.0},{"not_picked":["DDmod:PlatedThornsSkill","Brutality"],"picked":"Barricade","floor":16.0},{"not_picked":["StSpp:Sprint","Dark Embrace","ReplayTheSpireMod:Strike From Hell"],"picked":"SKIP","floor":18.0},{"not_picked":["Uppercut","DDmod:RapidStrikeAttack"],"picked":"Life Link","floor":21.0},{"not_picked":["Headbutt","ReplayTheSpireMod:Strike From Hell"],"picked":"Spot Weakness","floor":22.0},{"not_picked":["Sentinel","Hemogenesis"],"picked":"Double Tap","floor":24.0},{"not_picked":["Armaments","Replay:Undeath\u0027s Touch"],"picked":"Entrench","floor":25.0},{"not_picked":["Pommel Strike","Clash"],"picked":"Heavy Blade","floor":29.0}],"player_experience":619184,"relics_obtained":[{"floor":8.0,"key":"infinitespire:Satchel"},{"floor":9.0,"key":"The Courier"},{"floor":13.0,"key":"War Paint"},{"floor":24.0,"key":"ReplayTheSpireMod:Lightbulb"},{"floor":26.0,"key":"infinitespire:Beetle Shell"}],"event_choices":[{"damage_healed":0.0,"max_hp_gain":0.0,"max_hp_loss":0.0,"gold_gain":0.0,"event_name":"Upgrade Shrine","player_choice":"Upgraded","floor":2.0,"gold_loss":0.0,"damage_taken":0.0,"cards_upgraded":["Flex"]},{"damage_healed":0.0,"max_hp_gain":0.0,"max_hp_loss":0.0,"gold_gain":0.0,"event_name":"betterThird:BetterSerpent","player_choice":"RENOUNCE","floor":7.0,"gold_loss":56.0,"damage_taken":56.0,"cards_obtained":["Enlightenment"]},{"damage_healed":0.0,"max_hp_gain":0.0,"max_hp_loss":0.0,"gold_gain":0.0,"event_name":"Accursed Blacksmith","player_choice":"Rummage","floor":12.0,"gold_loss":0.0,"damage_taken":0.0,"relics_obtained":["WarpedTongs"],"cards_obtained":["Pain"]},{"cards_removed":["Strike_R"],"damage_healed":0.0,"max_hp_gain":0.0,"max_hp_loss":0.0,"gold_gain":0.0,"event_name":"Purifier","player_choice":"Purged","floor":20.0,"gold_loss":0.0,"damage_taken":0.0},{"damage_healed":0.0,"max_hp_gain":0.0,"max_hp_loss":0.0,"gold_gain":0.0,"event_name":"N\u0027loth","player_choice":"Traded Relic","floor":28.0,"relics_lost":["War Paint"],"gold_loss":0.0,"damage_taken":0.0,"relics_obtained":["Nloth\u0027s Gift"]}],"is_beta":false,"boss_relics":[{"not_picked":["Replay:Wanted Poster","conspire:RunicOctahedron"],"picked":"Black Blood"}],"items_purged_floors":[14,19,30],"is_endless":false,"potions_floor_spawned":[4,8,11,18,21,24],"killed_by":"Shelled Parasite and Fungi","ascension_level":13}}