{"host":"6p0attdrtjqaih7v","time":1611127246,"event":{"mods":["2.2 Compatiblity","AchievementEnabler","Bard","BaseMod","Better Skull","Better Third Choice","Colored Powertips","Hermit","Highlight Path","Jorbs\u0027s Wanderer Trilogy","Key Reminder","Minty Spire (QoL Compilation)","Permanent Neow","Quick Restart","Random Character Button","Relic Stats","Replay The Spire","Robot Space Explorer","StSLib"],"gold_per_floor":[114,114,124,120,120,151,170,170,217,246,246,258,290,365,365,462,462,474,326,326,337,350,375,325,345,345,345,378,389,405,431,431,534,534,450,22,42,55,82,82,110,110,137,137,156,156,170,197,197,197,197],"floor_reached":50,"language":"ENG","playtime":2567,"items_purged":["Sickly","RobotSpaceExplorer:Strike","RobotSpaceExplorer:Strike+1"],"score":1088,"play_id":"5cfbe2cc-38d0-427a-b184-63ed55acd2ad","local_time":"20210120022046","is_ascension_mode":true,"campfire_choices":[{"data":"RobotSpaceExplorer:MiniLasers","floor":8,"key":"SMITH"},{"data":"Pot Of Greed","floor":11,"key":"SMITH"},{"data":"Pot Of Greed","floor":15,"key":"SMITH"},{"floor":32,"key":"RECALL"},{"floor":40,"key":"REST"},{"floor":42,"key":"REST"},{"floor":44,"key":"REST"},{"floor":49,"key":"REST"}],"circlet_count":0,"master_deck":["AscendersBane","RobotSpaceExplorer:Defend+1","RobotSpaceExplorer:Defend+1","RobotSpaceExplorer:Defend+1","RobotSpaceExplorer:Scan","RobotSpaceExplorer:MiniLasers+1","RobotSpaceExplorer:Smokescreen","RobotSpaceExplorer:MetalStrike","RobotSpaceExplorer:ScrapToss","Backstab+1","Pot Of Greed+1","Pot Of Greed+1","RobotSpaceExplorer:StarLightning","RobotSpaceExplorer:Arsenal","RobotSpaceExplorer:MiniDrones+1","Flash of Steel","RobotSpaceExplorer:IronShell+1","RobotSpaceExplorer:SwiftStep+1","RobotSpaceExplorer:Fix+1","RobotSpaceExplorer:Probe+1","RobotSpaceExplorer:PowerGlove+1","RobotSpaceExplorer:MiniDrones","RobotSpaceExplorer:MiniDrones","RobotSpaceExplorer:ScrapToss+1","RobotSpaceExplorer:MetalStrike+1","Dramatic Entrance","RobotSpaceExplorer:Smokescreen+1","RobotSpaceExplorer:Probe+1","RobotSpaceExplorer:ShockMissile+1"],"relics":["RobotSpaceExplorer:RoboCore","Du-Vu Doll","ReplayTheSpireMod:CursedCoin","Gremlin Food","Grinning Jar","Bag of Preparation","Orichalcum","The Courier","Fusion Hammer","Replay:PocketPolymizer","Omamori","Blue Doll","Gremlin Horn","Replay:Ancient Bell","Boot","Letter Opener","Mango","RobotSpaceExplorer:FoglandsKnife","ReplayTheSpireMod:Ninjato","Oddly Smooth Stone","Regal Pillow"],"acts_visited":["Exordium","TheCity","TheBeyond"],"potions_floor_usage":[10,16,28,33,33,50,50],"damage_taken":[{"damage":0,"enemies":"Small Slimes","floor":1,"turns":4},{"damage":0,"enemies":"Jaw Worm","floor":3,"turns":3},{"damage":8,"enemies":"3 Sentries","floor":6,"turns":6},{"damage":0,"enemies":"2 Louse","floor":7,"turns":2},{"damage":0,"enemies":"Gremlin Nob","floor":10,"turns":3},{"damage":0,"enemies":"2 Fungi Beasts","floor":12,"turns":2},{"damage":10,"enemies":"Lagavulin","floor":13,"turns":5},{"damage":1,"enemies":"The Guardian","floor":16,"turns":12},{"damage":0,"enemies":"Shell Parasite","floor":18,"turns":2},{"damage":0,"enemies":"Spheric Guardian","floor":21,"turns":1},{"damage":0,"enemies":"Cultist and Chosen","floor":22,"turns":5},{"damage":8,"enemies":"Gremlin Leader","floor":23,"turns":7},{"damage":0,"enemies":"3 Cultists","floor":25,"turns":4},{"damage":3,"enemies":"Replay:Snechameleon","floor":28,"turns":3},{"damage":3,"enemies":"Centurion and Healer","floor":29,"turns":3},{"damage":0,"enemies":"Chosen and Byrds","floor":30,"turns":3},{"damage":0,"enemies":"Slavers","floor":31,"turns":4},{"damage":22,"enemies":"Collector","floor":33,"turns":8},{"damage":3,"enemies":"3 Shapes","floor":35,"turns":6},{"damage":0,"enemies":"3 Darklings","floor":37,"turns":1},{"damage":0,"enemies":"Spire Growth","floor":38,"turns":2},{"damage":0,"enemies":"Nemesis","floor":41,"turns":2},{"damage":0,"enemies":"Jaw Worm Horde","floor":45,"turns":2},{"damage":0,"enemies":"3 Darklings","floor":47,"turns":2},{"damage":10,"enemies":"R_Hoarder","floor":48,"turns":5},{"damage":89,"enemies":"Time Eater","floor":50,"turns":12}],"seed_played":"-6449284239330352241","potions_obtained":[{"floor":3,"key":"Block Potion"},{"floor":6,"key":"Weak Potion"},{"floor":10,"key":"Dexterity Potion"},{"floor":12,"key":"Strength Potion"},{"floor":16,"key":"Energy Potion"},{"floor":30,"key":"LifebloodPotion"},{"floor":33,"key":"GamblersBrew"},{"floor":35,"key":"Fire Potion"},{"floor":45,"key":"Dexterity Potion"}],"is_trial":false,"path_per_floor":["M","?","M","$","?","E","M","R","T","E","R","M","E","?","R","B",null,"M","$","?","M","M","E","?","M","T","?","E","M","M","E","R","B",null,"M","$","M","M","T","R","E","R","T","R","M","?","M","E","R","B"],"character_chosen":"RobotSpaceExplorer","items_purchased":["ReplayTheSpireMod:CursedCoin","RobotSpaceExplorer:ScrapToss","Flash of Steel","RobotSpaceExplorer:FoglandsKnife","ReplayTheSpireMod:Ninjato"],"campfire_rested":4,"item_purchase_floors":[4,4,19,36,36],"current_hp_per_floor":[68,61,61,61,49,41,41,41,41,41,41,41,31,20,20,19,56,56,56,56,56,56,48,48,54,54,54,57,60,66,68,68,46,77,79,79,79,82,82,82,82,82,82,82,82,82,82,72,82,0,0],"gold":197,"neow_bonus":"ONE_RARE_RELIC","is_daily":false,"chose_seed":false,"campfire_upgraded":3,"win_rate":0.0,"timestamp":1611127246,"path_taken":["M","?","M","?","?","E","M","R","T","E","R","M","E","?","R","BOSS","M","$","?","M","M","E","?","?","T","?","E","M","M","E","R","BOSS","M","$","M","M","?","R","E","R","T","R","M","?","M","E","R","BOSS"],"items_purchased_type":["Relic","Card","Card","Relic","Relic"],"build_version":"2020-12-22","purchased_purges":3,"victory":false,"max_hp_per_floor":[68,68,68,68,68,68,68,68,68,68,68,68,68,68,68,68,68,68,68,68,68,68,68,68,68,68,68,68,68,68,68,68,68,82,82,82,82,82,82,82,82,82,82,82,82,82,82,82,82,82,82],"relic_stats":{"Regal Pillow":0,"Gremlin Horn":[8,10],"counters":[26,109],"Bag of Preparation":[44],"Letter Opener":[90],"Orichalcum":[36],"Boot":[60],"obtain_stats":[{"Gremlin Food":5,"Regal Pillow":43,"Replay:PocketPolymizer":23,"ReplayTheSpireMod:Ninjato":36,"Gremlin Horn":31,"ReplayTheSpireMod:CursedCoin":4,"Oddly Smooth Stone":41,"RobotSpaceExplorer:RoboCore":0,"Blue Doll":28,"Mango":34,"The Courier":13,"Bag of Preparation":9,"Omamori":26,"Replay:Ancient Bell":34,"Letter Opener":34,"Orichalcum":10,"Boot":34,"Du-Vu Doll":0,"keyreminder:keyreminder":28,"RobotSpaceExplorer:FoglandsKnife":36,"Fusion Hammer":17,"Grinning Jar":6},{"Gremlin Food":2,"Regal Pillow":22,"Replay:PocketPolymizer":12,"ReplayTheSpireMod:Ninjato":19,"Gremlin Horn":17,"ReplayTheSpireMod:CursedCoin":2,"Oddly Smooth Stone":22,"RobotSpaceExplorer:RoboCore":0,"Blue Doll":14,"Mango":18,"The Courier":7,"Bag of Preparation":4,"Omamori":13,"Replay:Ancient Bell":18,"Letter Opener":18,"Orichalcum":5,"Boot":18,"Du-Vu Doll":0,"keyreminder:keyreminder":14,"RobotSpaceExplorer:FoglandsKnife":19,"Fusion Hammer":8,"Grinning Jar":3},{"Gremlin Food":7,"Regal Pillow":88,"Replay:PocketPolymizer":52,"ReplayTheSpireMod:Ninjato":83,"Gremlin Horn":69,"ReplayTheSpireMod:CursedCoin":7,"Oddly Smooth Stone":88,"RobotSpaceExplorer:RoboCore":0,"Blue Doll":59,"Mango":77,"The Courier":25,"Bag of Preparation":15,"Omamori":56,"Replay:Ancient Bell":77,"Letter Opener":77,"Orichalcum":18,"Boot":77,"Du-Vu Doll":0,"keyreminder:keyreminder":59,"RobotSpaceExplorer:FoglandsKnife":83,"Fusion Hammer":37,"Grinning Jar":13}]},"card_choices":[{"not_picked":["RobotSpaceExplorer:StunGrenade","RobotSpaceExplorer:DoubleBlock"],"picked":"RobotSpaceExplorer:Smokescreen","floor":1},{"not_picked":["RobotSpaceExplorer:JunkDive","RobotSpaceExplorer:ShockKick"],"picked":"RobotSpaceExplorer:MetalStrike","floor":3},{"not_picked":["RobotSpaceExplorer:SurgingStrike","RobotSpaceExplorer:Ammunition","RobotSpaceExplorer:BigMissile"],"picked":"SKIP","floor":6},{"not_picked":["RobotSpaceExplorer:Probe","RobotSpaceExplorer:DoubleFind"],"picked":"RobotSpaceExplorer:StarLightning","floor":7},{"not_picked":["RobotSpaceExplorer:Counterblock","RobotSpaceExplorer:SurgingStrike","RobotSpaceExplorer:ShockKick"],"picked":"SKIP","floor":10},{"not_picked":["RobotSpaceExplorer:Electropulse","RobotSpaceExplorer:Pulsar","RobotSpaceExplorer:SwiftStep"],"picked":"SKIP","floor":12},{"not_picked":["RobotSpaceExplorer:Ammunition","RobotSpaceExplorer:Electropulse","RobotSpaceExplorer:BigMissile"],"picked":"SKIP","floor":13},{"not_picked":["RobotSpaceExplorer:Asteroid","RobotSpaceExplorer:ShockMissile"],"picked":"RobotSpaceExplorer:Arsenal","floor":16},{"not_picked":["RobotSpaceExplorer:Probe","RobotSpaceExplorer:StunGrenade"],"picked":"RobotSpaceExplorer:MiniDrones","floor":18},{"not_picked":["RobotSpaceExplorer:StunGrenade","RobotSpaceExplorer:SwiftStep"],"picked":"RobotSpaceExplorer:IronShell","floor":21},{"not_picked":["RobotSpaceExplorer:ShockKick","RobotSpaceExplorer:ScrapToss"],"picked":"RobotSpaceExplorer:SwiftStep+1","floor":22},{"not_picked":["RobotSpaceExplorer:HighVoltage","RobotSpaceExplorer:Pulsar"],"picked":"RobotSpaceExplorer:Fix+1","floor":23},{"not_picked":["RobotSpaceExplorer:FranticSearch","RobotSpaceExplorer:ToxicBomb"],"picked":"RobotSpaceExplorer:Probe+1","floor":25},{"not_picked":["RobotSpaceExplorer:Ammunition","RobotSpaceExplorer:MiniBoosters"],"picked":"RobotSpaceExplorer:PowerGlove+1","floor":28},{"not_picked":["RobotSpaceExplorer:SurgingShield","RobotSpaceExplorer:Pulsar"],"picked":"RobotSpaceExplorer:MiniDrones","floor":29},{"not_picked":["RobotSpaceExplorer:RigExplosive","RobotSpaceExplorer:Jetpack","RobotSpaceExplorer:BigMissile"],"picked":"SKIP","floor":30},{"not_picked":["RobotSpaceExplorer:MetalStrike+1","RobotSpaceExplorer:Probe"],"picked":"RobotSpaceExplorer:MiniDrones","floor":31},{"not_picked":["ReplayTheSpireMod:IOU","ReplayTheSpireMod:Splinters"],"picked":"Normality","floor":34},{"not_picked":["Injury","ReplayTheSpireMod:Splinters"],"picked":"Writhe","floor":34},{"not_picked":["CurseOfTheBell","Clumsy"],"picked":"ReplayTheSpireMod:IOU","floor":34},{"not_picked":["RobotSpaceExplorer:SwiftStep","RobotSpaceExplorer:ImprovisedAttack"],"picked":"RobotSpaceExplorer:ScrapToss","floor":35},{"not_picked":["RobotSpaceExplorer:Pulsar","RobotSpaceExplorer:JunkDive+1"],"picked":"RobotSpaceExplorer:MetalStrike+1","floor":37},{"not_picked":["RobotSpaceExplorer:SurgingStrike","RobotSpaceExplorer:MiniDrones+1","RobotSpaceExplorer:MiniBoosters"],"picked":"SKIP","floor":38},{"not_picked":["RobotSpaceExplorer:ShockKick","RobotSpaceExplorer:SurgingShield","RobotSpaceExplorer:ScrapMissile"],"picked":"SKIP","floor":41},{"not_picked":["RobotSpaceExplorer:GlueShot","RobotSpaceExplorer:Multitool"],"picked":"RobotSpaceExplorer:Smokescreen+1","floor":45},{"not_picked":["RobotSpaceExplorer:ImprovisedAttack","RobotSpaceExplorer:SurgingShield"],"picked":"RobotSpaceExplorer:Probe+1","floor":47},{"not_picked":["RobotSpaceExplorer:Ammunition","RobotSpaceExplorer:TurboDodge","RobotSpaceExplorer:Probe+1"],"picked":"SKIP","floor":48}],"player_experience":893410,"relics_obtained":[{"floor":6,"key":"Grinning Jar"},{"floor":9,"key":"Bag of Preparation"},{"floor":10,"key":"Orichalcum"},{"floor":13,"key":"The Courier"},{"floor":23,"key":"Replay:PocketPolymizer"},{"floor":26,"key":"Omamori"},{"floor":28,"key":"Blue Doll"},{"floor":31,"key":"Gremlin Horn"},{"floor":41,"key":"Oddly Smooth Stone"},{"floor":43,"key":"Regal Pillow"}],"event_choices":[{"cards_removed":["RobotSpaceExplorer:Defend"],"damage_healed":0,"gold_gain":0,"player_choice":"Card Removal","damage_taken":7,"max_hp_gain":0,"max_hp_loss":0,"event_name":"Golden Wing","floor":2,"gold_loss":0},{"damage_healed":0,"gold_gain":75,"player_choice":"Gather Gold","damage_taken":11,"max_hp_gain":0,"max_hp_loss":0,"event_name":"World of Goop","floor":14,"gold_loss":0},{"damage_healed":0,"gold_gain":0,"player_choice":"Simplicity","damage_taken":0,"max_hp_gain":0,"max_hp_loss":0,"event_name":"Back to Basics","floor":20,"gold_loss":0,"cards_upgraded":["RobotSpaceExplorer:Strike","RobotSpaceExplorer:Strike","RobotSpaceExplorer:Strike","RobotSpaceExplorer:Defend","RobotSpaceExplorer:Defend","RobotSpaceExplorer:Defend"]},{"damage_healed":0,"gold_gain":0,"player_choice":"Bet on Murderer","damage_taken":0,"max_hp_gain":0,"max_hp_loss":0,"event_name":"The Joust","floor":24,"gold_loss":50},{"cards_removed":["RobotSpaceExplorer:Strike"],"damage_healed":0,"gold_gain":0,"player_choice":"Purged","damage_taken":0,"max_hp_gain":0,"max_hp_loss":0,"event_name":"Purifier","floor":27,"gold_loss":0},{"damage_healed":0,"gold_gain":0,"player_choice":"Ignored","damage_taken":0,"max_hp_gain":0,"max_hp_loss":0,"event_name":"Tomb of Lord Red Mask","floor":46,"gold_loss":0}],"is_beta":false,"boss_relics":[{"not_picked":["Runic Dome","Replay:Bronze Core"],"picked":"Fusion Hammer"},{"not_picked":["Philosopher\u0027s Stone","RobotSpaceExplorer:SearchSpecs"],"picked":"Replay:Ancient Bell"},{"not_picked":["Tiny Chest","Strawberry"],"picked":"Boot"},{"not_picked":["Mummified Hand","Replay:Bottled Flurry"],"picked":"Letter Opener"},{"not_picked":["Thread and Needle","TungstenRod"],"picked":"Mango"}],"items_purged_floors":[4,19,36],"is_endless":false,"potions_floor_spawned":[3,6,10,12,16,22,25,30,33,35,45],"killed_by":"Time Eater","ascension_level":12}}