{"host":"fq53p46eudtfn1d2","time":1611126252,"event":{"mods":["BaseMod","Better Sensory Stone","Colored Powertips","Energized Spire","Magitek Elite","Minty Spire (QoL Compilation)","Permanent Neow","Quick Restart","StSLib"],"gold_per_floor":[116,129,141,154,170,198,198,227,227,227,242,273,243,243,243,342,342,352,47,72,72,87,120,135,161,161,171,171,23,39,70,70,175,175,185,185,204,52,52,84,84,84,84,113,125,154,154,172,172,172,172,172,16,46,46],"floor_reached":56,"language":"ENG","playtime":6170,"items_purged":[],"score":1706,"play_id":"1441c22b-6317-4b9a-8fd6-0d3d04a755c6","local_time":"20210120020412","daily_mods":["Draft"],"is_ascension_mode":true,"campfire_choices":[{"data":"Esuna","floor":7.0,"key":"SMITH"},{"data":"Esuna","floor":10.0,"key":"SMITH"},{"floor":15.0,"key":"REST"},{"floor":32.0,"key":"RECALL"},{"data":"Mystery_Veil","floor":41.0,"key":"SMITH"},{"data":"Fake_Moustache","floor":47,"key":"SMITH"},{"data":"Faith","floor":49,"key":"SMITH"},{"data":"Trance","floor":52,"key":"SMITH"}],"circlet_count":0,"master_deck":["Bravery","Mirage_Vest","Icebrand","Icebrand","Aero","Esuna","Balance","Aero","Esuna","Icebrand","Focus","Mirage_Vest","Magnus_Hat","Focus","Mirage_Vest","Blood_Hilt","Thornlet","Icebrand","Shell","Mystery_Veil+1","Faith+1","Transfusion","Balance","Gaia_Gear","Trance+1","Fake_Moustache+1","Vox+1","Meteor+1","Transpose2","Magus_Robe","Might+1","Trance+1","Trance+1","Blizzard_P+2","Haste+1","Haste+1","Focus","Flametongue+1","Dispel+1","Bravery+1","AscendersBane","Esuna","Shell+1","Protect_M+1","Mythril_Knife+1","Gladius+1","Drain"],"relics":["Pendant","Juzu Bracelet","Lantern","Mango","Dead Branch","energizedSpire:MagnifyingGlass","Bird Faced Urn","Red Mask","Ice Cream","FossilizedHelix","Frozen Egg 2","Oddly Smooth Stone","Mercury Hourglass","Memories","Orrery","Toy Ornithopter","Happy Flower","Toolbox","Pear"],"acts_visited":["Exordium","TheCity","TheBeyond","TheEnding"],"potions_floor_usage":[45,50,54,55],"damage_taken":[{"damage":0.0,"enemies":"Jaw Worm","floor":1.0,"turns":3.0},{"damage":0.0,"enemies":"Cultist","floor":2.0,"turns":3.0},{"damage":1.0,"enemies":"Small Slimes","floor":3.0,"turns":5.0},{"damage":25.0,"enemies":"Exordium Thugs","floor":4.0,"turns":4.0},{"damage":9.0,"enemies":"Lots of Slimes","floor":5.0,"turns":4.0},{"damage":3.0,"enemies":"Lagavulin","floor":6.0,"turns":6.0},{"damage":15.0,"enemies":"Gremlin Nob","floor":8.0,"turns":7.0},{"damage":4.0,"enemies":"Large Slime","floor":11.0,"turns":6.0},{"damage":20.0,"enemies":"3 Sentries","floor":12.0,"turns":8.0},{"damage":3.0,"enemies":"Looter","floor":13.0,"turns":4.0},{"damage":3.0,"enemies":"Hexaghost","floor":16.0,"turns":8.0},{"damage":0.0,"enemies":"Chosen","floor":18.0,"turns":6.0},{"damage":10.0,"enemies":"Masked Bandits","floor":20.0,"turns":4.0},{"damage":0.0,"enemies":"Spheric Guardian","floor":22.0,"turns":4.0},{"damage":1.0,"enemies":"Book of Stabbing","floor":23.0,"turns":7.0},{"damage":21.0,"enemies":"3 Cultists","floor":24.0,"turns":4.0},{"damage":3.0,"enemies":"Slavers","floor":25.0,"turns":8.0},{"damage":4.0,"enemies":"Centurion and Healer","floor":27.0,"turns":5.0},{"damage":4.0,"enemies":"Cultist and Chosen","floor":30.0,"turns":7.0},{"damage":30.0,"enemies":"Book of Stabbing","floor":31.0,"turns":7.0},{"damage":0.0,"enemies":"Automaton","floor":33.0,"turns":2.0},{"damage":0.0,"enemies":"3 Darklings","floor":35.0,"turns":5.0},{"damage":0.0,"enemies":"Orb Walker","floor":37.0,"turns":4.0},{"damage":26.0,"enemies":"Nemesis","floor":40.0,"turns":8.0},{"damage":35.0,"enemies":"Reptomancer","floor":44.0,"turns":7.0},{"damage":0,"enemies":"Sphere and 2 Shapes","floor":45,"turns":3},{"damage":0,"enemies":"Giant Head","floor":46,"turns":9},{"damage":0,"enemies":"Maw","floor":48,"turns":8},{"damage":5,"enemies":"Time Eater","floor":50,"turns":8},{"damage":12,"enemies":"Shield and Spear","floor":54,"turns":7},{"damage":0,"enemies":"The Heart","floor":55,"turns":9}],"seed_played":"7044131852013412126","potions_obtained":[{"floor":1.0,"key":"EssenceOfSteel"},{"floor":3.0,"key":"Energy Potion"},{"floor":8.0,"key":"Explosive Potion"},{"floor":16.0,"key":"Dexterity Potion"},{"floor":18.0,"key":"ColorlessPotion"},{"floor":24.0,"key":"Dexterity Potion"},{"floor":30.0,"key":"SpeedPotion"},{"floor":31.0,"key":"SteroidPotion"},{"floor":33.0,"key":"EssenceOfSteel"},{"floor":44,"key":"Regen Potion"},{"floor":48,"key":"Swift Potion"},{"floor":54,"key":"PowerPotion"}],"is_trial":true,"path_per_floor":["M","M","M","M","M","E","R","E","T","R","M","E","M","?","R","B",null,"M","$","?","?","M","E","M","E","T","M","?","$","M","E","R","B",null,"M","?","M","$","?","E","R","?","T","E","M","E","R","M","R","B",null,"R","$","E","B",null],"character_chosen":"MAGITEKELITE","items_purchased":["Bird Faced Urn","Oddly Smooth Stone","Orrery","Toolbox"],"campfire_rested":1,"item_purchase_floors":[19,29,38,53],"current_hp_per_floor":[63,63,62,39,32,29,29,15,29,29,25,6,3,3,26,23,77,77,77,72,72,77,77,77,77,77,77,77,77,76,55,55,73,77,77,77,77,77,77,58,58,58,58,50,77,77,77,77,77,77,77,77,77,81,87],"gold":46,"neow_bonus":"","is_daily":false,"chose_seed":false,"campfire_upgraded":6,"win_rate":0.0,"timestamp":1611126252,"path_taken":["M","M","M","M","M","E","R","E","T","R","M","E","M","?","R","BOSS","M","$","?","?","M","E","M","E","T","M","?","$","M","E","R","BOSS","M","?","M","?","?","E","R","?","T","E","M","E","R","M","R","BOSS","R","$","E","BOSS"],"items_purchased_type":["Relic","Relic","Relic","Relic"],"build_version":"2020-12-22","purchased_purges":0,"victory":true,"max_hp_per_floor":[63,63,63,63,63,63,63,63,77,77,77,77,77,77,77,77,77,77,77,77,77,77,77,77,77,77,77,77,77,77,77,77,77,77,77,77,77,77,77,77,77,77,77,77,77,77,77,77,77,77,77,77,77,87,87],"card_choices":[{"not_picked":["Thunder_P","Meteor"],"picked":"Bravery","floor":0.0},{"not_picked":["Falchion","Thunder_Blade"],"picked":"Mirage_Vest","floor":0.0},{"not_picked":["Throw","Flametongue"],"picked":"Icebrand","floor":0.0},{"not_picked":["Barrier","Flametongue"],"picked":"Focus","floor":0.0},{"not_picked":["Balance","Flametongue"],"picked":"Icebrand","floor":0.0},{"not_picked":["Thunder_Blade","Magnus_Hat"],"picked":"Aero","floor":0.0},{"not_picked":["Barrier","Wall"],"picked":"Esuna","floor":0.0},{"not_picked":["Vox","Dispel"],"picked":"Balance","floor":0.0},{"not_picked":["Heavy_Shield","Thunder_Blade"],"picked":"Aero","floor":0.0},{"not_picked":["Gaia_Gear","Poisona"],"picked":"Esuna","floor":0.0},{"not_picked":["Falchion","Tornado"],"picked":"Icebrand","floor":0.0},{"not_picked":["Heavy_Shield","Poisona"],"picked":"Focus","floor":0.0},{"not_picked":["Icebrand","Water"],"picked":"Mirage_Vest","floor":0.0},{"not_picked":["Aero","Flare"],"picked":"Magnus_Hat","floor":0.0},{"not_picked":["Water","Falchion"],"picked":"Focus","floor":0.0},{"not_picked":["Cursed_Shield","Thunder_Blade"],"picked":"Mirage_Vest","floor":1.0},{"not_picked":["Throw","Thunder_P","Crystal_Sword"],"picked":"SKIP","floor":2.0},{"not_picked":["Circlet","Crystal_Sword"],"picked":"Blood_Hilt","floor":3.0},{"not_picked":["Falchion","Thunder_P"],"picked":"Thornlet","floor":4.0},{"not_picked":["Thunder_Blade","Aero"],"picked":"Icebrand","floor":5.0},{"not_picked":["Transfusion","Gladius","Thunder_Blade"],"picked":"SKIP","floor":6.0},{"not_picked":["Crystal_Sword","Flare"],"picked":"Shell","floor":8.0},{"not_picked":["Bravery","Vox"],"picked":"Mystery_Veil","floor":11.0},{"not_picked":["Heavy_Shield","Meteor"],"picked":"Faith","floor":12.0},{"not_picked":["Esuna","Dark"],"picked":"Transfusion","floor":13.0},{"not_picked":["Valor","Remember"],"picked":"Fake_Moustache","floor":16.0},{"not_picked":["Mythril_Knife","Thunder_Blade"],"picked":"Vox+1","floor":18.0},{"not_picked":["Thornlet","Thunder_P"],"picked":"Meteor+1","floor":20.0},{"not_picked":["Thornlet","Gaia_Gear"],"picked":"Transpose2","floor":22.0},{"not_picked":["Thunder_Blade","Transpose_P","Icebrand"],"picked":"SKIP","floor":23.0},{"not_picked":["Aero","Balance"],"picked":"Magus_Robe","floor":24.0},{"not_picked":["Wall","Thornlet","Quake+1"],"picked":"SKIP","floor":25.0},{"not_picked":["Aero","Throw+1"],"picked":"Might+1","floor":27.0},{"not_picked":["Mirage_Vest","Astra","Aero"],"picked":"SKIP","floor":30.0},{"not_picked":["Rune_Blade","Thunder_Blade"],"picked":"Trance+1","floor":31.0},{"not_picked":["Fake_Moustache+1","Valor"],"picked":"Trance+1","floor":33.0},{"not_picked":["Cursed_Shield+1","Rasp","Blizzard_P"],"picked":"SKIP","floor":35.0},{"not_picked":["Float2_Spell+1","Throw"],"picked":"Haste+1","floor":37.0},{"not_picked":["Minerva_Bustier","Quake+1"],"picked":"Haste+1","floor":38.0},{"not_picked":["Water","Crystal_Sword"],"picked":"Focus","floor":38.0},{"not_picked":["Gravity","Thunder_Blade+1"],"picked":"Flametongue+1","floor":38.0},{"not_picked":["Falchion+1","Throw"],"picked":"Dispel+1","floor":38.0},{"not_picked":["Vox","Circlet+1"],"picked":"Bravery+1","floor":38.0},{"not_picked":["Wall","Icebrand","Crystal_Sword"],"picked":"SKIP","floor":40.0},{"not_picked":["Wall","Flametongue+1"],"picked":"Shell+1","floor":44},{"not_picked":["Bravery+1","Circlet"],"picked":"Protect_M+1","floor":45},{"not_picked":["Man_Eater+1","Aero"],"picked":"Mythril_Knife+1","floor":46},{"not_picked":["Transpose_P+1","Dark"],"picked":"Gladius+1","floor":48},{"not_picked":["Quake+1","Heavy_Shield"],"picked":"Drain","floor":54}],"player_experience":453504,"relics_obtained":[{"floor":6.0,"key":"Juzu Bracelet"},{"floor":8.0,"key":"Lantern"},{"floor":9.0,"key":"Mango"},{"floor":12.0,"key":"Dead Branch"},{"floor":20.0,"key":"Red Mask"},{"floor":23.0,"key":"Ice Cream"},{"floor":25.0,"key":"FossilizedHelix"},{"floor":26.0,"key":"Frozen Egg 2"},{"floor":31.0,"key":"Mercury Hourglass"},{"floor":40.0,"key":"Toy Ornithopter"},{"floor":46,"key":"Happy Flower"},{"floor":54,"key":"Pear"}],"event_choices":[{"damage_healed":0.0,"max_hp_gain":0.0,"max_hp_loss":0.0,"gold_gain":0.0,"event_name":"Match and Keep!","player_choice":"3 cards matched","floor":14.0,"gold_loss":0.0,"damage_taken":0.0,"cards_obtained":["Balance","Gaia_Gear","Trance"]},{"damage_healed":0.0,"max_hp_gain":0.0,"max_hp_loss":0.0,"gold_gain":0.0,"event_name":"Masked Bandits","player_choice":"Fought Bandits","floor":20.0,"gold_loss":0.0,"damage_taken":0.0},{"damage_healed":0.0,"max_hp_gain":0.0,"max_hp_loss":0.0,"gold_gain":0.0,"event_name":"NoteForYourself","player_choice":"Ignored","floor":21.0,"gold_loss":0.0,"damage_taken":0.0},{"damage_healed":0.0,"max_hp_gain":0.0,"max_hp_loss":0.0,"gold_gain":0.0,"event_name":"Purifier","player_choice":"Ignored","floor":28.0,"gold_loss":0.0,"damage_taken":0.0},{"damage_healed":0.0,"max_hp_gain":0.0,"max_hp_loss":0.0,"gold_gain":0.0,"event_name":"Lab","player_choice":"Got Potions","floor":36.0,"gold_loss":0.0,"damage_taken":0.0},{"cards_removed":["Focus"],"damage_healed":0.0,"max_hp_gain":0.0,"max_hp_loss":0.0,"gold_gain":0.0,"event_name":"Falling","player_choice":"Removed Skill","floor":39.0,"gold_loss":0.0,"damage_taken":0.0}],"is_beta":false,"boss_relics":[{"not_picked":["Busted Crown","energizedSpire:StickyHand"],"picked":"energizedSpire:MagnifyingGlass"},{"not_picked":["Golden_Hairpin","SacredBark"],"picked":"Memories"}],"items_purged_floors":[],"is_endless":false,"potions_floor_spawned":[1,3,8,16,18,24,30,31,33,44,48,54],"ascension_level":1}}