{"host":"irrizrmw64do51k7","time":1611146779,"event":{"mods":["AchievementEnabler","BaseMod","BetterRewards","Card Forge","Colored Map","Colored Powertips","Curses Come First","Good Game Mod","Minty Spire (QoL Compilation)","Quick Restart","Shop Mod","StSLib"],"gold_per_floor":[22,22,33,51,126,152,168,194,194,194,210,235,235,83,83,156,156,176,195,212,227,34,34,49,68,68,68,99,99,99,113,113,191,191,208,219,219,67,67,67,101,126,126,126,152,169,201,221,221,221,221,221,28,55,55],"floor_reached":56,"language":"ENG","playtime":4496,"items_purged":[],"score":2394,"play_id":"69030877-5d96-4a43-b014-fa486557d986","local_time":"20210120044619","is_ascension_mode":true,"campfire_choices":[{"floor":10,"key":"REST"},{"floor":13,"key":"REST"},{"data":"Creative AI","floor":15,"key":"SMITH"},{"floor":23,"key":"REST"},{"data":"Defragment","floor":29,"key":"SMITH"},{"data":"White Noise","floor":32,"key":"SMITH"},{"data":"Apotheosis","floor":40,"key":"SMITH"},{"floor":44,"key":"RECALL"},{"floor":49,"key":"REST"},{"data":"Defragment","floor":52,"key":"SMITH"}],"circlet_count":0,"master_deck":["AscendersBane","Strike_B","Strike_B","Strike_B","Strike_B","Defend_B","Defend_B","Defend_B","Defend_B","Zap","Dualcast","Coolheaded","Static Discharge","Seek+1","Stack","Coolheaded","Loop","Coolheaded","Creative AI+1","Self Repair","Streamline","Heatsinks","Sweeping Beam","Self Repair","Echo Form","Defragment+1","Glacier","Defragment+1","White Noise+1","Barrage+1","Self Repair","Seek+1","Heatsinks","Seek","Leap+1","Apotheosis+1","Capacitor","Conserve Battery","Capacitor"],"relics":["Cracked Core","Hammer of Thor","Seething Fire","Anvil of the Gods","REME:ComplimentaryCards","Strawberry","Emotion Chip","Question Card","Ice Cream","Peace Pipe","Lantern","Pantograph","StrikeDummy","Centennial Puzzle","Inserter","Art of War","Calipers","Blue Candle","Busted Crown","ClockworkSouvenir","Akabeko","Du-Vu Doll","Dream Catcher","Lizard Tail","Orichalcum","Toy Ornithopter"],"acts_visited":["Exordium","TheCity","TheBeyond","TheEnding"],"potions_floor_usage":[8,16,19,28,30,30,54,55,55],"damage_taken":[{"damage":11,"enemies":"Small Slimes","floor":1,"turns":4},{"damage":7,"enemies":"Jaw Worm","floor":3,"turns":2},{"damage":4,"enemies":"Cultist","floor":4,"turns":3},{"damage":16,"enemies":"Lagavulin","floor":6,"turns":6},{"damage":27,"enemies":"2 Fungi Beasts","floor":7,"turns":4},{"damage":19,"enemies":"3 Sentries","floor":8,"turns":8},{"damage":18,"enemies":"Exordium Thugs","floor":11,"turns":4},{"damage":19,"enemies":"Lagavulin","floor":12,"turns":6},{"damage":27,"enemies":"Slime Boss","floor":16,"turns":7},{"damage":18,"enemies":"Chosen","floor":18,"turns":5},{"damage":42,"enemies":"2 Thieves","floor":19,"turns":5},{"damage":9,"enemies":"Snecko","floor":20,"turns":10},{"damage":41,"enemies":"Centurion and Healer","floor":21,"turns":12},{"damage":12,"enemies":"Snake Plant","floor":24,"turns":9},{"damage":3,"enemies":"Snecko","floor":25,"turns":6},{"damage":43,"enemies":"Slavers","floor":28,"turns":4},{"damage":28,"enemies":"Gremlin Leader","floor":30,"turns":4},{"damage":1,"enemies":"Shelled Parasite and Fungi","floor":31,"turns":9},{"damage":30,"enemies":"Automaton","floor":33,"turns":12},{"damage":11,"enemies":"3 Shapes","floor":35,"turns":4},{"damage":21,"enemies":"Orb Walker","floor":36,"turns":5},{"damage":42,"enemies":"Reptomancer","floor":41,"turns":8},{"damage":0,"enemies":"Mind Bloom Boss Battle","floor":42,"turns":7},{"damage":65,"enemies":"Jaw Worm Horde","floor":46,"turns":6},{"damage":0,"enemies":"Giant Head","floor":47,"turns":7},{"damage":67,"enemies":"Transient","floor":48,"turns":5},{"damage":51,"enemies":"Donu and Deca","floor":50,"turns":9},{"damage":47,"enemies":"Shield and Spear","floor":54,"turns":11},{"damage":53,"enemies":"The Heart","floor":55,"turns":11}],"seed_played":"7202118470130890314","potions_obtained":[{"floor":1,"key":"AttackPotion"},{"floor":4,"key":"FairyPotion"},{"floor":11,"key":"SmokeBomb"},{"floor":16,"key":"Explosive Potion"},{"floor":20,"key":"FocusPotion"},{"floor":28,"key":"FocusPotion"},{"floor":36,"key":"Ancient Potion"},{"floor":41,"key":"LiquidBronze"},{"floor":54,"key":"LiquidMemories"}],"is_trial":false,"path_per_floor":["M","?","M","M","?","E","M","E","T","R","M","E","R","$","R","B",null,"M","M","M","M","$","R","M","M","T","?","E","R","E","M","R","B",null,"M","M","?","$","?","R","E","?","T","R","T","M","E","M","R","B",null,"R","$","E","B",null],"character_chosen":"DEFECT","items_purchased":["Strawberry","Coolheaded","Static Discharge","Question Card","Seek","Static Discharge","Stack","Self Repair","DistilledChaos","White Noise","Art of War","ClockworkSouvenir","Capacitor","Orichalcum"],"campfire_rested":4,"item_purchase_floors":[0,0,0,0,0,0,0,14,14,22,22,38,53,53],"current_hp_per_floor":[60,60,53,49,42,26,30,18,18,41,30,18,41,41,41,53,72,68,40,59,32,32,55,64,78,78,78,42,42,35,62,62,48,71,78,78,78,78,78,78,76,78,78,78,78,60,78,41,64,67,75,75,75,68,50],"gold":55,"neow_bonus":"","is_daily":false,"chose_seed":false,"campfire_upgraded":5,"win_rate":0.0,"timestamp":1611146779,"path_taken":["M","?","M","M","?","E","?","E","T","R","M","E","R","$","R","BOSS","M","M","M","M","$","R","M","M","T","?","E","R","E","M","R","BOSS","M","M","?","$","?","R","E","?","T","R","?","M","E","M","R","BOSS","R","$","E","BOSS"],"items_purchased_type":["Relic","Card","Card","Relic","Card","Card","Card","Card","Potion","Card","Relic","Relic","Card","Relic"],"build_version":"2020-12-22","purchased_purges":0,"victory":true,"max_hp_per_floor":[78,78,78,78,78,78,78,78,78,78,78,78,78,78,78,78,78,78,78,78,78,78,78,78,78,78,78,78,78,78,78,78,78,78,78,78,78,78,78,78,78,78,78,78,78,78,78,78,78,78,78,78,78,78,78],"card_choices":[{"not_picked":["Barrage","Stack","Doom and Gloom"],"picked":"Coolheaded","floor":1},{"not_picked":["Turbo","Auto Shields","Rebound"],"picked":"Loop","floor":3},{"not_picked":["Leap","Hologram","Rip and Tear"],"picked":"Coolheaded","floor":4},{"not_picked":["Storm","Undo","Coolheaded"],"picked":"Self Repair","floor":6},{"not_picked":["Hologram","Static Discharge","Coolheaded"],"picked":"Streamline","floor":7},{"not_picked":["Gash","Doom and Gloom","Steam","Hello World"],"picked":"SKIP","floor":8},{"not_picked":["Conserve Battery","Ball Lightning","Double Energy"],"picked":"Heatsinks","floor":11},{"not_picked":["Redo","Steam Power","Skim"],"picked":"Sweeping Beam","floor":12},{"not_picked":["Buffer","Biased Cognition","Electrodynamics"],"picked":"Echo Form","floor":16},{"not_picked":["Conserve Battery+1","Heatsinks","Streamline"],"picked":"Defragment","floor":18},{"not_picked":["Rebound","Streamline+1","Static Discharge"],"picked":"Glacier","floor":19},{"not_picked":["Rebound+1","Chill","Stack"],"picked":"Defragment","floor":20},{"not_picked":["Gash","Static Discharge","Meteor Strike","Sweeping Beam"],"picked":"SKIP","floor":21},{"not_picked":["Sweeping Beam","Go for the Eyes","Doom and Gloom"],"picked":"Barrage+1","floor":24},{"not_picked":["Force Field","Fission","Gash"],"picked":"Self Repair","floor":25},{"not_picked":["Genetic Algorithm","Chill","Compile Driver"],"picked":"Heatsinks","floor":28},{"not_picked":["Steam","Redo+1","Rip and Tear","Leap"],"picked":"SKIP","floor":31},{"not_picked":["Meteor Strike","Hyperbeam","Thunder Strike"],"picked":"Seek","floor":33},{"not_picked":["Compile Driver+1"],"picked":"Leap+1","floor":35},{"not_picked":["Sweeping Beam+1","Heatsinks"],"picked":"SKIP","floor":36},{"not_picked":["Transmutation"],"picked":"Apotheosis","floor":39},{"not_picked":["Turbo"],"picked":"Capacitor","floor":41},{"not_picked":["Cold Snap+1","Beam Cell+1"],"picked":"SKIP","floor":46},{"not_picked":["Sweeping Beam+1","Streamline"],"picked":"SKIP","floor":47},{"not_picked":["Lockon+1","Heatsinks"],"picked":"SKIP","floor":48},{"not_picked":["Redo"],"picked":"Conserve Battery","floor":49},{"not_picked":["Compile Driver","Skim"],"picked":"SKIP","floor":54}],"player_experience":464234,"relics_obtained":[{"floor":6,"key":"Lantern"},{"floor":8,"key":"Pantograph"},{"floor":9,"key":"StrikeDummy"},{"floor":12,"key":"Centennial Puzzle"},{"floor":26,"key":"Calipers"},{"floor":28,"key":"Blue Candle"},{"floor":41,"key":"Akabeko"},{"floor":42,"key":"Du-Vu Doll"},{"floor":45,"key":"Dream Catcher"},{"floor":47,"key":"Lizard Tail"},{"floor":54,"key":"Toy Ornithopter"}],"event_choices":[{"damage_healed":0,"gold_gain":0,"player_choice":"Grow","damage_taken":0,"max_hp_gain":0,"max_hp_loss":0,"event_name":"Living Wall","floor":2,"gold_loss":0,"cards_upgraded":["Seek"]},{"damage_healed":0,"gold_gain":75,"player_choice":"Touch","damage_taken":7,"max_hp_gain":0,"max_hp_loss":0,"event_name":"FaceTrader","floor":5,"gold_loss":0},{"damage_healed":0,"gold_gain":0,"player_choice":"Copied","damage_taken":0,"max_hp_gain":0,"max_hp_loss":0,"event_name":"Duplicator","floor":27,"gold_loss":0,"cards_obtained":["Seek"]},{"cards_removed":["Static Discharge"],"damage_healed":0,"gold_gain":0,"player_choice":"Removed Power","damage_taken":0,"max_hp_gain":0,"max_hp_loss":0,"event_name":"Falling","floor":37,"gold_loss":0},{"damage_healed":0,"gold_gain":0,"player_choice":"Memory 1","damage_taken":0,"max_hp_gain":0,"max_hp_loss":0,"event_name":"SensoryStone","floor":39,"gold_loss":0},{"damage_healed":0,"gold_gain":0,"player_choice":"Fight","damage_taken":0,"max_hp_gain":0,"max_hp_loss":0,"event_name":"MindBloom","floor":42,"gold_loss":0}],"is_beta":false,"boss_relics":[{"not_picked":["Ectoplasm","Tiny House"],"picked":"Inserter"},{"not_picked":["Philosopher\u0027s Stone","Sozu"],"picked":"Busted Crown"}],"items_purged_floors":[],"is_endless":false,"potions_floor_spawned":[1,4,11,16,20,24,28,36,41,48,54],"ascension_level":14}}