{"host":"kh6fvhxn285ncg0o","time":1611175115,"event":{"mods":["Act Like it!","BaseMod","Colored Map","Friendly Minions","Keyboard Shortcuts","Minty Spire (QoL Compilation)","Quick Restart","Relic Stats","StSLib","SuperFastMode"],"gold_per_floor":[116,116,116,116,127,154,254,289,289,318,350,392,417,447,459,546,558,589,601,613,644,317,317,317],"floor_reached":23,"language":"KOR","playtime":613,"items_purged":["Strike_R"],"score":472,"play_id":"3d016f37-fb63-4b41-939f-d684274f40db","local_time":"20210121053835","is_ascension_mode":true,"campfire_choices":[{"data":"Dual Wield","floor":15,"key":"SMITH"}],"circlet_count":0,"master_deck":["AscendersBane","Strike_R","Strike_R","Strike_R","Strike_R","Defend_R","Defend_R","Defend_R","Defend_R","Bash","Blood for Blood+1","Pain","Carnage","Battle Trance","Burning Pact","Dual Wield+1","Evolve","Disarm","Power Through+1","Finesse"],"relics":["Burning Blood","Bird Faced Urn","WarpedTongs","Question Card","Pen Nib","MawBank","Anchor","Runic Pyramid","Enchiridion","Bag of Marbles"],"acts_visited":["Exordium","TheCity"],"potions_floor_usage":[11,12,16],"damage_taken":[{"damage":3,"enemies":"2 Louse","floor":1,"turns":4},{"damage":2,"enemies":"Small Slimes","floor":5,"turns":2},{"damage":29,"enemies":"Gremlin Nob","floor":6,"turns":4},{"damage":25,"enemies":"3 Sentries","floor":8,"turns":9},{"damage":6,"enemies":"Jaw Worm","floor":10,"turns":2},{"damage":13,"enemies":"Gremlin Gang","floor":11,"turns":5},{"damage":2,"enemies":"Gremlin Nob","floor":12,"turns":2},{"damage":2,"enemies":"3 Louse","floor":13,"turns":3},{"damage":6,"enemies":"Red Slaver","floor":14,"turns":2},{"damage":11,"enemies":"Hexaghost","floor":16,"turns":7},{"damage":25,"enemies":"3 Byrds","floor":18,"turns":5},{"damage":12,"enemies":"2 Thieves","floor":21,"turns":4},{"damage":32,"enemies":"Gremlin Leader","floor":23,"turns":2}],"seed_played":"-5950193090959615922","potions_obtained":[{"floor":6,"key":"DuplicationPotion"},{"floor":10,"key":"PowerPotion"},{"floor":13,"key":"ColorlessPotion"},{"floor":14,"key":"SteroidPotion"},{"floor":16,"key":"BloodPotion"}],"is_trial":false,"path_per_floor":["M","?","?","?","M","E","?","E","T","M","M","E","M","M","R","B",null,"M","?","?","M","$","E"],"character_chosen":"IRONCLAD","items_purchased":["Bag of Marbles","Finesse"],"campfire_rested":0,"item_purchase_floors":[22,22],"current_hp_per_floor":[53,53,58,58,62,39,39,20,20,20,15,19,23,23,23,28,67,50,50,29,27,27,0,0],"gold":317,"neow_bonus":"ONE_RARE_RELIC","is_daily":false,"chose_seed":false,"campfire_upgraded":1,"win_rate":0.0,"timestamp":1611175115,"path_taken":["M","?","?","?","?","E","?","E","T","M","?","E","M","M","R","BOSS","M","?","?","M","$","E"],"items_purchased_type":["Relic","Card"],"build_version":"2020-12-22","purchased_purges":1,"victory":false,"max_hp_per_floor":[75,75,80,80,80,80,80,80,80,80,80,80,80,80,80,80,80,80,80,80,80,80,80,80],"relic_stats":{"counters":[13,51],"Bird Faced Urn":[20],"Pen Nib":[6],"Question Card":9,"MawBank":156,"obtain_stats":[{"Anchor":12,"Bird Faced Urn":0,"Enchiridion":20,"Pen Nib":8,"Bag of Marbles":22,"Question Card":6,"MawBank":9,"Burning Blood":0,"WarpedTongs":4,"Runic Pyramid":17},{"Anchor":7,"Bird Faced Urn":0,"Enchiridion":11,"Pen Nib":4,"Bag of Marbles":12,"Question Card":3,"MawBank":4,"Burning Blood":0,"WarpedTongs":1,"Runic Pyramid":10},{"Anchor":28,"Bird Faced Urn":0,"Enchiridion":45,"Pen Nib":19,"Bag of Marbles":49,"Question Card":10,"MawBank":19,"Burning Blood":0,"WarpedTongs":4,"Runic Pyramid":40}],"Burning Blood":72,"WarpedTongs":[47]},"card_choices":[{"not_picked":["Heavy Blade","Bloodletting"],"picked":"Blood for Blood","floor":1},{"not_picked":["Thunderclap","True Grit"],"picked":"Carnage","floor":5},{"not_picked":["Evolve","Flex"],"picked":"Battle Trance","floor":6},{"not_picked":["Clash","Havoc","Demon Form","Carnage"],"picked":"SKIP","floor":8},{"not_picked":["Battle Trance","Clothesline","Heavy Blade","Pommel Strike"],"picked":"SKIP","floor":10},{"not_picked":["Clash","Pommel Strike","Whirlwind"],"picked":"Burning Pact","floor":11},{"not_picked":["Havoc","Ghostly Armor","Clothesline","True Grit"],"picked":"SKIP","floor":12},{"not_picked":["Headbutt","Pommel Strike","Flex"],"picked":"Dual Wield","floor":13},{"not_picked":["Heavy Blade","Dual Wield","Whirlwind"],"picked":"Evolve","floor":14},{"not_picked":["Perfected Strike","Anger","Shrug It Off"],"picked":"Disarm","floor":18},{"not_picked":["Uppercut","Iron Wave","Pommel Strike"],"picked":"Power Through+1","floor":21}],"player_experience":3478642,"relics_obtained":[{"floor":6,"key":"Question Card"},{"floor":8,"key":"Pen Nib"},{"floor":9,"key":"MawBank"},{"floor":12,"key":"Anchor"},{"floor":20,"key":"Enchiridion"}],"event_choices":[{"damage_healed":0,"gold_gain":0,"player_choice":"Grow","damage_taken":0,"max_hp_gain":0,"max_hp_loss":0,"event_name":"Living Wall","floor":2,"gold_loss":0,"cards_upgraded":["Blood for Blood"]},{"damage_healed":0,"gold_gain":0,"player_choice":"Donut","damage_taken":0,"max_hp_gain":5,"max_hp_loss":0,"event_name":"Big Fish","floor":3,"gold_loss":0},{"damage_healed":0,"gold_gain":0,"player_choice":"Rummage","damage_taken":0,"relics_obtained":["WarpedTongs"],"max_hp_gain":0,"max_hp_loss":0,"event_name":"Accursed Blacksmith","floor":4,"gold_loss":0,"cards_obtained":["Pain"]},{"damage_healed":0,"gold_gain":100,"player_choice":"Gold","damage_taken":0,"max_hp_gain":0,"max_hp_loss":0,"event_name":"Wheel of Change","floor":7,"gold_loss":0},{"damage_healed":0,"gold_gain":0,"player_choice":"Ignored","damage_taken":0,"max_hp_gain":0,"max_hp_loss":0,"event_name":"Ghosts","floor":19,"gold_loss":0},{"damage_healed":0,"gold_gain":0,"player_choice":"Obtained Book","damage_taken":21,"max_hp_gain":0,"max_hp_loss":0,"event_name":"Cursed Tome","floor":20,"gold_loss":0}],"is_beta":false,"boss_relics":[{"not_picked":["Velvet Choker","Mark of Pain"],"picked":"Runic Pyramid"}],"items_purged_floors":[22],"is_endless":false,"potions_floor_spawned":[6,10,13,14,16],"killed_by":"Gremlin Leader","ascension_level":20}}