{"host":"3ui03y3mxa3ndqsx","time":1611147959,"event":{"mods":["Act Like it!","BaseMod","Downfall","Minty Spire (QoL Compilation)","Quick Restart","StSLib","¡¾ÒÅÎï¿¨ÅÆ¡¿REMEMod"],"gold_per_floor":[114,114,129,142,104,104,104,143,143,143,156,189,189,222,222,302,302],"floor_reached":16,"language":"ZHS","playtime":600,"items_purged":[],"score":179,"play_id":"e52e8d11-b46b-47fd-aba1-297c6174940c","local_time":"20210120210559","is_ascension_mode":true,"campfire_choices":[{"data":"Cloak And Dagger","floor":6,"key":"SMITH"},{"data":"Storm of Steel","floor":10,"key":"SMITH"},{"data":"Dagger Spray","floor":13,"key":"SMITH"},{"data":"Cloak And Dagger","floor":15,"key":"SMITH"}],"circlet_count":0,"master_deck":["Strike_G","Strike_G","Strike_G","Strike_G","Defend_G","Defend_G","Defend_G","Defend_G","Defend_G","Survivor","Neutralize","Storm of Steel+1","REME_ShadowForm","Dagger Spray+1","Cloak And Dagger+1","Blade Dance","Infinite Blades","Cloak And Dagger+1"],"relics":["Ring of the Snake","REME_ComplimentaryCards","Golden Idol","White Beast Statue","Oddly Smooth Stone","Pocketwatch","Boot"],"acts_visited":["Exordium"],"potions_floor_usage":[3,3,8,8,8,12,12,14,16],"damage_taken":[{"damage":4,"enemies":"Jaw Worm","floor":1,"turns":4},{"damage":7,"enemies":"Small Slimes","floor":3,"turns":4},{"damage":0,"enemies":"2 Louse","floor":4,"turns":2},{"damage":6,"enemies":"3 Sentries","floor":8,"turns":4},{"damage":0,"enemies":"Blue Slaver","floor":11,"turns":2},{"damage":0,"enemies":"Gremlin Nob","floor":12,"turns":2},{"damage":11,"enemies":"3 Sentries","floor":14,"turns":6},{"damage":44,"enemies":"The Guardian","floor":16,"turns":8}],"seed_played":"-2913738210827432887","potions_obtained":[{"floor":1,"key":"EntropicBrew"},{"floor":4,"key":"Explosive Potion"},{"floor":8,"key":"DistilledChaos"},{"floor":11,"key":"Fire Potion"},{"floor":12,"key":"LiquidMemories"},{"floor":14,"key":"ColorlessPotion"}],"is_trial":false,"path_per_floor":["M","?","M","M","?","R","?","E","T","R","M","E","R","E","R","B"],"character_chosen":"THE_SILENT","items_purchased":[],"campfire_rested":0,"item_purchase_floors":[],"current_hp_per_floor":[66,65,58,58,58,58,58,52,52,52,52,52,52,41,41,0,0],"gold":302,"neow_bonus":"TRANSFORM_CARD","is_daily":false,"chose_seed":false,"campfire_upgraded":4,"win_rate":0.0,"timestamp":1611147959,"path_taken":["M","?","M","M","?","R","?","E","T","R","M","E","R","E","R","BOSS"],"items_purchased_type":[],"build_version":"2020-12-22","purchased_purges":0,"victory":false,"max_hp_per_floor":[70,65,65,65,65,65,65,65,65,65,65,65,65,65,65,65,65],"card_choices":[{"not_picked":["Deadly Poison","Flying Knee","Tactician"],"picked":"SKIP","floor":1},{"not_picked":["Dagger Spray","Backstab","Flying Knee"],"picked":"SKIP","floor":3},{"not_picked":["Backstab","Flying Knee"],"picked":"Dagger Spray","floor":3},{"not_picked":["Skewer","Bouncing Flask"],"picked":"Cloak And Dagger","floor":4},{"not_picked":["Underhanded Strike","Night Terror"],"picked":"Blade Dance","floor":8},{"not_picked":["Catalyst","Leg Sweep"],"picked":"Infinite Blades","floor":11},{"not_picked":["Flying Knee","Deflect","Outmaneuver"],"picked":"SKIP","floor":12},{"not_picked":["Dash","Corpse Explosion"],"picked":"Cloak And Dagger","floor":14}],"player_experience":214663,"relics_obtained":[{"floor":8,"key":"White Beast Statue"},{"floor":9,"key":"Oddly Smooth Stone"},{"floor":12,"key":"Pocketwatch"},{"floor":14,"key":"Boot"}],"event_choices":[{"damage_healed":0,"gold_gain":0,"player_choice":"Lose Max HP","damage_taken":0,"relics_obtained":["Golden Idol"],"max_hp_gain":0,"max_hp_loss":5,"event_name":"Golden Idol","floor":2,"gold_loss":0},{"damage_healed":0,"gold_gain":0,"player_choice":"Left Gold","damage_taken":0,"max_hp_gain":0,"max_hp_loss":0,"event_name":"World of Goop","floor":5,"gold_loss":38},{"damage_healed":0,"gold_gain":0,"player_choice":"Ignored","damage_taken":0,"max_hp_gain":0,"max_hp_loss":0,"event_name":"Liars Game","floor":7,"gold_loss":0}],"is_beta":false,"boss_relics":[],"items_purged_floors":[],"is_endless":false,"potions_floor_spawned":[1,4,8,11,12,14],"killed_by":"The Guardian","ascension_level":5}}