{"host":"Teixeira","time":1611171201,"event":{"mods":["2.2 Compatiblity","AchievementEnabler","Aspiration","BaseMod","Better Match","Better Note","Better Sensory Stone","Better Skull","Better Third Choice","Colored Map","Colored Powertips","Downfall","Hermit","Hubris","Infinite Spire","Minty Spire (QoL Compilation)","Permanent Neow","Quick Restart","Rare Cards Sparkle","Relic Filter","Spicy Shops","StS++","StSLib","SuperFastMode"],"gold_per_floor":[99,114,114,135,155,190,214,253,274,274,293,311,1,20,44,44,44,44],"floor_reached":16,"language":"ENG","playtime":1047,"items_purged":[],"score":141,"play_id":"4848b51b-9eaf-435e-b584-14c156e4bfd3","local_time":"20210120163321","is_ascension_mode":false,"campfire_choices":[{"data":"bronze:Goto","floor":1.0,"key":"SMITH"}],"circlet_count":0,"master_deck":["bronze:Strike","bronze:Strike","bronze:Strike","bronze:Strike","bronze:Defend","bronze:Defend","bronze:Defend","bronze:Defend","bronze:Replicate","bronze:Goto+1","bronze:WhirlingStrike","bronze:CloningBeam","bronze:WhirlingStrike","bronze:ForceShield","bronze:Shell+1","bronze:Flail"],"relics":["bronze:BronzeCore","PreservedInsect","Golden Idol","hubris:Towel","hubris:SphereOfDissonance","Bag of Preparation","hubris:PeanutButter","Sling","infinitespire:PuzzleCube"],"acts_visited":["Exordium"],"potions_floor_usage":[16,16,16],"damage_taken":[{"damage":1.0,"enemies":"Jaw Worm","floor":2.0,"turns":3.0},{"damage":0.0,"enemies":"2 Louse","floor":4.0,"turns":2.0},{"damage":1.0,"enemies":"Cultist","floor":5.0,"turns":3.0},{"damage":12.0,"enemies":"3 Sentries","floor":6.0,"turns":6.0},{"damage":0.0,"enemies":"Gremlin Nob","floor":8.0,"turns":2.0},{"damage":0.0,"enemies":"Lots of Slimes","floor":9.0,"turns":1.0},{"damage":3.0,"enemies":"Exordium Wildlife","floor":11.0,"turns":2.0},{"damage":0.0,"enemies":"Blue Slaver","floor":12.0,"turns":1.0},{"damage":2.0,"enemies":"downfall:FleeingMerchant","floor":13.0,"turns":4.0},{"damage":2.0,"enemies":"Exordium Thugs","floor":14.0,"turns":4.0},{"damage":0.0,"enemies":"Large Slime","floor":15.0,"turns":3.0},{"damage":104,"enemies":"DF_ARCHETYPE_STREAMLINE","floor":16,"turns":14}],"seed_played":"-6687872305266681080","potions_obtained":[{"floor":2.0,"key":"Block Potion"},{"floor":8.0,"key":"hexamod:SoulburnPotion"},{"floor":11.0,"key":"AttackPotion"}],"is_trial":false,"path_per_floor":["R","M","?","M","M","E","T","E","M","?","M","M","$","M","M","B"],"character_chosen":"THE_AUTOMATON","items_purchased":["Sling","infinitespire:PuzzleCube"],"campfire_rested":0,"item_purchase_floors":[13,13],"current_hp_per_floor":[70,69,69,69,68,56,56,56,56,56,53,53,51,49,49,0,0,0],"gold":44,"neow_bonus":"RANDOM_COMMON_RELIC","is_daily":false,"chose_seed":false,"campfire_upgraded":1,"win_rate":0.0,"timestamp":1611171201,"path_taken":["R","M","?","M","M","E","T","E","M","?","M","M","$","M","M","BOSS"],"items_purchased_type":["Relic","Relic"],"build_version":"2020-11-17","purchased_purges":0,"victory":false,"max_hp_per_floor":[70,70,70,70,70,70,70,70,70,70,70,70,70,70,70,70,70,70],"card_choices":[{"not_picked":["bronze:Constructor","bronze:DelayedSlice"],"picked":"bronze:WhirlingStrike","floor":2.0},{"not_picked":["bronze:Invalidate","bronze:Constructor","bronze:Backtrace"],"picked":"SKIP","floor":4.0},{"not_picked":["bronze:Invalidate","bronze:DarkDash"],"picked":"bronze:CloningBeam","floor":5.0},{"not_picked":["bronze:Backtrace","bronze:Iterate","bronze:Separator"],"picked":"SKIP","floor":6.0},{"not_picked":["bronze:BuggyMess","bronze:CutThrough"],"picked":"bronze:WhirlingStrike","floor":8.0},{"not_picked":["bronze:Shield","bronze:Turbo"],"picked":"bronze:ForceShield","floor":9.0},{"not_picked":["bronze:DigitalCarnage","bronze:BronzeArmor","bronze:Constructor"],"picked":"SKIP","floor":11.0},{"not_picked":["bronze:FineTuning","bronze:Safeguard","bronze:CloningBeam"],"picked":"SKIP","floor":12.0},{"not_picked":["bronze:FineTuning","bronze:Safeguard","bronze:CloningBeam"],"picked":"SKIP","floor":12.0},{"not_picked":["bronze:Allocate","bronze:Return"],"picked":"bronze:Flail","floor":13.0},{"not_picked":["bronze:Shield","bronze:Turbo","bronze:BitShift"],"picked":"SKIP","floor":14.0},{"not_picked":["bronze:Constructor","bronze:CutThrough","bronze:Optimize"],"picked":"SKIP","floor":15.0}],"player_experience":134975,"relics_obtained":[{"floor":6.0,"key":"hubris:SphereOfDissonance"},{"floor":7.0,"key":"Bag of Preparation"},{"floor":8.0,"key":"hubris:PeanutButter"}],"event_choices":[{"cards_removed":["bronze:Goto"],"damage_healed":0.0,"max_hp_gain":0.0,"max_hp_loss":0.0,"gold_gain":0.0,"event_name":"betterNote:BetterNote","player_choice":"Take \u0026 Give","floor":10.0,"gold_loss":0.0,"damage_taken":0.0,"cards_obtained":["bronze:Shell"]}],"is_beta":true,"boss_relics":[],"items_purged_floors":[],"is_endless":false,"potions_floor_spawned":[2,8,11,12,15],"killed_by":"DF_ARCHETYPE_STREAMLINE","ascension_level":0}}