{"host":"njb27ds59h4j3ikk","time":1611162688,"event":{"mods":["AchievementEnabler","BaseMod","Better Altar","Better Match","Better Note","Better Sensory Stone","Better Skull","Better Third Choice","BetterRewards","Downfall","Hermit","Hubris","Minty Spire (QoL Compilation)","Permanent Neow","Quarter Circle Forward PUNCH!","Quick Restart","Rare Cards Sparkle","Shop Mod","StSLib","Trackpad","Transform Curses"],"gold_per_floor":[99,110,140,140,150,163,163,175,175,186,186,186,196,38,52,154,154,154,164,3,3,19,19,19,4,18,41,53,53,53,73,88,187,187,187,197,207,207,378,393,393,410,424,443,62,62,28,38,53,53,53,53],"floor_reached":50,"language":"ENG","playtime":2877,"items_purged":[],"score":466,"play_id":"8ac11b09-311b-4f66-ae0b-216a30780006","local_time":"20210120121128","is_ascension_mode":false,"campfire_choices":[{"data":"bronze:WhirlingStrike","floor":1.0,"key":"SMITH"},{"floor":9.0,"key":"REST"},{"data":"bronze:FineTuning","floor":18.0,"key":"SMITH"},{"floor":30,"key":"REST"},{"data":"bronze:ChosenStrike","floor":35,"key":"SMITH"},{"floor":46,"key":"REST"}],"circlet_count":0,"master_deck":["bronze:Strike","bronze:Strike","bronze:Strike","bronze:Strike","bronze:Defend","bronze:Defend","bronze:Defend","bronze:Defend","bronze:Replicate","bronze:Goto","bronze:WhirlingStrike+1","bronze:BuggyMess+1","bronze:Optimize","bronze:DelayedSlice+1","bronze:CutThrough","bronze:Branch","bronze:DelayedGuard","bronze:Flail","bronze:FineTuning+1","bronze:BurnOut","CurseOfTheBell","bronze:BronzeOrb","bronze:BuggyMess","Pain","bronze:Overheat+1","bronze:Replicate+1","bronze:ChosenStrike+1","Guardian:GemFinder","Guardian:Gem_Cyan","bronze:GetLatest+1","bronze:ChosenStrike+1","bronze:Shield","Guardian:Gem_Lightblue","bronze:Mutator","Guardian:Gem_Lightblue","bronze:Deprecate","bronze:WildBeam+1","bronze:DelayedSlice+1","bronze:FineTuning","bronze:Overload+1","bronze:Invalidate+1","bronze:Repair+1","bronze:Optimize+1","Dramatic Entrance","bronze:Safeguard","bronze:ItsAFeature+1","Guardian:VentSteam"],"relics":["bronze:PlatinumCore","Bag of Marbles","Kunai","Pantograph","hubris:TenFootPole","Calling Bell","Oddly Smooth Stone","HornCleat","hubris:Spice","trackpad:PetRock","WarpedTongs","hubris:DisguiseKit","trackpad:IceCube","MutagenicStrength","Spirit Poop","HandDrill","Guardian:PocketSentry","Strange Spoon"],"acts_visited":["Exordium","TheCity","TheBeyond"],"potions_floor_usage":[33,50,50],"damage_taken":[{"damage":12.0,"enemies":"2 Louse","floor":2.0,"turns":2.0},{"damage":8.0,"enemies":"Jaw Worm","floor":5.0,"turns":3.0},{"damage":1.0,"enemies":"Small Slimes","floor":6.0,"turns":3.0},{"damage":17.0,"enemies":"Blue Slaver","floor":8.0,"turns":3.0},{"damage":8.0,"enemies":"2 Fungi Beasts","floor":10.0,"turns":3.0},{"damage":0.0,"enemies":"Gremlin Gang","floor":13.0,"turns":2.0},{"damage":1.0,"enemies":"downfall:FleeingMerchant","floor":14.0,"turns":4.0},{"damage":4.0,"enemies":"Blue Slaver","floor":15.0,"turns":2.0},{"damage":25.0,"enemies":"DF_ARCHETYPE_STREAMLINE","floor":16.0,"turns":6.0},{"damage":17.0,"enemies":"Spheric Guardian","floor":19.0,"turns":4.0},{"damage":3.0,"enemies":"downfall:FleeingMerchant","floor":20.0,"turns":4.0},{"damage":20.0,"enemies":"Snake Plant","floor":22.0,"turns":4.0},{"damage":6,"enemies":"downfall:FleeingMerchant","floor":25,"turns":4},{"damage":8,"enemies":"Shelled Parasite and Fungi","floor":26,"turns":2},{"damage":8,"enemies":"Chosen and Byrds","floor":28,"turns":4},{"damage":0,"enemies":"Snake Plant","floor":31,"turns":2},{"damage":0,"enemies":"Centurion and Healer","floor":32,"turns":3},{"damage":25,"enemies":"WA_ARCHETYPE_CALM","floor":33,"turns":5},{"damage":11,"enemies":"3 Shapes","floor":36,"turns":2},{"damage":4,"enemies":"3 Darklings","floor":37,"turns":2},{"damage":7,"enemies":"downfall:FleeingMerchant","floor":39,"turns":3},{"damage":0,"enemies":"4 Shapes","floor":40,"turns":2},{"damage":0,"enemies":"Writhing Mass","floor":42,"turns":3},{"damage":0,"enemies":"Jaw Worm Horde","floor":43,"turns":1},{"damage":42,"enemies":"Transient","floor":44,"turns":5},{"damage":5,"enemies":"4 Shapes","floor":48,"turns":2},{"damage":8,"enemies":"3 Darklings","floor":49,"turns":3},{"damage":261,"enemies":"IC_BLOCK_ARCHETYPE","floor":50,"turns":6}],"seed_played":"4462883024085510416","potions_obtained":[{"floor":2.0,"key":"SteroidPotion"},{"floor":8.0,"key":"DuplicationPotion"},{"floor":10.0,"key":"EssenceOfSteel"},{"floor":22.0,"key":"Swift Potion"},{"floor":26,"key":"Swift Potion"},{"floor":28,"key":"Ancient Potion"},{"floor":32,"key":"PowerPotion"},{"floor":37,"key":"Explosive Potion"},{"floor":44,"key":"FairyPotion"}],"is_trial":false,"path_per_floor":["R","M","?","?","M","M","T","M","R","M","?","?","M","$","M","B",null,"R","M","$","?","M","?","T","$","M","T","M","?","R","M","M","B",null,"R","M","M","?","$","M","T","M","M","M","$","R","$","M","M","B"],"character_chosen":"THE_AUTOMATON","items_purchased":["hubris:TenFootPole","trackpad:PetRock","bronze:FineTuning","HandDrill","Guardian:PocketSentry","Dramatic Entrance","Strange Spoon","bronze:Safeguard"],"campfire_rested":3,"item_purchase_floors":[14,20,39,39,45,45,45,47],"current_hp_per_floor":[70,58,58,58,50,49,49,32,53,45,45,45,45,44,40,40,78,78,61,58,58,38,38,38,32,24,24,16,16,39,39,39,39,78,78,67,63,63,56,56,56,56,56,14,14,37,37,32,34,0,0,0],"gold":53,"neow_bonus":"THREE_CARDS","is_daily":false,"chose_seed":false,"campfire_upgraded":3,"win_rate":0.0,"timestamp":1611162688,"path_taken":["R","M","?","?","M","M","T","M","R","M","?","?","M","$","M","BOSS","R","M","?","?","M","?","T","$","M","?","?","?","R","M","M","BOSS","R","M","M","?","$","M","T","?","M","M","?","R","$","?","M","BOSS"],"items_purchased_type":["Relic","Relic","Card","Relic","Relic","Card","Relic","Card"],"build_version":"2020-12-22","purchased_purges":0,"victory":false,"max_hp_per_floor":[70,70,70,70,70,70,70,70,70,70,70,70,70,70,70,70,78,78,78,78,78,78,78,78,78,78,78,78,78,78,78,78,78,78,78,78,78,78,78,78,78,78,78,78,78,78,78,78,78,78,78,78],"card_choices":[{"not_picked":["bronze:BugBarrage","bronze:DarkDash"],"picked":"bronze:WhirlingStrike","floor":0.0},{"not_picked":["bronze:FollowUp","bronze:WhirlingStrike"],"picked":"bronze:BuggyMess","floor":2.0},{"not_picked":["bronze:DelayedGuard","bronze:Invalidate"],"picked":"bronze:Optimize","floor":5.0},{"not_picked":["bronze:WhirlingStrike","bronze:DigitalCarnage"],"picked":"bronze:DelayedSlice","floor":6.0},{"not_picked":["bronze:HardenedForm","bronze:BitShift"],"picked":"bronze:CutThrough","floor":8.0},{"not_picked":["bronze:Deprecate","bronze:Overheat"],"picked":"bronze:Branch","floor":10.0},{"not_picked":["bronze:Invalidate","bronze:WhirlingStrike"],"picked":"bronze:DelayedGuard","floor":13.0},{"not_picked":["bronze:Backtrace","bronze:Deprecate"],"picked":"bronze:Flail","floor":14.0},{"not_picked":["bronze:Overheat","bronze:ThunderWave"],"picked":"bronze:FineTuning","floor":15.0},{"not_picked":["bronze:RecursiveStrike","bronze:CleanCode"],"picked":"bronze:BurnOut","floor":16.0},{"not_picked":["bronze:CutThrough","bronze:DarkDash"],"picked":"bronze:BronzeOrb","floor":19.0},{"not_picked":["bronze:WhirlingStrike+1","bronze:BitShift+1"],"picked":"bronze:BuggyMess","floor":20.0},{"not_picked":["bronze:Allocate","bronze:Return"],"picked":"bronze:Overheat+1","floor":22.0},{"not_picked":["bronze:ForceShield","bronze:Branch+1","Guardian:VentSteam"],"picked":"bronze:ChosenStrike+1","floor":25},{"not_picked":["bronze:Philosophize","bronze:Frontload","bronze:Repair+1"],"picked":"Guardian:GemFinder","floor":26},{"not_picked":["Guardian:Gem_Red","Guardian:Gem_Lightblue"],"picked":"Guardian:Gem_Cyan","floor":28},{"not_picked":["bronze:CutThrough+1","bronze:BitShift","Guardian:GemFire"],"picked":"bronze:GetLatest+1","floor":28},{"not_picked":["bronze:Deprecate","bronze:Frontload","Guardian:ChargeCore"],"picked":"bronze:ChosenStrike","floor":31},{"not_picked":["bronze:SpaghettiCode","bronze:Overheat","Guardian:TemporalShield"],"picked":"bronze:Shield","floor":32},{"not_picked":["Guardian:Gem_Green","Guardian:Gem_Red"],"picked":"Guardian:Gem_Lightblue","floor":33},{"not_picked":["bronze:Break","bronze:HardenedForm","Guardian:GemFinder"],"picked":"bronze:Mutator","floor":33},{"not_picked":["Guardian:Gem_Red","Guardian:Gem_Green"],"picked":"Guardian:Gem_Lightblue","floor":36},{"not_picked":["bronze:Flail","bronze:DigitalCarnage","Guardian:MultiBeam"],"picked":"bronze:Deprecate","floor":36},{"not_picked":["bronze:CutThrough","bronze:MaxOutput+1","Guardian:Gem_Blue"],"picked":"bronze:WildBeam+1","floor":37},{"not_picked":["bronze:RecursiveStrike","bronze:BuggyMess","Guardian:ShieldSpikes"],"picked":"bronze:DelayedSlice+1","floor":39},{"not_picked":["bronze:Shield+1","bronze:Safeguard","Guardian:Reroute"],"picked":"bronze:Overload+1","floor":40},{"not_picked":["bronze:Branch","bronze:WhirlingStrike+1","Guardian:Harden"],"picked":"bronze:Invalidate+1","floor":42},{"not_picked":["bronze:Turbo+1","bronze:Invalidate+1","Guardian:Gem_Crimson"],"picked":"bronze:Repair+1","floor":43},{"not_picked":["bronze:Fortify+1","bronze:DelayedSlice","Guardian:BodySlam"],"picked":"bronze:Optimize+1","floor":44},{"not_picked":["bronze:BitShift","bronze:Iterate+1","Guardian:ChargeUp"],"picked":"bronze:ItsAFeature+1","floor":48},{"not_picked":["bronze:NullPointer+1","bronze:ForLoop+1","bronze:ThunderWave"],"picked":"Guardian:VentSteam","floor":49}],"player_experience":1261795,"relics_obtained":[{"floor":7.0,"key":"Pantograph"},{"floor":17.0,"key":"Oddly Smooth Stone"},{"floor":17.0,"key":"HornCleat"},{"floor":17.0,"key":"hubris:Spice"},{"floor":24.0,"key":"hubris:DisguiseKit"},{"floor":27,"key":"trackpad:IceCube"}],"event_choices":[{"damage_healed":0.0,"max_hp_gain":0.0,"max_hp_loss":0.0,"gold_gain":0.0,"event_name":"Big Fish","player_choice":"Box","floor":4.0,"gold_loss":0.0,"damage_taken":0.0,"relics_obtained":["Kunai"],"cards_obtained":["Regret"]},{"cards_removed":["bronze:DelayedSlice"],"damage_healed":0.0,"max_hp_gain":0.0,"max_hp_loss":0.0,"gold_gain":0.0,"event_name":"betterNote:BetterNote","player_choice":"Take \u0026 Give","floor":23.0,"gold_loss":0.0,"damage_taken":0.0,"cards_obtained":["bronze:Replicate"]},{"damage_healed":0,"gold_gain":0,"player_choice":"Inject Mutagens","damage_taken":0,"relics_obtained":["MutagenicStrength"],"max_hp_gain":0,"max_hp_loss":0,"event_name":"Drug Dealer","floor":29,"gold_loss":0},{"cards_removed":["Regret"],"damage_healed":0,"gold_gain":0,"player_choice":"Offered Curse","damage_taken":0,"relics_obtained":["Spirit Poop"],"max_hp_gain":0,"max_hp_loss":0,"event_name":"Bonfire Elementals","floor":38,"gold_loss":0}],"is_beta":false,"boss_relics":[{"not_picked":["qcfpunch:Dark_Gi","Snecko Eye"],"picked":"Calling Bell"},{"not_picked":["hubris:Spice","Fusion Hammer"],"picked":"bronze:PlatinumCore"}],"items_purged_floors":[],"is_endless":false,"potions_floor_spawned":[2,8,10,15,22,26,28,31,32,37,40,42,44],"killed_by":"IC_BLOCK_ARCHETYPE","ascension_level":0}}