{"host":"gqhy17d1xpb1p3ki","time":1611115709,"event":{"mods":["BaseMod","Colored Map","Downfall","Hermit","Marisa????????","Minty Spire (QoL Compilation)","StSLib","The Animator","The Cursed","The Servant 0.9.4"],"gold_per_floor":[99,111,111,111,125,125,125,125,35,51,36,47,47,65,81,186,236,236,248,85,105,105,118,165,165,197,213,213,313,313,413,427,523,523,523,535,549,567,578,578,604,271,285,296,296,308,308,328,342,342],"floor_reached":51,"language":"ENG","playtime":4680,"items_purged":["Regret"],"score":765,"play_id":"02ff2a1d-4a38-4792-9561-c6357791d48d","local_time":"20210119230829","is_ascension_mode":false,"campfire_choices":[{"data":"bronze:Replicate","floor":1,"key":"SMITH"},{"data":"bronze:CutThrough","floor":6,"key":"SMITH"},{"data":"bronze:Goto","floor":8,"key":"SMITH"},{"data":"bronze:FineTuning","floor":13,"key":"SMITH"},{"data":"bronze:ChosenStrike","floor":18,"key":"SMITH"},{"data":"bronze:Optimize","floor":25,"key":"SMITH"},{"data":"bronze:DecaBeam","floor":30,"key":"SMITH"},{"data":"bronze:HardenedForm","floor":35,"key":"SMITH"},{"data":"bronze:BitShift","floor":40,"key":"SMITH"},{"data":"bronze:Invalidate","floor":45,"key":"SMITH"},{"data":"bronze:Shell","floor":47,"key":"SMITH"}],"circlet_count":0,"master_deck":["bronze:Strike+1","bronze:Strike+1","bronze:Strike+1","bronze:Strike+1","bronze:Defend+1","bronze:Defend+1","bronze:Defend+1","bronze:Defend+1","bronze:Replicate+1","bronze:Goto+1","bronze:ChosenStrike+1","bronze:CutThrough+1","bronze:FineTuning+1","bronze:FollowUp","bronze:CloningBeam","bronze:ChildClass","bronze:DelayedGuard","bronze:Frontload","bronze:Format","bronze:DelayedGuard","bronze:GetLatest+1","bronze:WhirlingStrike","bronze:Optimize+1","bronze:MaxOutput","bronze:Shell+1","bronze:ForceShield","bronze:Branch","bronze:DecaBeam+1","bronze:ChildClass+1","bronze:HardenedForm+1","bronze:Safeguard+1","bronze:WhirlingStrike+1","bronze:BitShift+1","bronze:Iterate+1","animator:Curse_Greed","bronze:BronzeOrb","bronze:Invalidate+1","bronze:Shield+1","bronze:BronzeArmor+1"],"relics":["bronze:BronzeCore","Shuriken","Pantograph","Tiny House","Letter Opener","Lee\u0027s Waffle","bronze:ProtectiveGoggles","FossilizedHelix","Cursed Key","Juzu Bracelet"],"acts_visited":["Exordium","TheCity","TheBeyond"],"potions_floor_usage":[33],"damage_taken":[{"damage":2,"enemies":"Small Slimes","floor":2,"turns":4},{"damage":14,"enemies":"Jaw Worm","floor":5,"turns":4},{"damage":11,"enemies":"downfall:FleeingMerchant","floor":9,"turns":4},{"damage":3,"enemies":"2 Louse","floor":10,"turns":3},{"damage":5,"enemies":"downfall:FleeingMerchant","floor":11,"turns":4},{"damage":7,"enemies":"3 Louse","floor":12,"turns":3},{"damage":1,"enemies":"Exordium Wildlife","floor":14,"turns":2},{"damage":0,"enemies":"Large Slime","floor":15,"turns":2},{"damage":46,"enemies":"IC_STATUS_ARCHETYPE","floor":16,"turns":9},{"damage":0,"enemies":"Spheric Guardian","floor":19,"turns":2},{"damage":14,"enemies":"downfall:FleeingMerchant","floor":20,"turns":4},{"damage":1,"enemies":"Snake Plant","floor":21,"turns":2},{"damage":0,"enemies":"Cultist and Chosen","floor":23,"turns":3},{"damage":23,"enemies":"Slavers","floor":26,"turns":4},{"damage":1,"enemies":"Centurion and Healer","floor":27,"turns":7},{"damage":0,"enemies":"Centurion and Healer","floor":29,"turns":7},{"damage":0,"enemies":"Sentry and Sphere","floor":32,"turns":3},{"damage":0,"enemies":"SI_MIRROR_ARCHETYPE","floor":33,"turns":15},{"damage":0,"enemies":"3 Darklings","floor":36,"turns":4},{"damage":0,"enemies":"Orb Walker","floor":37,"turns":2},{"damage":0,"enemies":"Transient","floor":38,"turns":5},{"damage":0,"enemies":"Spire Growth","floor":39,"turns":5},{"damage":28,"enemies":"Jaw Worm Horde","floor":43,"turns":6},{"damage":4,"enemies":"4 Shapes","floor":44,"turns":2},{"damage":0,"enemies":"3 Darklings","floor":46,"turns":2},{"damage":0,"enemies":"Transient","floor":48,"turns":5},{"damage":23,"enemies":"Sphere and 2 Shapes","floor":49,"turns":4},{"damage":27,"enemies":"WA_ARCHETYPE_DIVINITY","floor":50,"turns":15}],"seed_played":"5329491678884366429","potions_obtained":[{"floor":2,"key":"SkillPotion"},{"floor":5,"key":"EssenceOfSteel"},{"floor":14,"key":"Dexterity Potion"},{"floor":38,"key":"LiquidMemories"}],"is_trial":false,"path_per_floor":["R","M","?","?","M","R","T","R","$","M","$","M","R","M","M","B",null,"R","M","$","M","?","M","T","R","E","M","?","?","R","?","M","B",null,"R","M","M","M","M","R","T","?","M","M","R","M","R","M","M","B",null],"character_chosen":"THE_AUTOMATON","items_purchased":["bronze:WhirlingStrike","Letter Opener","Lee\u0027s Waffle","bronze:Optimize"],"campfire_rested":0,"item_purchase_floors":[20,20,20,20],"current_hp_per_floor":[77,75,75,75,61,61,61,61,50,47,42,35,35,34,34,13,82,82,82,89,88,88,88,88,88,65,64,64,89,89,89,89,89,89,89,89,89,89,89,89,89,100,72,68,68,68,68,68,45,43],"gold":342,"neow_bonus":"TEN_PERCENT_HP_BONUS","is_daily":false,"chose_seed":false,"campfire_upgraded":11,"win_rate":0.0,"timestamp":1611115709,"path_taken":["R","M","?","?","M","R","T","R","$","M","?","M","R","M","M","BOSS","R","M","$","M","?","M","T","R","E","M","?","?","R","?","M","BOSS","R","M","M","M","M","R","T","?","M","M","R","M","R","M","M","BOSS"],"items_purchased_type":["Card","Relic","Relic","Card"],"build_version":"2020-12-22","purchased_purges":1,"victory":true,"max_hp_per_floor":[77,77,77,77,77,77,77,77,77,77,77,77,77,77,77,77,82,82,82,89,89,89,89,89,89,89,89,89,89,89,89,89,89,89,89,89,89,89,89,89,89,100,100,100,100,100,100,100,100,100],"card_choices":[{"not_picked":["bronze:Philosophize","bronze:Optimize"],"picked":"bronze:ChosenStrike","floor":2},{"not_picked":["bronze:BronzeArmor","bronze:Shield"],"picked":"bronze:CutThrough","floor":5},{"not_picked":["bronze:Deprecate","bronze:FindAndReplace"],"picked":"bronze:FineTuning","floor":9},{"not_picked":["bronze:NullPointer","bronze:ChosenStrike"],"picked":"bronze:FollowUp","floor":10},{"not_picked":["bronze:Deprecate","bronze:Backtrace"],"picked":"bronze:CloningBeam","floor":11},{"not_picked":["bronze:CutThrough","bronze:BugBarrage"],"picked":"bronze:ChildClass","floor":12},{"not_picked":["bronze:BitShift","bronze:CutThrough"],"picked":"bronze:DelayedGuard","floor":14},{"not_picked":["bronze:BitShift","bronze:DelayedGuard"],"picked":"bronze:Frontload","floor":15},{"not_picked":["bronze:Break","bronze:AlphaBuild"],"picked":"bronze:Format","floor":16},{"not_picked":["bronze:Deprecate","bronze:OilSpill"],"picked":"bronze:DelayedGuard","floor":17},{"not_picked":["bronze:BuggyMess","bronze:Safeguard+1"],"picked":"bronze:GetLatest+1","floor":19},{"not_picked":["bronze:OilSpill","bronze:NullPointer","bronze:CloningBeam"],"picked":"SKIP","floor":20},{"not_picked":["bronze:BuggyMess+1","bronze:Deprecate"],"picked":"bronze:MaxOutput","floor":21},{"not_picked":["bronze:OilSpill","bronze:Flail+1"],"picked":"bronze:Shell","floor":23},{"not_picked":["bronze:DarkDash","bronze:Branch"],"picked":"bronze:ForceShield","floor":26},{"not_picked":["bronze:Break","bronze:BuggyMess"],"picked":"bronze:Branch","floor":27},{"not_picked":[],"picked":"bronze:DecaBeam","floor":29},{"not_picked":["bronze:Turbo","bronze:CutThrough"],"picked":"bronze:ChildClass+1","floor":29},{"not_picked":["bronze:BuggyMess","bronze:Turbo+1","bronze:Optimize+1"],"picked":"SKIP","floor":32},{"not_picked":["bronze:FindAndReplace","bronze:Format"],"picked":"bronze:HardenedForm","floor":33},{"not_picked":["bronze:Frontload","bronze:Overload+1"],"picked":"bronze:Safeguard+1","floor":36},{"not_picked":["bronze:Turbo+1","bronze:WildBeam"],"picked":"bronze:WhirlingStrike+1","floor":37},{"not_picked":["bronze:DelayedSlice+1","bronze:MaxOutput+1"],"picked":"bronze:BitShift","floor":38},{"not_picked":["bronze:FineTuning+1","bronze:DelayedSlice"],"picked":"bronze:Iterate+1","floor":39},{"not_picked":["bronze:CutThrough+1","bronze:WildBeam"],"picked":"bronze:BronzeOrb","floor":43},{"not_picked":["bronze:SpaghettiCode","bronze:DigitalCarnage+1"],"picked":"bronze:Invalidate","floor":44},{"not_picked":["bronze:BuggyMess+1","bronze:Invalidate"],"picked":"bronze:Shield+1","floor":46},{"not_picked":["bronze:DigitalCarnage+1","bronze:Invalidate","bronze:Overheat"],"picked":"SKIP","floor":48},{"not_picked":["bronze:DelayedGuard+1","bronze:CloningBeam"],"picked":"bronze:BronzeArmor+1","floor":49}],"player_experience":364880,"relics_obtained":[{"floor":7,"key":"Pantograph"},{"floor":24,"key":"bronze:ProtectiveGoggles"},{"floor":26,"key":"FossilizedHelix"},{"floor":41,"key":"Juzu Bracelet"}],"event_choices":[{"damage_healed":0,"gold_gain":0,"player_choice":"Box","damage_taken":0,"relics_obtained":["Shuriken"],"max_hp_gain":0,"max_hp_loss":0,"event_name":"Big Fish","floor":4,"gold_loss":0,"cards_obtained":["Regret"]},{"damage_healed":0,"gold_gain":0,"player_choice":"Ignored","damage_taken":0,"max_hp_gain":0,"max_hp_loss":0,"event_name":"Ghosts","floor":28,"gold_loss":0}],"is_beta":false,"boss_relics":[{"not_picked":["Runic Pyramid","Snecko Eye"],"picked":"Tiny House"},{"not_picked":["Fusion Hammer","SlaversCollar"],"picked":"Cursed Key"}],"items_purged_floors":[9],"is_endless":false,"potions_floor_spawned":[2,5,14,15,19,23,38,39,43,48],"ascension_level":0}}