{"host":"s5d39dhq0ddhxhke","time":1611135658,"event":{"mods":["AchievementEnabler","BaseMod","Colored Map","Minty Spire (QoL Compilation)","SuperFastMode"],"gold_per_floor":[111,130,147,159,172,204,204,220,220,102,102,163,176,204,204,302,302,283,49,64,64,79,79,79],"floor_reached":23,"language":"ENG","playtime":813,"items_purged":[],"score":368,"play_id":"254bf979-38b2-4517-b945-a1048ff2e534","local_time":"20210120114058","is_ascension_mode":true,"campfire_choices":[{"floor":7,"key":"REST"},{"floor":11,"key":"REST"},{"floor":15,"key":"REST"}],"circlet_count":0,"master_deck":["AscendersBane","Strike_R","Strike_R","Strike_R","Strike_R","Strike_R","Defend_R","Defend_R","Defend_R","Defend_R","Bash","Fire Breathing","Pommel Strike","Wild Strike","Disarm","Reckless Charge","Flame Barrier","Shrug It Off"],"relics":["Mark of Pain","Sundial","The Courier","PreservedInsect","FossilizedHelix","Shuriken","SacredBark","ClockworkSouvenir","Anchor","MutagenicStrength"],"acts_visited":["Exordium","TheCity"],"potions_floor_usage":[6,14,18],"damage_taken":[{"damage":6,"enemies":"Cultist","floor":1,"turns":5},{"damage":7,"enemies":"Jaw Worm","floor":2,"turns":3},{"damage":3,"enemies":"2 Louse","floor":3,"turns":3},{"damage":25,"enemies":"Large Slime","floor":4,"turns":5},{"damage":9,"enemies":"Exordium Wildlife","floor":5,"turns":4},{"damage":15,"enemies":"3 Sentries","floor":6,"turns":4},{"damage":10,"enemies":"Gremlin Gang","floor":8,"turns":4},{"damage":28,"enemies":"Lagavulin Event","floor":12,"turns":4},{"damage":0,"enemies":"Looter","floor":13,"turns":2},{"damage":0,"enemies":"Gremlin Nob","floor":14,"turns":2},{"damage":37,"enemies":"The Guardian","floor":16,"turns":9},{"damage":17,"enemies":"2 Thieves","floor":18,"turns":4},{"damage":0,"enemies":"Chosen","floor":20,"turns":5},{"damage":12,"enemies":"Snake Plant","floor":22,"turns":4},{"damage":32,"enemies":"3 Cultists","floor":23,"turns":4}],"seed_played":"-4236932896860771282","potions_obtained":[{"floor":1,"key":"DistilledChaos"},{"floor":12,"key":"Strength Potion"},{"floor":13,"key":"Swift Potion"},{"floor":14,"key":"ElixirPotion"},{"floor":16,"key":"BloodPotion"},{"floor":18,"key":"DistilledChaos"}],"is_trial":false,"path_per_floor":["M","M","M","M","M","E","R","M","T","$","R","?","M","E","R","B",null,"M","$","M","?","M","M"],"character_chosen":"IRONCLAD","items_purchased":["PreservedInsect","ClockworkSouvenir","Anchor"],"campfire_rested":3,"item_purchase_floors":[10,19,19],"current_hp_per_floor":[66,59,56,31,22,7,31,21,21,21,45,17,17,17,41,4,61,44,44,44,44,32,0,0],"gold":79,"neow_bonus":"BOSS_RELIC","is_daily":false,"chose_seed":false,"campfire_upgraded":0,"win_rate":0.0,"timestamp":1611135658,"path_taken":["M","M","M","M","?","E","R","M","T","$","R","?","M","E","R","BOSS","M","$","M","?","M","M"],"items_purchased_type":["Relic","Relic","Relic"],"build_version":"2020-12-22","purchased_purges":0,"victory":false,"max_hp_per_floor":[80,80,80,80,80,80,80,80,80,80,80,80,80,80,80,80,80,80,80,80,80,80,80,80],"card_choices":[{"not_picked":["Entrench","Heavy Blade"],"picked":"Fire Breathing","floor":1},{"not_picked":["True Grit","Headbutt"],"picked":"Pommel Strike","floor":2},{"not_picked":["Thunderclap","Flex","Searing Blow"],"picked":"SKIP","floor":3},{"not_picked":["Heavy Blade","Headbutt","Sentinel"],"picked":"SKIP","floor":4},{"not_picked":["Carnage","Shrug It Off"],"picked":"Wild Strike","floor":5},{"not_picked":["Dropkick","Searing Blow","Exhume"],"picked":"SKIP","floor":6},{"not_picked":["Headbutt","Thunderclap","Twin Strike"],"picked":"SKIP","floor":8},{"not_picked":["Clothesline","Searing Blow"],"picked":"Disarm","floor":12},{"not_picked":["Second Wind","Iron Wave","Body Slam"],"picked":"SKIP","floor":13},{"not_picked":["Blood for Blood","Sword Boomerang"],"picked":"Reckless Charge","floor":14},{"not_picked":["True Grit+1","Fire Breathing"],"picked":"Flame Barrier","floor":18},{"not_picked":["Armaments","Spot Weakness","Anger"],"picked":"SKIP","floor":20},{"not_picked":["Pommel Strike","Anger"],"picked":"Shrug It Off","floor":22}],"player_experience":446396,"relics_obtained":[{"floor":6,"key":"Sundial"},{"floor":9,"key":"The Courier"},{"floor":12,"key":"FossilizedHelix"},{"floor":14,"key":"Shuriken"}],"event_choices":[{"damage_healed":0,"gold_gain":30,"player_choice":"Searched \u00273\u0027 times","damage_taken":0,"max_hp_gain":0,"max_hp_loss":0,"event_name":"Dead Adventurer","floor":12,"gold_loss":0},{"damage_healed":0,"gold_gain":0,"player_choice":"Inject Mutagens","damage_taken":0,"relics_obtained":["MutagenicStrength"],"max_hp_gain":0,"max_hp_loss":0,"event_name":"Drug Dealer","floor":21,"gold_loss":0}],"is_beta":false,"boss_relics":[{"not_picked":["Busted Crown","Pandora\u0027s Box"],"picked":"SacredBark"}],"items_purged_floors":[],"is_endless":false,"potions_floor_spawned":[1,12,13,14,16,18],"killed_by":"3 Cultists","ascension_level":12}}