{"host":"m7jrdcbl89w2s34c","time":1611167516,"event":{"mods":["AchievementEnabler","BaseMod","Colored Map","Downfall","Minty Spire (QoL Compilation)","Permanent Neow","StSLib"],"gold_per_floor":[99,119,29,88,99,126,152,152,165,195,95,110,135,285,300,399,399,199,211,230,230,89,115,138,166,13,13,39,39,68,24,38,146,146,146,170,170,270,295,314,365,400,68,104,149,181,204,253,292,304,316,353,70,70,70,70],"floor_reached":57,"language":"ENG","playtime":9185,"items_purged":["champ:Strike","champ:Strike","champ:Strike","champ:Strike"],"score":1874,"play_id":"67985699-008f-47dd-a2fd-b75655d3b92e","local_time":"20210120193156","is_ascension_mode":true,"campfire_choices":[{"data":"Apotheosis","floor":1,"key":"SMITH"},{"floor":11,"key":"RECALL"},{"floor":18,"key":"REST"},{"floor":35,"key":"REST"},{"floor":54,"key":"REST"}],"circlet_count":0,"master_deck":["champ:Defend","champ:Defend","champ:Defend","champ:Defend","champ:Execute","champ:Taunt+1","Apotheosis+1","champ:IronFortress","champ:DefensiveShout","champ:BringItOn+1","champ:FlashCut","champ:ShieldWall","champ:AdrenalArmor","champ:Improvising","champ:Haymaker","champ:Haymaker","RitualDagger","champ:Endure+1","champ:DefensiveShout","champ:ShieldWall+1","champ:Backstep","champ:ShieldWall+1","champ:StanceDance","champ:HoldFirm","champ:EnGarde","champ:ShieldThrow","champ:TornadoPunch","champ:Lariat+1","expansioncontent:QuickStudy","champ:Circumvent","champ:FancyFootwork","champ:Lariat+1","champ:Circumvent","champ:FlashCut+1","champ:ShieldThrow"],"relics":["champ:ChampionCrown","Omamori","War Paint","MealTicket","downfall:HeartBlessingBlue","Fusion Hammer","downfall:HeartBlessingGreen","downfall:HeartBlessingRed","Frozen Egg 2","CeramicFish","Happy Flower","sneckomod:BabySnecko","Pear","downfall:RedIOU","Busted Crown","Toy Ornithopter","Bronze Scales","Mercury Hourglass","Anchor","Question Card","CaptainsWheel","MawBank","Nunchaku","champ:DefensiveTrainingManual","DollysMirror","Art of War"],"acts_visited":["TheCity","TheBeyond","TheEnding"],"potions_floor_usage":[16,23,25,28,30,52,55,56],"damage_taken":[{"damage":0,"enemies":"Cultist","floor":2,"turns":4},{"damage":10,"enemies":"downfall:FleeingMerchant","floor":3,"turns":4},{"damage":29,"enemies":"3 Sentries","floor":4,"turns":10},{"damage":5,"enemies":"Small Slimes","floor":5,"turns":3},{"damage":0,"enemies":"Lagavulin","floor":6,"turns":7},{"damage":0,"enemies":"2 Louse","floor":9,"turns":2},{"damage":17,"enemies":"Gremlin Nob","floor":10,"turns":4},{"damage":1,"enemies":"Blue Slaver","floor":12,"turns":4},{"damage":11,"enemies":"3 Sentries","floor":13,"turns":6},{"damage":10,"enemies":"Large Slime","floor":15,"turns":4},{"damage":17,"enemies":"SI_SHIV_ARCHETYPE","floor":16,"turns":10},{"damage":12,"enemies":"Spheric Guardian","floor":19,"turns":4},{"damage":10,"enemies":"Shell Parasite","floor":20,"turns":4},{"damage":10,"enemies":"downfall:FleeingMerchant","floor":22,"turns":4},{"damage":24,"enemies":"Slavers","floor":23,"turns":6},{"damage":45,"enemies":"Chosen and Byrds","floor":25,"turns":4},{"damage":9,"enemies":"downfall:FleeingMerchant","floor":26,"turns":4},{"damage":26,"enemies":"Gremlin Leader","floor":28,"turns":6},{"damage":0,"enemies":"3 Cultists","floor":30,"turns":3},{"damage":0,"enemies":"downfall:FleeingMerchant","floor":31,"turns":4},{"damage":10,"enemies":"Shelled Parasite and Fungi","floor":32,"turns":4},{"damage":13,"enemies":"IC_MUSHROOM_ARCHETYPE","floor":33,"turns":10},{"damage":0,"enemies":"Orb Walker","floor":36,"turns":2},{"damage":5,"enemies":"downfall:LadyInBlue","floor":38,"turns":8},{"damage":0,"enemies":"3 Shapes","floor":39,"turns":5},{"damage":0,"enemies":"downfall:FleeingMerchant","floor":40,"turns":1},{"damage":10,"enemies":"Reptomancer","floor":42,"turns":5},{"damage":0,"enemies":"Giant Head","floor":44,"turns":5},{"damage":9,"enemies":"2 Orb Walkers","floor":45,"turns":5},{"damage":30,"enemies":"Reptomancer","floor":46,"turns":5},{"damage":0,"enemies":"Jaw Worm Horde","floor":47,"turns":3},{"damage":0,"enemies":"Giant Head","floor":48,"turns":7},{"damage":0,"enemies":"Maw","floor":49,"turns":5},{"damage":13,"enemies":"DF_ARCHETYPE_ORBS","floor":50,"turns":10},{"damage":0,"enemies":"downfall:CharBossMerchant","floor":52,"turns":7},{"damage":10,"enemies":"downfall:NeowBoss","floor":55,"turns":13},{"damage":124,"enemies":"downfall:NeowBossFinal","floor":56,"turns":14}],"seed_played":"2758736430486276759","potions_obtained":[{"floor":4,"key":"Weak Potion"},{"floor":6,"key":"bronze:BurnAndBuffPotion"},{"floor":12,"key":"Strength Potion"},{"floor":13,"key":"GamblersBrew"},{"floor":16,"key":"Fire Potion"},{"floor":23,"key":"Slimebound:ThreeZeroPotion"},{"floor":30,"key":"BlessingOfTheForge"},{"floor":32,"key":"FearPotion"},{"floor":33,"key":"Dexterity Potion"},{"floor":38,"key":"Explosive Potion"},{"floor":38,"key":"CultistPotion"},{"floor":42,"key":"Swift Potion"}],"is_trial":false,"path_per_floor":["R","M","$","?","M","E","T","?","M","E","R","M","E","?","M","B",null,"R","M","M","?","$","E","T","M","$","?","E","?","M","$","M","B",null,"R","M","?","?","M","$","T","E","?","E","?","E","M","E","M","B",null,"E","$","R","B","B",null],"character_chosen":"THE_CHAMP","items_purchased":["champ:DefensiveShout","Happy Flower","champ:EnGarde","expansioncontent:QuickStudy","champ:Circumvent","Anchor","champ:FancyFootwork","DollysMirror","Art of War"],"campfire_rested":3,"item_purchase_floors":[22,26,31,40,40,43,43,53,53],"current_hp_per_floor":[63,63,63,59,54,54,54,54,54,47,57,56,55,55,55,48,100,100,98,98,92,100,86,86,86,91,91,85,85,85,100,100,87,110,110,110,110,110,110,110,110,110,110,110,101,101,101,101,101,98,110,110,110,110,110,16],"gold":70,"neow_bonus":"RANDOM_COLORLESS_2","is_daily":false,"chose_seed":false,"campfire_upgraded":1,"win_rate":0.0,"timestamp":1611167516,"path_taken":["R","M","$","?","M","E","T","?","?","E","R","M","E","?","M","BOSS","R","M","M","?","$","E","T","M","$","?","E","?","M","$","M","BOSS","R","M","?","?","?","$","T","E","?","E","?","E","M","E","M","BOSS","E","$","R","BOSS","BOSS"],"items_purchased_type":["Card","Relic","Card","Card","Card","Relic","Card","Relic","Relic"],"build_version":"2020-12-22","purchased_purges":4,"victory":true,"max_hp_per_floor":[90,90,90,90,90,90,90,90,90,90,100,100,100,100,100,100,100,100,100,100,100,100,100,100,100,100,100,110,110,110,110,110,110,110,110,110,110,110,110,110,110,110,110,110,110,110,110,110,110,110,110,110,110,110,110,110],"card_choices":[{"not_picked":["Secret Technique","Thinking Ahead"],"picked":"Apotheosis","floor":0.0},{"not_picked":["champ:HeartStrike","champ:Lariat"],"picked":"champ:IronFortress","floor":2},{"not_picked":["champ:Duel","champ:Shatter"],"picked":"champ:DefensiveShout","floor":3},{"not_picked":["champ:RapidStrikes","champ:CrookedStrike"],"picked":"champ:BringItOn","floor":4},{"not_picked":["champ:Shatter","champ:FanOfKnives"],"picked":"champ:FlashCut","floor":5},{"not_picked":["champ:RecklessLeap","champ:HeartStrike","champ:FanOfKnives"],"picked":"SKIP","floor":6},{"not_picked":["champ:Shatter","champ:FanOfKnives"],"picked":"champ:ShieldWall","floor":9},{"not_picked":["champ:Lariat","champ:TornadoPunch"],"picked":"champ:AdrenalArmor","floor":10},{"not_picked":["champ:RecklessLeap","champ:DeathBlow","champ:PerfectedStrike"],"picked":"SKIP","floor":12},{"not_picked":["champ:RecklessLeap","champ:HeavySlash","champ:EndlessRage"],"picked":"SKIP","floor":13},{"not_picked":["champ:DeathBlow","champ:Haymaker","champ:ShieldSlam"],"picked":"SKIP","floor":15},{"not_picked":["champ:CheapShot","champ:Devastate"],"picked":"champ:Improvising","floor":16},{"not_picked":["champ:BladeFlurry","champ:Shatter+1"],"picked":"champ:Haymaker","floor":19},{"not_picked":["champ:RecklessLeap+1","champ:CrownThrow"],"picked":"champ:Haymaker","floor":20},{"not_picked":["champ:BerserkersShout","champ:PreemptiveStrike+1"],"picked":"champ:Endure+1","floor":22},{"not_picked":["champ:DeathBlow","champ:IronFortress+1"],"picked":"champ:ShieldWall+1","floor":23},{"not_picked":["champ:DeathBlow","champ:FanOfKnives"],"picked":"champ:Backstep","floor":25},{"not_picked":["champ:Shatter+1","champ:AdrenalArmor"],"picked":"champ:ShieldWall+1","floor":26},{"not_picked":["champ:SetATrap","champ:PerfectedStrike","champ:CrookedStrike"],"picked":"SKIP","floor":28},{"not_picked":["champ:FaceSlap","champ:EnragedBash+1"],"picked":"champ:StanceDance","floor":30},{"not_picked":["champ:BerserkersShout","champ:BladeFlurry+1"],"picked":"champ:HoldFirm","floor":31},{"not_picked":["champ:CalledShot","champ:ShieldSlam","champ:Haymaker+1"],"picked":"SKIP","floor":32},{"not_picked":["champ:SwordThrow","champ:TripleStrike"],"picked":"champ:ShieldThrow","floor":33},{"not_picked":[],"picked":"champ:TornadoPunch","floor":36},{"not_picked":[],"picked":"champ:Lariat+1","floor":39},{"not_picked":["champ:BerserkerStyle+1"],"picked":"SKIP","floor":40},{"not_picked":["champ:Haymaker+1"],"picked":"SKIP","floor":42},{"not_picked":[],"picked":"champ:Lariat+1","floor":44},{"not_picked":["champ:TornadoPunch","champ:AdrenalArmor"],"picked":"SKIP","floor":46},{"not_picked":["champ:Shatter+1","champ:CrownThrow+1"],"picked":"SKIP","floor":47},{"not_picked":["champ:DefensiveShout+1"],"picked":"champ:Circumvent","floor":48},{"not_picked":["champ:SetATrap"],"picked":"champ:FlashCut+1","floor":49},{"not_picked":["champ:SwordThrow","champ:EnGarde"],"picked":"SKIP","floor":52}],"player_experience":168960,"relics_obtained":[{"floor":4,"key":"Omamori"},{"floor":6,"key":"War Paint"},{"floor":10,"key":"MealTicket"},{"floor":13,"key":"Vajra"},{"floor":23,"key":"Frozen Egg 2"},{"floor":24,"key":"CeramicFish"},{"floor":28,"key":"Pear"},{"floor":38,"key":"Toy Ornithopter"},{"floor":41,"key":"Bronze Scales"},{"floor":42,"key":"Mercury Hourglass"},{"floor":44,"key":"Question Card"},{"floor":45,"key":"CaptainsWheel"},{"floor":46,"key":"MawBank"},{"floor":48,"key":"Nunchaku"},{"floor":52,"key":"champ:DefensiveTrainingManual"}],"event_choices":[{"damage_healed":0,"gold_gain":0,"player_choice":"Fight","damage_taken":0,"max_hp_gain":0,"max_hp_loss":0,"event_name":"Mysterious Sphere","floor":45,"gold_loss":0}],"is_beta":false,"boss_relics":[{"not_picked":["Calling Bell","champ:ChampionCrownUpgraded"],"picked":"Fusion Hammer"},{"not_picked":["SlaversCollar","Pandora\u0027s Box"],"picked":"Busted Crown"}],"items_purged_floors":[3,22,40,43],"is_endless":false,"potions_floor_spawned":[4,6,12,13,16,23,30,32,33,38,42,44,45,47],"ascension_level":1}}