{"host":"4h9wonchhpvj0efq","time":1611117368,"event":{"mods":["Act Like it!","BaseMod","Gensokyo","KinomotoSakuraMod(Ä¾Ö®±¾Ó£)","Marisa£¨ìFÓê¡¡Ä§ÀíÉ³£©","Minty Spire (QoL Compilation)","Nova Terra(ÅµÍÞ¡¤Ì©À­)","Reimu£¨²©ÀöÁéÃÎ£©","Remilia£¨ÀÙÃ×ÀòÑÇ£©","RumiaBox-Â¶Ã×æ«µÄÉñÃØºÐ×Ó","StSLib","The Administrix","The Alterego","TheSwordswoman","Waifu the Spire","Yakumo Yukari mod","Youmu£¨»êÆÇÑýÃÎ£©","Yuyuko","vexMod"],"gold_per_floor":[119,138,158,178,191,223,223,238,238,238,78,97,97,116,116,220,220,220,220,170,170,49,49,49,49,49,49,49,49,49,49,49,49,49,49,49,49,49],"floor_reached":37,"language":"ZHS","playtime":6113,"items_purged":[],"score":476,"play_id":"14663ff0-cd10-40d8-bfa5-306fb89ef4f2","local_time":"20210120123608","is_ascension_mode":true,"campfire_choices":[{"data":"LeisurelyOfLord","floor":7,"key":"SMITH"},{"data":"HunterOfTheNight","floor":10,"key":"SMITH"},{"data":"DiffusionOfMisfortune","floor":13,"key":"SMITH"},{"data":"FitfulNightmare","floor":15,"key":"SMITH"},{"floor":27,"key":"REST"},{"floor":32,"key":"REST"}],"circlet_count":0,"master_deck":["Strike_RM","Strike_RM","Strike_RM","Strike_RM","Defend_RM","Defend_RM","Defend_RM","Defend_RM","RedMoon","ScarletShoot","AfternoonTea","LeisurelyOfLord+1","FitfulNightmare+1","BombardNight","HunterOfTheNight+1","DiffusionOfMisfortune+1","UnstableMagic","ScarletMeister","Gensokyo:SpontaneousHumanCombustion","RedRainbow+1","LeisurelyOfLord+1","BombardNight+1","MastersStateliness","MastersStateliness","NightDance+1","BloodySeventeenLaser+1","DiffusionOfMisfortune+1","MastersStateliness"],"relics":["ScarletHat","ScarletDevilRocket","Molten Egg 2","Nilry\u0027s Codex","Ectoplasm","vexMod:Dragonfruit","Bag of Marbles","Matryoshka","Ginger","Happy Flower","Unceasing Top","Philosopher\u0027s Stone","Mango"],"acts_visited":["Gensokyo:Gensokyo","Gensokyo:Gensokyoer","TheBeyond"],"potions_floor_usage":[23,29,31,31,33,33],"damage_taken":[{"damage":0,"enemies":"Gensokyo:2_Kodama","floor":1,"turns":4},{"damage":0,"enemies":"Gensokyo:3_Fairies","floor":2,"turns":5},{"damage":0,"enemies":"Gensokyo:Gryphon","floor":3,"turns":3},{"damage":0,"enemies":"Gensokyo:LivingMonolith","floor":4,"turns":3},{"damage":0,"enemies":"Gensokyo:Kitsune","floor":5,"turns":6},{"damage":6,"enemies":"Gensokyo:Cirno","floor":6,"turns":4},{"damage":0,"enemies":"Gensokyo:2_Rabbits","floor":8,"turns":6},{"damage":0,"enemies":"Gensokyo:VengefulSpirit","floor":12,"turns":2},{"damage":0,"enemies":"Gensokyo:Kitsune","floor":14,"turns":3},{"damage":74,"enemies":"Gensokyo:Yukari","floor":16,"turns":14},{"damage":0,"enemies":"Gensokyo:2_Gloops","floor":18,"turns":3},{"damage":29,"enemies":"Gensokyo:Tenshi","floor":23,"turns":4},{"damage":0,"enemies":"Gensokyo:CosmicMonolith","floor":24,"turns":1},{"damage":10,"enemies":"Gensokyo:Reisen","floor":25,"turns":8},{"damage":2,"enemies":"Gensokyo:Swordslinger","floor":28,"turns":4},{"damage":17,"enemies":"Gensokyo:Koishi","floor":29,"turns":4},{"damage":19,"enemies":"Gensokyo:Wraith","floor":30,"turns":4},{"damage":17,"enemies":"Gensokyo:Mirror_and_Dog","floor":31,"turns":3},{"damage":65,"enemies":"Gensokyo:Eternal_Rivals","floor":33,"turns":7},{"damage":16,"enemies":"Orb Walker","floor":35,"turns":3},{"damage":37,"enemies":"2 Orb Walkers","floor":36,"turns":3},{"damage":55,"enemies":"3 Shapes","floor":37,"turns":2}],"seed_played":"-4301953914780488478","potions_obtained":[{"floor":1,"key":"Fire Potion"},{"floor":3,"key":"SteroidPotion"},{"floor":12,"key":"EssenceOfSteel"},{"floor":14,"key":"LiquidMemories"},{"floor":18,"key":"EntropicBrew"},{"floor":31,"key":"SkillPotion"},{"floor":33,"key":"BlessingOfTheForge"},{"floor":36,"key":"Fire Potion"}],"is_trial":false,"path_per_floor":["M","M","M","M","M","E","R","M","T","R","?","M","R","M","R","B",null,"M","?","$","?","COS","E","M","E","T","R","M","E","M","M","R","B",null,"M","?","M"],"character_chosen":"REMILIA","items_purchased":["RedRainbow+1"],"campfire_rested":2,"item_purchase_floors":[20],"current_hp_per_floor":[82,82,82,82,82,76,76,76,76,76,76,76,76,78,78,17,82,82,74,74,74,74,55,57,53,53,76,79,62,45,36,59,14,79,67,53,0,0],"gold":49,"neow_bonus":"TEN_PERCENT_HP_BONUS","is_daily":false,"chose_seed":false,"campfire_upgraded":4,"win_rate":0.0,"timestamp":1611117368,"path_taken":["M","M","M","M","M","E","R","M","T","R","?","?","R","M","R","BOSS","M","?","$","?","COS","E","?","E","T","R","M","E","M","M","R","BOSS","M","?","M"],"items_purchased_type":["Card"],"build_version":"2020-12-22","purchased_purges":0,"victory":false,"max_hp_per_floor":[82,82,82,82,82,82,82,82,82,82,82,82,82,82,82,82,82,82,74,74,74,74,79,79,79,79,79,79,79,79,79,79,79,79,79,93,93,93],"card_choices":[{"not_picked":["ScarletSymphony","ScarletGensokyo"],"picked":"AfternoonTea","floor":1},{"not_picked":["EndlessAdversity","VampireClaw"],"picked":"LeisurelyOfLord","floor":2},{"not_picked":["EndlessAdversity","ReincarnationDial"],"picked":"FitfulNightmare","floor":3},{"not_picked":["BadLadyScramble","NightLord"],"picked":"BombardNight","floor":4},{"not_picked":["BlasphemousPunishment","DiffusionOfMisfortune"],"picked":"HunterOfTheNight","floor":5},{"not_picked":["NightDance","ScarletDevil"],"picked":"DiffusionOfMisfortune","floor":6},{"not_picked":["ScarletImprint","BloodHunter"],"picked":"UnstableMagic","floor":8},{"not_picked":["BlasphemousPunishment","BloodyMagicSquare","VampireFantasy"],"picked":"SKIP","floor":12},{"not_picked":["BloodyCatastrophe","ScarletImprint+1","BlasphemousPunishment"],"picked":"SKIP","floor":14},{"not_picked":["HellCatastrophe+1","ChaoticDestiny"],"picked":"ScarletMeister","floor":16},{"not_picked":["FavorOfDestiny","BlasphemousPunishment","ScarletImprint+1"],"picked":"SKIP","floor":18},{"not_picked":["Gensokyo:Doppelganger","Gensokyo:Apocalypse+1"],"picked":"Gensokyo:SpontaneousHumanCombustion","floor":19},{"not_picked":["GlobalNightmare","ChaoticDestiny","RedMagic"],"picked":"SKIP","floor":23},{"not_picked":["VampireKiss+1","DevilSight","ForbiddenFruit"],"picked":"SKIP","floor":24},{"not_picked":["NightDance+1","EndlessAdversity+1"],"picked":"BombardNight+1","floor":25},{"not_picked":["UnstableMagic","EndlessAdversity+1","Septette+1"],"picked":"SKIP","floor":28},{"not_picked":["EndlessAdversity+1","CharismaGuard+1"],"picked":"MastersStateliness","floor":29},{"not_picked":["DiffusionOfMisfortune+1","BloodHunter"],"picked":"MastersStateliness","floor":30},{"not_picked":["ScarletSymphony","ScarletDream"],"picked":"NightDance+1","floor":31},{"not_picked":["KillingBlow+1","ChaoticDestiny"],"picked":"BloodySeventeenLaser+1","floor":33},{"not_picked":["SuperhumanBloodyKnife+1","BlasphemousPunishment+1"],"picked":"DiffusionOfMisfortune+1","floor":35},{"not_picked":["BloodyTrap","StarOfDavid+1"],"picked":"MastersStateliness","floor":36}],"player_experience":216015,"relics_obtained":[{"floor":6,"key":"ScarletDevilRocket"},{"floor":9,"key":"Molten Egg 2"},{"floor":23,"key":"vexMod:Dragonfruit"},{"floor":25,"key":"Bag of Marbles"},{"floor":26,"key":"Matryoshka"},{"floor":29,"key":"Happy Flower"},{"floor":36,"key":"Mango"}],"event_choices":[{"damage_healed":0,"gold_gain":0,"player_choice":"Fight","damage_taken":0,"max_hp_gain":0,"max_hp_loss":0,"event_name":"Mysterious Sphere","floor":36,"gold_loss":0}],"is_beta":false,"boss_relics":[{"not_picked":["vexMod:MegatonBomb","vexMod:EndlessSickness"],"picked":"Ectoplasm"},{"not_picked":["Velvet Choker","Cursed Key"],"picked":"Philosopher\u0027s Stone"}],"items_purged_floors":[],"is_endless":false,"potions_floor_spawned":[1,3,12,14,16,18,31,33,36],"killed_by":"3 Shapes","ascension_level":1}}