{"host":"ak97kadm4gobvh6l","time":1611173332,"event":{"mods":["BaseMod","Colored Map","Downfall","Minty Spire (QoL Compilation)","StSLib"],"gold_per_floor":[349,364,378,378,396,396,396,412,212,242,261,273,183,183,197,197,197,197],"floor_reached":16,"language":"ENG","playtime":1160,"items_purged":["bronze:Strike"],"score":109,"play_id":"02670455-828d-4ca6-82fc-f81530dd4a18","local_time":"20210120210852","is_ascension_mode":true,"campfire_choices":[{"data":"bronze:Replicate","floor":1,"key":"SMITH"},{"floor":6,"key":"RECALL"},{"data":"bronze:InfiniteBeams","floor":9,"key":"SMITH"}],"circlet_count":0,"master_deck":["bronze:Strike","bronze:Strike","bronze:Strike","bronze:Defend","bronze:Defend","bronze:Defend","bronze:Defend","bronze:Replicate+1","bronze:Goto","bronze:Iterate","bronze:InfiniteBeams+1","bronze:Fortify","bronze:Overload","bronze:Mutator","bronze:CloningBeam","bronze:Spike","bronze:Explode","bronze:Verify","bronze:Branch"],"relics":["bronze:BronzeCore","downfall:HeartBlessingRed","downfall:HeartBlessingBlue","Mercury Hourglass"],"acts_visited":["Exordium"],"potions_floor_usage":[14,15,15],"damage_taken":[{"damage":1,"enemies":"Jaw Worm","floor":2,"turns":3},{"damage":7,"enemies":"Small Slimes","floor":3,"turns":4},{"damage":6,"enemies":"2 Louse","floor":5,"turns":3},{"damage":1,"enemies":"2 Fungi Beasts","floor":8,"turns":4},{"damage":8,"enemies":"Lagavulin","floor":10,"turns":6},{"damage":6,"enemies":"Red Slaver","floor":11,"turns":4},{"damage":9,"enemies":"Exordium Wildlife","floor":12,"turns":2},{"damage":5,"enemies":"downfall:FleeingMerchant","floor":13,"turns":4},{"damage":25,"enemies":"downfall:FleeingMerchant","floor":14,"turns":8},{"damage":4,"enemies":"Exordium Thugs","floor":15,"turns":3},{"damage":7,"enemies":"IC_STATUS_ARCHETYPE","floor":16,"turns":2}],"seed_played":"6788028604885725809","potions_obtained":[{"floor":3,"key":"Guardian:BlockOnCardUsePotion"},{"floor":12,"key":"ColorlessPotion"},{"floor":14,"key":"ColorlessPotion"}],"is_trial":false,"path_per_floor":["R","M","M","?","M","R","T","M","R","E","M","M","$","?","M","B"],"character_chosen":"THE_AUTOMATON","items_purchased":[],"campfire_rested":0,"item_purchase_floors":[],"current_hp_per_floor":[63,62,55,60,54,54,54,53,63,55,49,40,35,10,6,0,0,0],"gold":197,"neow_bonus":"TWO_FIFTY_GOLD","is_daily":false,"chose_seed":false,"campfire_upgraded":2,"win_rate":0.0,"timestamp":1611173332,"path_taken":["R","M","M","?","M","R","T","M","R","E","M","M","$","?","M","BOSS"],"items_purchased_type":[],"build_version":"2020-12-22","purchased_purges":1,"victory":false,"max_hp_per_floor":[63,63,63,68,68,68,68,68,78,78,78,78,78,78,78,78,78,78],"card_choices":[{"not_picked":["bronze:Separator","bronze:OilSpill"],"picked":"bronze:Iterate","floor":2},{"not_picked":["bronze:CutThrough","bronze:Deprecate"],"picked":"bronze:InfiniteBeams","floor":3},{"not_picked":["bronze:BugBarrage","bronze:DelayedGuard"],"picked":"bronze:Fortify","floor":5},{"not_picked":["bronze:DelayedGuard","bronze:Safeguard"],"picked":"bronze:Overload","floor":8},{"not_picked":["bronze:Frontload","bronze:DelayedSlice"],"picked":"bronze:Mutator","floor":10},{"not_picked":["bronze:Iterate","bronze:BuggyMess","bronze:Separator"],"picked":"SKIP","floor":11},{"not_picked":["bronze:Invalidate","bronze:Turbo","bronze:Iterate"],"picked":"SKIP","floor":12},{"not_picked":["bronze:Shield","bronze:Overheat"],"picked":"bronze:CloningBeam","floor":13},{"not_picked":[],"picked":"bronze:Spike","floor":14},{"not_picked":[],"picked":"bronze:Explode","floor":14},{"not_picked":["bronze:Separator","bronze:Overload"],"picked":"bronze:Verify","floor":14},{"not_picked":["bronze:Deprecate","bronze:Shield"],"picked":"bronze:Branch","floor":15}],"player_experience":1039377,"relics_obtained":[{"floor":10,"key":"Mercury Hourglass"}],"event_choices":[{"damage_healed":0,"gold_gain":0,"player_choice":"Donut","damage_taken":0,"max_hp_gain":5,"max_hp_loss":0,"event_name":"Big Fish","floor":4,"gold_loss":0}],"is_beta":false,"boss_relics":[],"items_purged_floors":[13],"is_endless":false,"potions_floor_spawned":[3,12,14],"killed_by":"IC_STATUS_ARCHETYPE","ascension_level":1}}