{"host":"uv231blk40vjdojr","time":1611144713,"event":{"mods":["AchievementEnabler","BaseMod","Bestiary","Minty Spire (QoL Compilation)","Relic Stats"],"gold_per_floor":[113,113,131,151,167,196,196,223,223,223,223,63,63,78,78,156,156,167,178,190,19,35,35,64,64,64,80,114,126,153,195,207,219,219],"floor_reached":33,"language":"ENG","playtime":1325,"items_purged":["Strike_R"],"score":684,"play_id":"9a18cf4e-b2b1-4ce3-823f-6ad831a11e62","local_time":"20210120131153","is_ascension_mode":true,"campfire_choices":[{"data":"Anger","floor":7.0,"key":"SMITH"},{"data":"Double Tap","floor":10.0,"key":"SMITH"},{"data":"Rage","floor":15.0,"key":"SMITH"},{"data":"Cleave","floor":23.0,"key":"SMITH"},{"data":"Headbutt","floor":25.0,"key":"SMITH"},{"data":"Battle Trance","floor":29.0,"key":"SMITH"},{"data":"Shrug It Off","floor":32.0,"key":"SMITH"}],"circlet_count":0,"master_deck":["AscendersBane","Strike_R","Strike_R","Strike_R","Defend_R","Defend_R","Defend_R","Defend_R","Bash+1","Headbutt+1","Anger+1","Cleave+1","Double Tap+1","Twin Strike","Rage+1","Offering","Battle Trance+1","Cleave+1","Shrug It Off+1","Brutality"],"relics":["Burning Blood","NeowsBlessing","Blood Vial","Eternal Feather","Champion Belt","Sozu","Ancient Tea Set","FossilizedHelix","Bottled Flame","MawBank","StrikeDummy"],"acts_visited":["Exordium","TheCity"],"potions_floor_usage":[],"damage_taken":[{"damage":0.0,"enemies":"Small Slimes","floor":1.0,"turns":1.0},{"damage":0.0,"enemies":"2 Louse","floor":3.0,"turns":2.0},{"damage":0.0,"enemies":"Cultist","floor":4.0,"turns":1.0},{"damage":10.0,"enemies":"Exordium Wildlife","floor":5.0,"turns":4.0},{"damage":31.0,"enemies":"3 Sentries","floor":6.0,"turns":9.0},{"damage":28.0,"enemies":"Lagavulin","floor":8.0,"turns":5.0},{"damage":0.0,"enemies":"Large Slime","floor":14.0,"turns":3.0},{"damage":37.0,"enemies":"The Guardian","floor":16.0,"turns":8.0},{"damage":24.0,"enemies":"3 Byrds","floor":18.0,"turns":5.0},{"damage":14.0,"enemies":"Chosen","floor":19.0,"turns":4.0},{"damage":23.0,"enemies":"Centurion and Healer","floor":20.0,"turns":5.0},{"damage":11.0,"enemies":"Chosen and Byrds","floor":22.0,"turns":5.0},{"damage":8.0,"enemies":"Gremlin Leader","floor":24.0,"turns":4.0},{"damage":0.0,"enemies":"Snecko","floor":27.0,"turns":3.0},{"damage":15.0,"enemies":"Book of Stabbing","floor":28.0,"turns":3.0},{"damage":0.0,"enemies":"Shelled Parasite and Fungi","floor":30.0,"turns":3.0},{"damage":6.0,"enemies":"Slavers","floor":31.0,"turns":2.0},{"damage":85,"enemies":"Automaton","floor":33,"turns":8}],"seed_played":"-78047266587530012","potions_obtained":[{"floor":4.0,"key":"Dexterity Potion"},{"floor":5.0,"key":"Ancient Potion"},{"floor":6.0,"key":"EssenceOfSteel"}],"is_trial":false,"path_per_floor":["M","?","M","M","M","E","R","E","T","R","?","$","?","M","R","B",null,"M","M","M","$","M","R","E","R","T","M","E","R","M","E","R","B"],"character_chosen":"IRONCLAD","items_purchased":["ColorlessPotion","Twin Strike","Ancient Tea Set"],"campfire_rested":0,"item_purchase_floors":[12,12,21],"current_hp_per_floor":[74,74,75,75,71,46,46,26,26,35,28,28,28,36,45,16,60,44,38,23,23,20,29,29,38,38,46,39,48,56,58,70,0,0],"gold":219,"neow_bonus":"THREE_ENEMY_KILL","is_daily":false,"chose_seed":false,"campfire_upgraded":7,"win_rate":0.0,"timestamp":1611144713,"path_taken":["M","?","M","M","M","E","R","E","T","R","?","$","?","M","R","BOSS","M","M","M","$","M","R","E","R","T","?","E","R","M","E","R","BOSS"],"items_purchased_type":["Potion","Card","Relic"],"build_version":"2020-12-22","purchased_purges":1,"victory":false,"max_hp_per_floor":[75,75,75,75,75,75,75,75,75,75,75,75,75,75,75,75,75,75,75,75,75,75,75,75,75,75,75,75,75,75,75,75,75,75],"relic_stats":{"Blood Vial":26,"Sozu":4,"counters":[18,75],"Eternal Feather":57,"Champion Belt":[24],"MawBank":60,"obtain_stats":[{"Blood Vial":6,"Sozu":17,"Bottled Flame":26,"NeowsBlessing":0,"Eternal Feather":8,"Champion Belt":9,"Ancient Tea Set":21,"MawBank":28,"StrikeDummy":31,"Burning Blood":0,"FossilizedHelix":24},{"Blood Vial":5,"Sozu":8,"Bottled Flame":13,"NeowsBlessing":0,"Eternal Feather":6,"Champion Belt":6,"Ancient Tea Set":11,"MawBank":15,"StrikeDummy":17,"Burning Blood":0,"FossilizedHelix":13},{"Blood Vial":17,"Sozu":33,"Bottled Flame":56,"NeowsBlessing":0,"Eternal Feather":22,"Champion Belt":22,"Ancient Tea Set":47,"MawBank":62,"StrikeDummy":67,"Burning Blood":0,"FossilizedHelix":56}],"Burning Blood":91},"card_choices":[{"not_picked":["Clash","Iron Wave"],"picked":"Headbutt","floor":1.0},{"not_picked":["Perfected Strike","Seeing Red"],"picked":"Anger","floor":3.0},{"not_picked":["Second Wind","Sword Boomerang","Bloodletting"],"picked":"SKIP","floor":4.0},{"not_picked":["Disarm","Carnage"],"picked":"Cleave","floor":5.0},{"not_picked":["Seeing Red","Pummel"],"picked":"Double Tap","floor":6.0},{"not_picked":["Wild Strike","Sword Boomerang","Havoc"],"picked":"SKIP","floor":8.0},{"not_picked":["Carnage","True Grit"],"picked":"Rage","floor":14.0},{"not_picked":["Juggernaut","Fiend Fire"],"picked":"Offering","floor":16.0},{"not_picked":["Havoc","Dark Embrace","Evolve"],"picked":"SKIP","floor":18.0},{"not_picked":["Body Slam","Searing Blow","Seeing Red"],"picked":"SKIP","floor":19.0},{"not_picked":["Armaments","Heavy Blade+1"],"picked":"Battle Trance","floor":20.0},{"not_picked":["Pummel","Twin Strike","Entrench"],"picked":"SKIP","floor":22.0},{"not_picked":["Seeing Red+1","Thunderclap","Clash"],"picked":"SKIP","floor":24.0},{"not_picked":["Clothesline","Exhume"],"picked":"Cleave+1","floor":27.0},{"not_picked":["Blood for Blood+1","Dual Wield"],"picked":"Shrug It Off","floor":28.0},{"not_picked":["Bloodletting+1","Reckless Charge","Hemokinesis"],"picked":"SKIP","floor":30.0},{"not_picked":["Warcry","Clash"],"picked":"Brutality","floor":31.0}],"player_experience":705624,"relics_obtained":[{"floor":6.0,"key":"Blood Vial"},{"floor":8.0,"key":"Eternal Feather"},{"floor":9.0,"key":"Champion Belt"},{"floor":24.0,"key":"FossilizedHelix"},{"floor":26.0,"key":"Bottled Flame"},{"floor":28.0,"key":"MawBank"},{"floor":31.0,"key":"StrikeDummy"}],"event_choices":[{"damage_healed":0.0,"max_hp_gain":0.0,"max_hp_loss":0.0,"gold_gain":0.0,"event_name":"Liars Game","player_choice":"Ignored","floor":2.0,"gold_loss":0.0,"damage_taken":0.0},{"cards_removed":["Strike_R"],"damage_healed":0.0,"max_hp_gain":0.0,"max_hp_loss":0.0,"gold_gain":0.0,"event_name":"Golden Wing","player_choice":"Card Removal","floor":11.0,"gold_loss":0.0,"damage_taken":7.0},{"damage_healed":0.0,"max_hp_gain":0.0,"max_hp_loss":0.0,"gold_gain":0.0,"event_name":"Upgrade Shrine","player_choice":"Upgraded","floor":13.0,"gold_loss":0.0,"damage_taken":0.0,"cards_upgraded":["Bash"]}],"is_beta":false,"boss_relics":[{"not_picked":["Snecko Eye","Philosopher\u0027s Stone"],"picked":"Sozu"}],"items_purged_floors":[12],"is_endless":false,"potions_floor_spawned":[4,5,6,18,22,24,30],"killed_by":"Automaton","ascension_level":20}}