{"host":"fhl0aha90wvfvsew","time":1611133468,"event":{"mods":["BaseMod","Colored Powertips","Marisa£®ÏF”Í°°ƒß¿Ì…≥£©","Minty Spire (QoL Compilation)","Remilia£®¿Ÿ√◊¿Ú—«£©","Replay The Spire","StSLib","Youmu£®ªÍ∆«—˝√Œ£©","Yuyuko"],"gold_per_floor":[118,118,68,68,84,109,109,139,139,173,186,186,216,38,38,137,137,157,173,191,290,46,80,80,106,133,159,188,207,207,232,232,337,387,403,55,55,70,85,119,69,69,96,127,177,177,207,225,225,225],"floor_reached":51,"language":"ZHS","playtime":3017,"items_purged":["Defend_YM","Strike_YM","Strike_YM","Defend_YM"],"score":1576,"play_id":"b654f111-6042-442f-85fd-99e1e2378839","local_time":"20210120170428","is_ascension_mode":true,"campfire_choices":[{"data":"WheelOfPainOfLivingAndDead","floor":7.0,"key":"SMITH"},{"data":"HeavenGodSword","floor":12.0,"key":"SMITH"},{"data":"Pot Of Greed","floor":15,"key":"SMITH"},{"data":"SlashOfSaigyouSpringWind","floor":24,"key":"SMITH"},{"data":"Pot Of Greed","floor":30,"key":"SMITH"},{"data":"HeavenlyHaloSlash","floor":32,"key":"SMITH"},{"data":"IrresoluteSoul","floor":42,"key":"SMITH"},{"data":"FiveSignsOfTheDyingDeva","floor":46,"key":"SMITH"},{"data":"RapidSlash","floor":49,"key":"SMITH"}],"circlet_count":0,"master_deck":["Defend_YM","Defend_YM","SlashOfPresentWorld+1","WheelOfPainOfLivingAndDead+1","CherryBlossomFlashing","RapidSlash+1","CherryBlossomFlashing","HeavenGodSword+1","Pot Of Greed+1","Pot Of Greed+1","SwordExtraction","LotusPostureSlash","LotusPostureSlash","SlashOfSaigyouSpringWind+1","SpiritCuttingSword","SwordExtraction","SwordExtraction","HeavenlyHaloSlash+1","IrresoluteSoul+1","FiveSignsOfTheDyingDeva+1","FourBirthsSword+1","Secret Weapon+1","Pot Of Greed+1","SpiritMediumsBind+1","SlashOfDelusionalInnerEye+1","Shame","BloodOfAsura+1"],"relics":["Coffee Dripper","Replay:Ringing Soul","Wakizashi","FencingExperience","Grinning Jar","Bottled Lightning","SlaversCollar","Akabeko","Simple Rune","TungstenRod","Boot","Vajra","Red Mask","Smiling Mask","Replay:Grab Bag","Philosopher\u0027s Stone","Cursed Key","Tiny House","BargainBundle","Potion Belt","Bag of Marbles","War Paint","Pondfish Scales","Gambling Chip","Ancient Tea Set"],"acts_visited":["Exordium","TheCity","TheBeyond"],"potions_floor_usage":[13,27,27,33,44,44,44,50,50,50,50],"damage_taken":[{"damage":8.0,"enemies":"Jaw Worm","floor":1.0,"turns":4.0},{"damage":0.0,"enemies":"2 Louse","floor":5.0,"turns":2.0},{"damage":0.0,"enemies":"Replay:BlueRogue","floor":6.0,"turns":5.0},{"damage":0.0,"enemies":"3 Sentries","floor":8.0,"turns":6.0},{"damage":1.0,"enemies":"Replay:BlueRogue","floor":10.0,"turns":4.0},{"damage":0.0,"enemies":"Cultist","floor":11.0,"turns":2.0},{"damage":0,"enemies":"3 Sentries","floor":13,"turns":2},{"damage":0,"enemies":"Slime Boss","floor":16,"turns":5},{"damage":2,"enemies":"Shell Parasite","floor":18,"turns":2},{"damage":0,"enemies":"3 Byrds","floor":19,"turns":1},{"damage":0,"enemies":"3 Cultists","floor":20,"turns":2},{"damage":0,"enemies":"Book of Stabbing","floor":23,"turns":2},{"damage":0,"enemies":"Gremlin Leader","floor":25,"turns":2},{"damage":0,"enemies":"Book of Stabbing","floor":27,"turns":2},{"damage":0,"enemies":"Masked Bandits","floor":28,"turns":1},{"damage":0,"enemies":"Snake Plant","floor":29,"turns":1},{"damage":0,"enemies":"Gremlin Leader","floor":31,"turns":2},{"damage":0,"enemies":"Champ","floor":33,"turns":3},{"damage":0,"enemies":"3 Shapes","floor":35,"turns":1},{"damage":0,"enemies":"Orb Walker","floor":38,"turns":1},{"damage":21,"enemies":"Sphere and 2 Shapes","floor":39,"turns":2},{"damage":0,"enemies":"Nemesis","floor":40,"turns":3},{"damage":0,"enemies":"R_Hoarder","floor":44,"turns":4},{"damage":0,"enemies":"Mind Bloom Boss Battle","floor":45,"turns":2},{"damage":0,"enemies":"Nemesis","floor":47,"turns":1},{"damage":0,"enemies":"Spire Growth","floor":48,"turns":2},{"damage":4,"enemies":"Awakened One","floor":50,"turns":2}],"seed_played":"-6259903580938735126","potions_obtained":[{"floor":1.0,"key":"ColorlessPotion"},{"floor":6.0,"key":"DistilledChaos"},{"floor":10.0,"key":"FairyPotion"},{"floor":11.0,"key":"SkillPotion"},{"floor":20,"key":"Fire Potion"},{"floor":23,"key":"EssenceOfSteel"},{"floor":29,"key":"LiquidBronze"},{"floor":31,"key":"SkillPotion"},{"floor":34,"key":"Venom Potion"},{"floor":40,"key":"Dexterity Potion"},{"floor":47,"key":"Reflective Coating"},{"floor":48,"key":"AttackPotion"}],"is_trial":false,"path_per_floor":["M","?","?","?","M","E","R","E","T","E","M","R","E","$","R","B",null,"M","M","M","?","$","E","R","E","T","E","?","M","R","E","R","B",null,"M","$","?","M","M","E","$","R","T","E","?","R","E","M","R","B",null],"character_chosen":"YOUMU","items_purchased":["SwordExtraction","LotusPostureSlash","Akabeko","BargainBundle","Potion Belt","FourBirthsSword+1","EssenceOfSteel"],"campfire_rested":0,"item_purchase_floors":[14,14,22,36,36,36,36],"current_hp_per_floor":[67,67,67,60,60,63,63,63,63,65,65,65,65,68,68,71,87,88,88,88,88,88,88,88,91,91,91,91,94,94,97,97,100,110,110,113,116,119,98,101,101,101,104,104,104,104,104,107,107,103],"gold":225,"neow_bonus":"BOSS_RELIC","is_daily":false,"chose_seed":false,"campfire_upgraded":9,"win_rate":0.0,"timestamp":1611133468,"path_taken":["M","?","?","?","?","E","R","E","T","E","M","R","E","?","R","BOSS","M","M","M","?","$","E","R","E","T","E","?","M","R","E","R","BOSS","M","$","?","M","M","E","$","R","T","E","?","R","E","?","R","BOSS"],"items_purchased_type":["Card","Card","Relic","Relic","Relic","Card","Potion"],"build_version":"2020-12-22","purchased_purges":4,"victory":true,"max_hp_per_floor":[75,75,75,75,75,78,78,78,78,81,81,81,81,84,84,87,87,90,90,90,90,90,90,90,93,93,93,93,96,96,99,99,102,110,110,113,116,119,119,122,122,122,125,125,125,125,125,128,128,128],"card_choices":[{"not_picked":["SanzenSekai","SpiritCuttingSword"],"picked":"CherryBlossomFlashing","floor":1.0},{"not_picked":["LifeCuttingSword","HesitationCuttingSword"],"picked":"RapidSlash","floor":5.0},{"not_picked":["TurningAngelCut","BizarrenessOfSixRealms"],"picked":"CherryBlossomFlashing","floor":6.0},{"not_picked":["ConstancyOfTheConventionalTruth","CherryBlossomFlashing","DoubleWheelOfPain"],"picked":"SKIP","floor":8.0},{"not_picked":["HumanRealmSword","TenKingsRetributionOnThePreta"],"picked":"HeavenGodSword","floor":10.0},{"not_picked":["SanzenSekai","SlashOfMeditation","TwoHundredYojanaInOneSlash"],"picked":"SKIP","floor":11.0},{"not_picked":["GhostSword","CrescentMoonSlash","ConstancyOfTheConventionalTruth"],"picked":"SKIP","floor":13},{"not_picked":["GhostSword","CrescentMoonSlash","ConstancyOfTheConventionalTruth"],"picked":"SKIP","floor":13},{"not_picked":["ReincarnationSword","CherryBlossomSword"],"picked":"SlashOfSaigyouSpringWind","floor":16},{"not_picked":["CrescentMoonSlash","CherryBlossomFlashing"],"picked":"SpiritCuttingSword","floor":18},{"not_picked":["PretaSword","SwordOfBindingDesires","ThreeKonsSevenHakus"],"picked":"SKIP","floor":19},{"not_picked":["TwoHundredYojanaInOneSlash","FlashingScatteredFlowers","SlashClearingTheSixSenses"],"picked":"SKIP","floor":20},{"not_picked":["PhosphoricSlash+1","SpiritCuttingSword","KarmicPunishmentOfTheIdleAndUnfocused+1"],"picked":"SKIP","floor":23},{"not_picked":["DispleasureOfTheSevenHakus","VoidnessSword"],"picked":"SwordExtraction","floor":25},{"not_picked":["LowerRealmReflectionSlash","GhostSword","ConstancyOfTheConventionalTruth"],"picked":"SKIP","floor":27},{"not_picked":["CrescentMoonSlash","ObsessionWithThePresentWorld"],"picked":"SwordExtraction","floor":29},{"not_picked":["LowerRealmReflectionSlash","HeartExcerptSlash+1"],"picked":"HeavenlyHaloSlash","floor":31},{"not_picked":["DeadlyForm","CelestialStarSword"],"picked":"IrresoluteSoul","floor":33},{"not_picked":["SwordOfBindingDesires","DispleasureOfTheSevenHakus"],"picked":"FiveSignsOfTheDyingDeva","floor":34},{"not_picked":["ConstancyOfTheConventionalTruth","DispleasureOfTheSevenHakus","HellGodSword"],"picked":"SKIP","floor":35},{"not_picked":["Replay:Sssssssssstrike","ReplayTheSpireMod:Trickstab"],"picked":"Secret Weapon","floor":37},{"not_picked":["PhosphoricSlash+1","FlashingScatteredFlowers+1"],"picked":"SpiritMediumsBind+1","floor":38},{"not_picked":["CrescentMoonSlash","SpiritCuttingSword+1","PhosphoricSlash"],"picked":"SKIP","floor":39},{"not_picked":["RapidSlash","SlashOfMeditation+1"],"picked":"SlashOfDelusionalInnerEye+1","floor":40},{"not_picked":["AsTheSilentNirvana","SlashOfMeditation","LifeCuttingSword"],"picked":"SKIP","floor":44},{"not_picked":["FiveSignsOfTheDyingDeva","TurningAngelCut","LowerRealmReflectionSlash+1"],"picked":"SKIP","floor":47},{"not_picked":["WickedSoul","PhosphoricSlash+1"],"picked":"BloodOfAsura+1","floor":48}],"player_experience":276317,"relics_obtained":[{"floor":6.0,"key":"Replay:Ringing Soul"},{"floor":8.0,"key":"Wakizashi"},{"floor":9.0,"key":"FencingExperience"},{"floor":10.0,"key":"Grinning Jar"},{"floor":13,"key":"Bottled Lightning"},{"floor":23,"key":"Simple Rune"},{"floor":25,"key":"TungstenRod"},{"floor":26,"key":"Boot"},{"floor":27,"key":"Vajra"},{"floor":28,"key":"Red Mask"},{"floor":31,"key":"Smiling Mask"},{"floor":40,"key":"Bag of Marbles"},{"floor":43,"key":"War Paint"},{"floor":44,"key":"Pondfish Scales"},{"floor":45,"key":"Gambling Chip"},{"floor":47,"key":"Ancient Tea Set"}],"event_choices":[{"cards_removed":["Strike_YM"],"damage_healed":0.0,"max_hp_gain":0.0,"max_hp_loss":0.0,"gold_gain":0.0,"event_name":"The Cleric","player_choice":"Card Removal","floor":3.0,"gold_loss":50.0,"damage_taken":0.0},{"cards_removed":["Strike_YM"],"damage_healed":0.0,"max_hp_gain":0.0,"max_hp_loss":0.0,"gold_gain":0.0,"event_name":"Golden Wing","player_choice":"Card Removal","floor":4.0,"gold_loss":0.0,"damage_taken":7.0},{"damage_healed":0,"gold_gain":99,"player_choice":"Stole From Cult","damage_taken":0,"max_hp_gain":0,"max_hp_loss":0,"event_name":"Nest","floor":21,"gold_loss":0},{"damage_healed":0,"gold_gain":0,"player_choice":"Fought Bandits","damage_taken":0,"max_hp_gain":0,"max_hp_loss":0,"event_name":"Masked Bandits","floor":28,"gold_loss":0},{"damage_healed":0,"gold_gain":0,"player_choice":"Memory 1","damage_taken":0,"max_hp_gain":0,"max_hp_loss":0,"event_name":"SensoryStone","floor":37,"gold_loss":0},{"damage_healed":0,"gold_gain":0,"player_choice":"Fight","damage_taken":0,"max_hp_gain":0,"max_hp_loss":0,"event_name":"MindBloom","floor":45,"gold_loss":0}],"is_beta":false,"boss_relics":[{"not_picked":["Honey Jar","Velvet Choker"],"picked":"SlaversCollar"},{"not_picked":["ChewingGum","Calling Bell"],"picked":"Replay:Grab Bag"},{"not_picked":["Busted Crown","Fusion Hammer"],"picked":"Philosopher\u0027s Stone"},{"not_picked":["Runic Dome","Sozu"],"picked":"Cursed Key"},{"not_picked":["Astrolabe","SacredBark"],"picked":"Tiny House"}],"items_purged_floors":[14,22,36,41],"is_endless":false,"potions_floor_spawned":[1,6,10,11,20,23,29,31,40,47,48],"ascension_level":3}}