{"host":"7qqg3hyzrz6apiso","time":1611159654,"event":{"mods":["AchievementEnabler","BaseMod","Better Debug","Colored Map","Colored Powertips","KOR Keyword Fix","Keyboard Shortcuts","Minty Spire (QoL Compilation)","Permanent Neow","Quick Restart","StSLib","SuperFastMode"],"gold_per_floor":[110,185,198,198,211,242,242,266,291,312,387,24,48,48,48,173,173,192,217,217,316,316,316,334,334,357,357,375,386,403,141,141,141,141],"floor_reached":33,"language":"KOR","playtime":1342,"items_purged":["Injury","Regret"],"score":324,"play_id":"2fa2d945-52c4-48a6-af9c-515f85da72ff","local_time":"20210121012054","is_ascension_mode":true,"campfire_choices":[{"data":"Zap","floor":7.0,"key":"SMITH"},{"floor":15,"key":"REST"},{"data":"Coolheaded","floor":23,"key":"SMITH"},{"floor":25,"key":"REST"},{"floor":32,"key":"REST"}],"circlet_count":0,"master_deck":["Strike_B","Strike_B","Strike_B","Defend_B","Defend_B","Defend_B","Defend_B","Zap+1","Dualcast","Coolheaded+1","Conserve Battery","Sweeping Beam","Melter","Go for the Eyes","Cold Snap","Beam Cell","Gash","Hologram","Static Discharge","White Noise","Gash","The Bomb"],"relics":["Cracked Core","DataDisk","Bloody Idol","Regal Pillow","Potion Belt","Cables","Juzu Bracelet","Inserter","Vajra"],"acts_visited":["Exordium","TheCity"],"potions_floor_usage":[18,18,19],"damage_taken":[{"damage":0.0,"enemies":"Cultist","floor":1.0,"turns":3.0},{"damage":12.0,"enemies":"Jaw Worm","floor":3.0,"turns":3.0},{"damage":0.0,"enemies":"2 Louse","floor":5.0,"turns":3.0},{"damage":10.0,"enemies":"3 Sentries","floor":6.0,"turns":6.0},{"damage":5.0,"enemies":"Lots of Slimes","floor":8.0,"turns":3.0},{"damage":13.0,"enemies":"Large Slime","floor":10.0,"turns":6.0},{"damage":0,"enemies":"Looter","floor":13,"turns":2},{"damage":22,"enemies":"The Guardian","floor":16,"turns":13},{"damage":19,"enemies":"3 Byrds","floor":18,"turns":4},{"damage":3,"enemies":"Shell Parasite","floor":19,"turns":5},{"damage":35,"enemies":"Snecko","floor":24,"turns":6},{"damage":24,"enemies":"Centurion and Healer","floor":28,"turns":9},{"damage":14,"enemies":"3 Cultists","floor":29,"turns":5},{"damage":4,"enemies":"Snecko","floor":30,"turns":4},{"damage":72,"enemies":"Collector","floor":33,"turns":5}],"seed_played":"7977861663628584908","potions_obtained":[{"floor":3.0,"key":"GamblersBrew"},{"floor":5.0,"key":"FocusPotion"},{"floor":10.0,"key":"Block Potion"},{"floor":16,"key":"PowerPotion"},{"floor":18,"key":"ColorlessPotion"}],"is_trial":false,"path_per_floor":["M","?","M","?","M","E","R","M","T","M","?","$","M","?","R","B",null,"M","M","?","?","?","R","M","R","T","?","M","M","M","$","R","B"],"character_chosen":"DEFECT","items_purchased":["Cables","Cold Snap","The Bomb"],"campfire_rested":3,"item_purchase_floors":[12,12,31],"current_hp_per_floor":[68,57,45,45,45,35,35,30,30,17,10,10,10,10,47,25,63,44,41,41,46,46,46,16,53,58,58,39,30,31,31,68,0,0],"gold":141,"neow_bonus":"RANDOM_COMMON_RELIC","is_daily":false,"chose_seed":false,"campfire_upgraded":2,"win_rate":0.0,"timestamp":1611159654,"path_taken":["M","?","M","?","M","E","R","M","T","M","?","$","?","?","R","BOSS","M","M","?","?","?","R","M","R","T","?","M","M","M","$","R","BOSS"],"items_purchased_type":["Relic","Card","Card"],"build_version":"2020-12-22","purchased_purges":2,"victory":false,"max_hp_per_floor":[75,75,75,75,75,75,75,75,75,75,75,75,75,75,75,75,75,75,75,75,75,75,75,75,75,75,75,75,75,75,75,75,75,75],"card_choices":[{"not_picked":["Coolheaded","Turbo","Steam Power"],"picked":"SKIP","floor":1.0},{"not_picked":["Turbo","Steam Power"],"picked":"Coolheaded","floor":1.0},{"not_picked":["Redo","Reprogram"],"picked":"Conserve Battery","floor":3.0},{"not_picked":["Rebound","Chaos"],"picked":"Sweeping Beam","floor":5.0},{"not_picked":["Doom and Gloom","Hologram","Force Field"],"picked":"SKIP","floor":6.0},{"not_picked":["Undo","Streamline"],"picked":"Melter","floor":8.0},{"not_picked":["Compile Driver","Tempest"],"picked":"Go for the Eyes","floor":10.0},{"not_picked":["Chaos","Conserve Battery"],"picked":"Beam Cell","floor":13},{"not_picked":["Melter","Conserve Battery+1"],"picked":"Gash","floor":18},{"not_picked":["Go for the Eyes","Redo","Conserve Battery"],"picked":"SKIP","floor":19},{"not_picked":["Go for the Eyes","Doom and Gloom+1"],"picked":"Hologram","floor":24},{"not_picked":["Meteor Strike","Steam"],"picked":"Static Discharge","floor":28},{"not_picked":["Go for the Eyes","Compile Driver+1"],"picked":"White Noise","floor":29},{"not_picked":["Sweeping Beam+1","Stack"],"picked":"Gash","floor":30}],"player_experience":137553,"relics_obtained":[{"floor":6.0,"key":"Regal Pillow"},{"floor":9.0,"key":"Potion Belt"},{"floor":26,"key":"Vajra"}],"event_choices":[{"damage_healed":0.0,"max_hp_gain":0.0,"max_hp_loss":0.0,"gold_gain":75.0,"event_name":"World of Goop","player_choice":"Gather Gold","floor":2.0,"gold_loss":0.0,"damage_taken":11.0},{"damage_healed":0.0,"max_hp_gain":0.0,"max_hp_loss":0.0,"gold_gain":0.0,"event_name":"Golden Idol","player_choice":"Take Wound","floor":4.0,"gold_loss":0.0,"damage_taken":0.0,"relics_obtained":["Golden Idol"],"cards_obtained":["Injury"]},{"damage_healed":0,"gold_gain":75,"player_choice":"Touch","damage_taken":7,"max_hp_gain":0,"max_hp_loss":0,"event_name":"FaceTrader","floor":11,"gold_loss":0},{"damage_healed":0,"gold_gain":0,"player_choice":"Box","damage_taken":0,"relics_obtained":["Juzu Bracelet"],"max_hp_gain":0,"max_hp_loss":0,"event_name":"Big Fish","floor":14,"gold_loss":0,"cards_obtained":["Regret"]},{"damage_healed":0,"gold_gain":0,"player_choice":"Gave Idol","damage_taken":0,"relics_obtained":["Bloody Idol"],"max_hp_gain":0,"max_hp_loss":0,"event_name":"Forgotten Altar","floor":20,"relics_lost":["Golden Idol"],"gold_loss":0},{"damage_healed":0,"gold_gain":99,"player_choice":"Stole From Cult","damage_taken":0,"max_hp_gain":0,"max_hp_loss":0,"event_name":"Nest","floor":21,"gold_loss":0},{"damage_healed":0,"gold_gain":0,"player_choice":"Bought 0 Potions","damage_taken":0,"max_hp_gain":0,"max_hp_loss":0,"event_name":"The Woman in Blue","floor":22,"gold_loss":0},{"cards_removed":["Strike_B"],"damage_healed":0,"gold_gain":0,"player_choice":"Offered Basic","damage_taken":0,"max_hp_gain":0,"max_hp_loss":0,"event_name":"Bonfire Elementals","floor":27,"gold_loss":0}],"is_beta":false,"boss_relics":[{"not_picked":["Tiny House","Nuclear Battery"],"picked":"Inserter"}],"items_purged_floors":[12,31],"is_endless":false,"potions_floor_spawned":[3,5,10,16,18],"killed_by":"Collector","ascension_level":6}}