{"host":"c97twqu0op5dg8i4","time":1611139052,"event":{"mods":["AchievementEnabler","BaseMod","Colored Map","Minty Spire (QoL Compilation)","Permanent Neow"],"gold_per_floor":[116,116,116,116,116,116,147,160,186,220,220,234,264,264,264,264,264],"floor_reached":16,"language":"ENG","playtime":436,"items_purged":[],"score":145,"play_id":"18e6aa42-1d78-4059-9d55-a9b51ce71691","local_time":"20210120053732","is_ascension_mode":true,"campfire_choices":[{"data":"Eruption","floor":6,"key":"SMITH"},{"data":"LessonLearned","floor":11,"key":"SMITH"},{"data":"Protect","floor":15,"key":"SMITH"}],"circlet_count":0,"master_deck":["Strike_P","Strike_P","Strike_P","Strike_P","Defend_P+1","Defend_P","Defend_P","Defend_P","Eruption+1","Vigilance","Wallop+1","FollowUp","Crescendo+1","Parasite","LessonLearned+1","Protect+1","Consecrate"],"relics":["Cursed Key","Lantern","Regal Pillow","Eternal Feather","Omamori"],"acts_visited":["Exordium"],"potions_floor_usage":[7,10,10],"damage_taken":[{"damage":0,"enemies":"2 Louse","floor":1,"turns":1},{"damage":26,"enemies":"Gremlin Nob","floor":7,"turns":4},{"damage":0,"enemies":"Small Slimes","floor":8,"turns":2},{"damage":7,"enemies":"3 Sentries","floor":10,"turns":6},{"damage":0,"enemies":"Jaw Worm","floor":12,"turns":2},{"damage":12,"enemies":"Gremlin Nob","floor":13,"turns":4},{"damage":48,"enemies":"The Guardian","floor":16,"turns":9}],"seed_played":"-8545841055801714875","potions_obtained":[{"floor":1,"key":"Block Potion"},{"floor":8,"key":"Explosive Potion"},{"floor":10,"key":"Fruit Juice"}],"is_trial":false,"path_per_floor":["M","?","$","?","?","R","E","M","T","E","R","M","E","?","R","B"],"character_chosen":"WATCHER","items_purchased":[],"campfire_rested":0,"item_purchase_floors":[],"current_hp_per_floor":[72,77,77,77,77,77,51,51,51,49,58,58,46,30,39,0,0],"gold":264,"neow_bonus":"BOSS_RELIC","is_daily":false,"chose_seed":false,"campfire_upgraded":3,"win_rate":0.0,"timestamp":1611139052,"path_taken":["M","?","$","?","?","R","E","?","T","E","R","M","E","?","R","BOSS"],"items_purchased_type":[],"build_version":"2020-12-22","purchased_purges":0,"victory":false,"max_hp_per_floor":[72,77,77,77,77,77,77,77,77,82,82,82,82,82,82,82,82],"card_choices":[{"not_picked":["ReachHeaven","SashWhip"],"picked":"Wallop","floor":1},{"not_picked":["Worship","SignatureMove","WreathOfFlame"],"picked":"SKIP","floor":7},{"not_picked":["Evaluate","ForeignInfluence"],"picked":"Crescendo","floor":8},{"not_picked":["FlyingSleeves","EmptyBody"],"picked":"LessonLearned","floor":10},{"not_picked":["SashWhip","Halt"],"picked":"Protect","floor":12},{"not_picked":["JustLucky","SashWhip"],"picked":"Consecrate","floor":13}],"player_experience":273815,"relics_obtained":[{"floor":7,"key":"Lantern"},{"floor":9,"key":"Regal Pillow"},{"floor":10,"key":"Eternal Feather"},{"floor":13,"key":"Omamori"}],"event_choices":[{"damage_healed":0,"gold_gain":0,"player_choice":"Donut","damage_taken":0,"max_hp_gain":5,"max_hp_loss":0,"event_name":"Big Fish","floor":2,"gold_loss":0},{"damage_healed":0,"gold_gain":0,"player_choice":"Ignored","damage_taken":0,"max_hp_gain":0,"max_hp_loss":0,"event_name":"Golden Wing","floor":4,"gold_loss":0},{"damage_healed":0,"gold_gain":0,"player_choice":"1 cards matched","damage_taken":0,"max_hp_gain":0,"max_hp_loss":0,"event_name":"Match and Keep!","floor":5,"gold_loss":0,"cards_obtained":["FollowUp"]},{"damage_healed":0,"gold_gain":0,"player_choice":"Entered Light","damage_taken":16,"max_hp_gain":0,"max_hp_loss":0,"event_name":"Shining Light","floor":14,"gold_loss":0,"cards_upgraded":["Defend_P","Wallop"]}],"is_beta":false,"boss_relics":[],"items_purged_floors":[],"is_endless":false,"potions_floor_spawned":[1,8,10],"killed_by":"The Guardian","ascension_level":5}}