{"host":"hw9lt6p3yhr90vz0","time":1611121771,"event":{"mods":["BaseMod","DeckTracker","Minty Spire (QoL Compilation)","Relic Stats"],"gold_per_floor":[119,219,234,248,266,299,311,339,366,541,566,566,491,510,510,606,606,625,635,635,648,648,648,648],"floor_reached":23,"language":"ENG","playtime":1516,"items_purged":["Doubt"],"score":244,"play_id":"1646e184-1dcd-4fbf-aff7-7e75de56b5ff","local_time":"20210120004931","is_ascension_mode":true,"campfire_choices":[{"floor":12,"key":"REST"},{"floor":15,"key":"RECALL"}],"circlet_count":0,"master_deck":["Strike_R","Strike_R","Strike_R","Strike_R","Strike_R","Defend_R","Defend_R","Defend_R","Defend_R","Bash","Spot Weakness","Anger","Flex","Anger","Headbutt","Heavy Blade","Burning Pact","Flame Barrier","Flame Barrier","Reaper","Rampage","Iron Wave+1","Heavy Blade"],"relics":["Black Blood","Gremlin Horn","Odd Mushroom","Blood Vial"],"acts_visited":["Exordium","TheCity"],"potions_floor_usage":[8,16,18,20,23,23],"damage_taken":[{"damage":0,"enemies":"Small Slimes","floor":1,"turns":3},{"damage":1,"enemies":"Cultist","floor":3,"turns":3},{"damage":5,"enemies":"2 Louse","floor":4,"turns":3},{"damage":11,"enemies":"Blue Slaver","floor":5,"turns":3},{"damage":34,"enemies":"Lagavulin","floor":6,"turns":5},{"damage":5,"enemies":"2 Fungi Beasts","floor":7,"turns":3},{"damage":15,"enemies":"The Mushroom Lair","floor":8,"turns":3},{"damage":20,"enemies":"3 Sentries","floor":11,"turns":5},{"damage":6,"enemies":"Exordium Thugs","floor":14,"turns":3},{"damage":79,"enemies":"Slime Boss","floor":16,"turns":13},{"damage":0,"enemies":"3 Byrds","floor":18,"turns":3},{"damage":36,"enemies":"Chosen","floor":19,"turns":5},{"damage":39,"enemies":"Shelled Parasite and Fungi","floor":21,"turns":6},{"damage":74,"enemies":"Book of Stabbing","floor":23,"turns":6}],"seed_played":"1825011786599206341","potions_obtained":[{"floor":1,"key":"FairyPotion"},{"floor":5,"key":"Swift Potion"},{"floor":11,"key":"DistilledChaos"},{"floor":16,"key":"DuplicationPotion"},{"floor":20,"key":"Fruit Juice"},{"floor":20,"key":"FearPotion"},{"floor":20,"key":"Dexterity Potion"},{"floor":21,"key":"Ancient Potion"}],"is_trial":false,"path_per_floor":["M","?","M","M","M","E","M","?","T","?","E","R","$","M","R","B",null,"M","M","?","M","$","E"],"character_chosen":"IRONCLAD","items_purchased":[],"campfire_rested":1,"item_purchase_floors":[],"current_hp_per_floor":[88,88,88,88,83,55,56,47,47,47,33,59,59,61,61,17,88,88,69,74,59,59,0,0],"gold":648,"neow_bonus":"TEN_PERCENT_HP_BONUS","is_daily":false,"chose_seed":false,"campfire_upgraded":0,"win_rate":0.0,"timestamp":1611121771,"path_taken":["M","?","M","M","M","E","?","?","T","?","E","R","$","M","R","BOSS","M","M","?","?","$","E"],"items_purchased_type":[],"build_version":"2020-12-22","purchased_purges":1,"victory":false,"max_hp_per_floor":[88,88,88,88,88,88,88,88,88,88,88,88,88,88,88,88,88,88,88,93,93,93,93,93],"relic_stats":{"Blood Vial":8,"Gremlin Horn":[12,12],"counters":[14,64],"Black Blood":72,"obtain_stats":[{"Blood Vial":11,"Gremlin Horn":6,"Black Blood":17,"Odd Mushroom":8,"Burning Blood":0},{"Blood Vial":8,"Gremlin Horn":5,"Black Blood":10,"Odd Mushroom":7,"Burning Blood":0},{"Blood Vial":28,"Gremlin Horn":17,"Black Blood":44,"Odd Mushroom":23,"Burning Blood":0}]},"card_choices":[{"not_picked":["Iron Wave","True Grit"],"picked":"Spot Weakness","floor":1},{"not_picked":["Pommel Strike","True Grit"],"picked":"Anger","floor":3},{"not_picked":["Anger","Thunderclap"],"picked":"Flex","floor":4},{"not_picked":["Seeing Red","True Grit"],"picked":"Anger","floor":5},{"not_picked":["Anger","Carnage"],"picked":"Headbutt","floor":6},{"not_picked":["Thunderclap","Pummel"],"picked":"Heavy Blade","floor":7},{"not_picked":["Combust","Body Slam"],"picked":"Burning Pact","floor":8},{"not_picked":["Disarm","Inflame"],"picked":"Flame Barrier","floor":11},{"not_picked":["Dropkick","Blood for Blood"],"picked":"Flame Barrier","floor":14},{"not_picked":["Berserk","Exhume"],"picked":"Reaper","floor":16},{"not_picked":["Sword Boomerang","Havoc"],"picked":"Rampage","floor":18},{"not_picked":["Sword Boomerang","Havoc"],"picked":"Iron Wave+1","floor":19},{"not_picked":["Combust","Iron Wave"],"picked":"Heavy Blade","floor":21}],"player_experience":1239143,"relics_obtained":[{"floor":6,"key":"Gremlin Horn"},{"floor":8,"key":"Odd Mushroom"},{"floor":11,"key":"Blood Vial"}],"event_choices":[{"damage_healed":0,"gold_gain":100,"player_choice":"Pray","damage_taken":0,"max_hp_gain":0,"max_hp_loss":0,"event_name":"Golden Shrine","floor":2,"gold_loss":0},{"damage_healed":0,"gold_gain":0,"player_choice":"Fought Mushrooms","damage_taken":0,"max_hp_gain":0,"max_hp_loss":0,"event_name":"Mushrooms","floor":8,"gold_loss":0},{"damage_healed":0,"gold_gain":175,"player_choice":"AGREE","damage_taken":0,"max_hp_gain":0,"max_hp_loss":0,"event_name":"Liars Game","floor":10,"gold_loss":0,"cards_obtained":["Doubt"]},{"damage_healed":0,"gold_gain":0,"player_choice":"Got Potions","damage_taken":0,"max_hp_gain":0,"max_hp_loss":0,"event_name":"Lab","floor":20,"gold_loss":0}],"is_beta":false,"boss_relics":[{"not_picked":["Mark of Pain","Black Star"],"picked":"Black Blood"}],"items_purged_floors":[13],"is_endless":false,"potions_floor_spawned":[1,5,11,16,21],"killed_by":"Book of Stabbing","ascension_level":4}}