{"host":"ao4lxi9bhtts409i","time":1611183463,"event":{"mods":["AchievementEnabler","BaseMod","Colored Map","Colored Powertips","Minty Spire (QoL Compilation)","SuperFastMode"],"gold_per_floor":[109,61,61,61,61,86,86,121,121,155,230,155,155,168,168,263,263,279,279,296,149,160,160,192,192,266,301,320,339,357,121,121,223,223,235,78,93,93,93],"floor_reached":38,"language":"ENG","playtime":1619,"items_purged":["Strike_B","Strike_B","Strike_B"],"score":553,"play_id":"efb1c69c-21e0-4cee-81a1-d9b8909907ef","local_time":"20210120235743","is_ascension_mode":true,"campfire_choices":[{"data":"Coolheaded","floor":7,"key":"SMITH"},{"data":"Conserve Battery","floor":13,"key":"SMITH"},{"data":"Cold Snap","floor":15,"key":"SMITH"},{"data":"Blizzard","floor":23,"key":"SMITH"},{"data":"Machine Learning","floor":25,"key":"SMITH"},{"floor":32,"key":"REST"}],"circlet_count":0,"master_deck":["Strike_B+1","Defend_B","Defend_B","Defend_B","Defend_B","Zap","Dualcast+1","Coolheaded+1","Ball Lightning","Ball Lightning","Go for the Eyes","Conserve Battery+1","Cold Snap+1","Machine Learning+1","Blizzard+1","Conserve Battery","Compile Driver","Conserve Battery","Streamline+1","Cold Snap+1","Leap+1","Stack","Hologram+1","Chill","Self Repair","Buffer","Go for the Eyes+1","Chill","Capacitor","Hello World"],"relics":["Cracked Core","NeowsBlessing","Vajra","Shuriken","Mango","Sundial","SlaversCollar","GremlinMask","Molten Egg 2","Cables","StrikeDummy","Black Star"],"acts_visited":["Exordium","TheCity","TheBeyond"],"potions_floor_usage":[10,22,22,28,28,29,30,38],"damage_taken":[{"damage":0,"enemies":"Jaw Worm","floor":1,"turns":1},{"damage":0,"enemies":"Lagavulin","floor":6,"turns":1},{"damage":0,"enemies":"3 Sentries","floor":8,"turns":1},{"damage":6,"enemies":"Lagavulin","floor":10,"turns":5},{"damage":4,"enemies":"2 Louse","floor":14,"turns":2},{"damage":15,"enemies":"Hexaghost","floor":16,"turns":9},{"damage":5,"enemies":"Spheric Guardian","floor":18,"turns":4},{"damage":3,"enemies":"Chosen","floor":20,"turns":5},{"damage":1,"enemies":"Snecko","floor":22,"turns":4},{"damage":9,"enemies":"Book of Stabbing","floor":24,"turns":5},{"damage":22,"enemies":"Slavers","floor":27,"turns":6},{"damage":9,"enemies":"Snake Plant","floor":28,"turns":6},{"damage":17,"enemies":"Cultist and Chosen","floor":29,"turns":5},{"damage":13,"enemies":"Centurion and Healer","floor":30,"turns":6},{"damage":28,"enemies":"Automaton","floor":33,"turns":10},{"damage":14,"enemies":"Orb Walker","floor":35,"turns":5},{"damage":41,"enemies":"3 Shapes","floor":37,"turns":6},{"damage":54,"enemies":"2 Orb Walkers","floor":38,"turns":5}],"seed_played":"-3539776524497279628","potions_obtained":[{"floor":8,"key":"PotionOfCapacity"},{"floor":16,"key":"ColorlessPotion"},{"floor":18,"key":"Swift Potion"},{"floor":20,"key":"EssenceOfDarkness"},{"floor":24,"key":"Swift Potion"},{"floor":27,"key":"Energy Potion"},{"floor":28,"key":"DuplicationPotion"},{"floor":30,"key":"Dexterity Potion"}],"is_trial":false,"path_per_floor":["M","$","?","?","?","E","R","E","T","E","?","$","R","M","R","B",null,"M","?","M","$","M","R","E","R","T","E","M","M","M","$","R","B",null,"M","$","M","?"],"character_chosen":"DEFECT","items_purchased":["Ball Lightning","Compile Driver","Chill","Self Repair","Chill","Capacitor"],"campfire_rested":1,"item_purchase_floors":[2,21,31,31,36,36],"current_hp_per_floor":[75,75,60,60,65,65,65,65,79,73,62,62,62,58,58,43,94,89,89,86,86,85,85,76,76,76,54,45,28,15,15,43,22,94,87,87,53,0,0],"gold":93,"neow_bonus":"THREE_ENEMY_KILL","is_daily":false,"chose_seed":false,"campfire_upgraded":5,"win_rate":0.0,"timestamp":1611183463,"path_taken":["M","$","?","?","?","E","R","E","T","E","?","?","R","M","R","BOSS","M","?","M","$","?","R","E","R","T","E","?","M","M","$","R","BOSS","M","$","M","?"],"items_purchased_type":["Card","Card","Card","Card","Card","Card"],"build_version":"2020-12-22","purchased_purges":3,"victory":false,"max_hp_per_floor":[75,75,75,75,80,80,80,80,94,94,94,94,94,94,94,94,94,94,94,94,94,94,94,94,94,94,94,94,94,94,94,94,94,94,94,94,94,94,94],"card_choices":[{"not_picked":["Leap","Beam Cell"],"picked":"Coolheaded","floor":1},{"not_picked":["Leap","Beam Cell"],"picked":"Ball Lightning","floor":6},{"not_picked":["Streamline","Redo"],"picked":"Go for the Eyes","floor":8},{"not_picked":["Aggregate","Compile Driver"],"picked":"Conserve Battery","floor":10},{"not_picked":["Meteor Strike","Fusion"],"picked":"Cold Snap","floor":14},{"not_picked":["Buffer","Core Surge"],"picked":"Machine Learning","floor":16},{"not_picked":["Storm+1","Steam Power"],"picked":"Blizzard","floor":18},{"not_picked":["Steam","Fusion"],"picked":"Conserve Battery","floor":20},{"not_picked":["Ball Lightning","Leap"],"picked":"Conserve Battery","floor":22},{"not_picked":["Reboot","Storm"],"picked":"Streamline+1","floor":24},{"not_picked":["Doom and Gloom+1","Auto Shields"],"picked":"Cold Snap+1","floor":27},{"not_picked":["Streamline+1","Rip and Tear+1"],"picked":"Leap+1","floor":28},{"not_picked":["Go for the Eyes+1","Ball Lightning+1"],"picked":"Stack","floor":29},{"not_picked":["Barrage+1","Blizzard+1"],"picked":"Hologram+1","floor":30},{"not_picked":["Fission","Electrodynamics"],"picked":"Buffer","floor":33},{"not_picked":["Ball Lightning+1","Force Field"],"picked":"Go for the Eyes+1","floor":35},{"not_picked":["Go for the Eyes+1","Electrodynamics"],"picked":"Hello World","floor":37}],"player_experience":231110,"relics_obtained":[{"floor":6,"key":"Vajra"},{"floor":8,"key":"Shuriken"},{"floor":9,"key":"Mango"},{"floor":10,"key":"Sundial"},{"floor":24,"key":"Molten Egg 2"},{"floor":26,"key":"Cables"},{"floor":27,"key":"StrikeDummy"}],"event_choices":[{"damage_healed":0,"gold_gain":0,"player_choice":"Entered Light","damage_taken":15,"max_hp_gain":0,"max_hp_loss":0,"event_name":"Shining Light","floor":3,"gold_loss":0,"cards_upgraded":["Dualcast","Strike_B"]},{"damage_healed":0,"gold_gain":0,"player_choice":"Ignored","damage_taken":0,"max_hp_gain":0,"max_hp_loss":0,"event_name":"Liars Game","floor":4,"gold_loss":0},{"damage_healed":0,"gold_gain":0,"player_choice":"Donut","damage_taken":0,"max_hp_gain":5,"max_hp_loss":0,"event_name":"Big Fish","floor":5,"gold_loss":0},{"damage_healed":0,"gold_gain":75,"player_choice":"Gather Gold","damage_taken":11,"max_hp_gain":0,"max_hp_loss":0,"event_name":"World of Goop","floor":11,"gold_loss":0},{"damage_healed":0,"gold_gain":0,"player_choice":"Trade","damage_taken":0,"relics_obtained":["GremlinMask"],"max_hp_gain":0,"max_hp_loss":0,"event_name":"FaceTrader","floor":19,"gold_loss":0},{"damage_healed":0,"gold_gain":0,"player_choice":"Fight","damage_taken":0,"max_hp_gain":0,"max_hp_loss":0,"event_name":"Mysterious Sphere","floor":38,"gold_loss":0}],"is_beta":false,"boss_relics":[{"not_picked":["Calling Bell","Runic Pyramid"],"picked":"SlaversCollar"},{"not_picked":["Runic Dome","Philosopher\u0027s Stone"],"picked":"Black Star"}],"items_purged_floors":[12,21,31],"is_endless":false,"potions_floor_spawned":[8,16,18,20,24,27,28,30],"killed_by":"2 Orb Walkers","ascension_level":2}}