{"host":"te4ihy0orbpglf07","time":1611147990,"event":{"mods":["Act Like it!","Arknights The Spire","BaseMod","BetterRewards","Downfall","Ekko","Friendly Minions","Gensokyo","Hubris","Infinite Spire","Minty Spire (QoL Compilation)","RumiaBox-????????","Small Relic Pack","StSLib","SuperFastMode","Td1madao Mod","Waifu the Spire","??????REMEMod"],"gold_per_floor":[110,122,138,138,151,151,161,161,238,238,238,346,370,389,389,492,492,507,507,601,611,611,611,611,611],"floor_reached":24,"language":"ENG","playtime":1226,"items_purged":["Defend_C"],"score":298,"play_id":"c7a6e861-dd2a-486d-92cd-aa4d130623f8","local_time":"20210120160630","is_ascension_mode":false,"campfire_choices":[{"data":"REME_WheelOfFate","floor":6.0,"key":"SMITH"},{"floor":8.0,"key":"REST"},{"data":"Fire Blade","floor":11.0,"key":"SMITH"},{"floor":15,"key":"REST"},{"floor":23,"key":"REST"}],"circlet_count":0,"master_deck":["Strike_C","Strike_C","Strike_C","Strike_C","Defend_C","Defend_C","Defend_C","Knight Kick","Chip","REME_WheelOfFate+1","Fire Up","White Contract","Fire Blade+1","infinitespire:Punishment","Fixing","Load Balancing","Shockwave Tdmadao","Machining","Shockwave Tdmadao","Fire Blade+1","REME_WheelOfFate+1","Lunge","sneckomod:UnknownDraw+1","Three Hit+1"],"relics":["Apod","REME_ComplimentaryCards","SSSystem","InkBottle","MealTicket","Sozu","Ccalipers","hubris:ScarierMask","Boot"],"acts_visited":["Exordium","TheCity"],"potions_floor_usage":[16,16,16,24],"damage_taken":[{"damage":17.0,"enemies":"Cultist","floor":1.0,"turns":6.0},{"damage":17.0,"enemies":"Jaw Worm","floor":2.0,"turns":5.0},{"damage":8.0,"enemies":"Small Slimes","floor":3.0,"turns":3.0},{"damage":19.0,"enemies":"Blue Slaver","floor":5.0,"turns":4.0},{"damage":16.0,"enemies":"2 Fungi Beasts","floor":7.0,"turns":3.0},{"damage":33,"enemies":"Gremlin Nob","floor":12,"turns":4},{"damage":8,"enemies":"Lots of Slimes","floor":14,"turns":2},{"damage":19,"enemies":"Hexaghost","floor":16,"turns":7},{"damage":16,"enemies":"Chosen","floor":18,"turns":5},{"damage":31,"enemies":"2 Thieves","floor":20,"turns":5},{"damage":20,"enemies":"Shelled Parasite and Fungi","floor":21,"turns":4},{"damage":27,"enemies":"Nightmare","floor":24,"turns":3}],"seed_played":"5514904684478341447","potions_obtained":[{"floor":1.0,"key":"SpeedPotion"},{"floor":5.0,"key":"FearPotion"},{"floor":12,"key":"EntropicBrew"}],"is_trial":false,"path_per_floor":["M","M","M","?","M","R","M","R","T","?","R","E","T","M","R","B",null,"M","?","M","M","AVR","R","NM"],"character_chosen":"TD1MADAO_CLASS","items_purchased":[],"campfire_rested":3,"item_purchase_floors":[],"current_hp_per_floor":[53,56,48,31,32,32,16,37,37,60,60,27,27,19,40,21,70,57,57,26,6,6,27,0,0],"gold":611,"neow_bonus":"","is_daily":false,"chose_seed":false,"campfire_upgraded":2,"win_rate":0.0,"timestamp":1611147990,"path_taken":["M","M","?","?","M","R","M","R","T","?","R","E","?","M","R","BOSS","M","?","?","M","AVR","R","NM"],"items_purchased_type":[],"build_version":"2020-12-22","purchased_purges":1,"victory":false,"max_hp_per_floor":[70,70,70,70,70,70,70,70,70,70,70,70,70,70,70,70,70,70,70,70,70,70,70,70,70],"card_choices":[{"not_picked":["Cursed Blade","Thunder Jump"],"picked":"Fire Up","floor":1.0},{"not_picked":["Money Cant Rescue","Three Hit"],"picked":"White Contract","floor":2.0},{"not_picked":["Provocative","Light Attack"],"picked":"Fire Blade","floor":3.0},{"not_picked":["infinitespire:Execution","hubris:Fate"],"picked":"infinitespire:Punishment","floor":4.0},{"not_picked":["Afterwards","Money Cant Rescue"],"picked":"Fixing","floor":5.0},{"not_picked":["Floating Swing Kick","Black Hand"],"picked":"Load Balancing","floor":7.0},{"not_picked":["Recovery Mechanism","Ruin Defend"],"picked":"Shockwave Tdmadao","floor":12},{"not_picked":["Judgment","Resistance"],"picked":"Machining","floor":14},{"not_picked":["Pod Laser","Overclocking"],"picked":"Shockwave Tdmadao","floor":16},{"not_picked":["Machining","Here Defend Chip"],"picked":"Fire Blade+1","floor":18},{"not_picked":["Fixing","Gravity Defend"],"picked":"Lunge","floor":20},{"not_picked":["sneckomod:UnknownUncommonAttack+1","sneckomod:UnknownExhaust+1"],"picked":"sneckomod:UnknownDraw+1","floor":21},{"not_picked":["Oblique Hack+1","Here Defend Chip"],"picked":"Three Hit+1","floor":21}],"player_experience":61039,"relics_obtained":[{"floor":9.0,"key":"InkBottle"},{"floor":12,"key":"MealTicket"}],"event_choices":[{"damage_healed":23.0,"max_hp_gain":0.0,"max_hp_loss":0.0,"gold_gain":0.0,"event_name":"Big Fish","player_choice":"Banana","floor":10.0,"gold_loss":0.0,"damage_taken":0.0},{"damage_healed":0,"gold_gain":0,"player_choice":"Copied","damage_taken":0,"max_hp_gain":0,"max_hp_loss":0,"event_name":"Duplicator","floor":19,"gold_loss":0,"cards_obtained":["REME_WheelOfFate"]}],"is_beta":false,"boss_relics":[{"not_picked":["relicPack:ShieldShield","hubris:Backtick"],"picked":"Sozu"}],"items_purged_floors":[22],"is_endless":false,"potions_floor_spawned":[1,5,12,14,20],"killed_by":"Nightmare","ascension_level":0}}