{"host":"3j2m8n0ywf988fwb","time":1611135397,"event":{"mods":["2.2 Compatiblity","AchievementEnabler","Act Like it!","Aspiration","Astrologer","BaseMod","Beaked The Cultist","Better Altar","Better Match","Better Note","Better Sensory Stone","Better Skull","Better Third Choice","CCEM","ChefMod","Colored Map","Colored Powertips","Conspire","Dark Map","Energized Spire","Evolution","Fireblade Mod","GifTheSpireLib","Googly Eyes","Halation","Hallownest","Highlight Path","Hubris","Infinite Spire","Jedi Mod","Marisa????????","Marked Mod","Mimic Mod","Minty Spire (QoL Compilation)","Random Character Button","Relic Stats","Replay The Spire","Robot Space Explorer","Shop Mod","Somnambulant","Spire Arcade","StSLib","Stuff the Spire","The Bug Knight","The Hierophant","The Kombatant","The Marked","The Runesmith","TheFirefly","Unceasing Turn Reminder","everything is the same but u backflip on backflip"],"gold_per_floor":[117,117,117,117,128,153,153,169,169,169,132,10,10,10],"floor_reached":13,"language":"ENG","playtime":251,"items_purged":["Regret"],"score":125,"play_id":"a2ea4643-d029-4dac-855c-3f4be7ea7291","local_time":"20210120033637","is_ascension_mode":true,"campfire_choices":[],"circlet_count":0,"master_deck":["Twin Strike","Twin Strike","Twin Strike","Twin Strike","Strike_R","Defend_R","Defend_R","Defend_R","Defend_R","Bash","jedi:fear","Blood for Blood","infinitespire:OneForAll","Shrug It Off","jedi:fear"],"relics":["Burning Blood","EVO:Axolotl","hubris:Icosahedron","StuffTheSpire:RedRose","CCEMRelics:WhiteRose","Paper Frog"],"acts_visited":["Exordium"],"potions_floor_usage":[13],"damage_taken":[{"damage":12,"enemies":"Jaw Worm","floor":1,"turns":2},{"damage":0,"enemies":"2 Louse","floor":5,"turns":1},{"damage":58,"enemies":"Gremlin Nob","floor":6,"turns":4},{"damage":3,"enemies":"Cultist","floor":8,"turns":3},{"damage":23,"enemies":"Large Slime","floor":11,"turns":4},{"damage":20,"enemies":"3 Sentries","floor":13,"turns":2}],"seed_played":"-8545152063179139229","potions_obtained":[{"floor":1,"key":"Death Potion"},{"floor":6,"key":"Toxic Potion"}],"is_trial":false,"path_per_floor":["M","?","?","?","M","E","R","M","T","?","M","$","E"],"character_chosen":"IRONCLAD","items_purchased":["jedi:fear"],"campfire_rested":0,"item_purchase_floors":[12],"current_hp_per_floor":[74,74,74,74,80,28,28,31,31,31,14,14,0,0],"gold":10,"neow_bonus":"ONE_RANDOM_RARE_CARD","is_daily":false,"chose_seed":false,"campfire_upgraded":0,"win_rate":0.0,"timestamp":1611135397,"path_taken":["M","?","?","?","M","E","R","?","T","?","M","?","E"],"items_purchased_type":["Card"],"build_version":"2020-12-22","purchased_purges":1,"victory":false,"max_hp_per_floor":[80,80,80,80,80,80,80,80,80,80,80,80,80,80],"relic_stats":{"counters":[6,16],"obtain_stats":[{"hubris:Icosahedron":2,"EVO:Axolotl":0,"StuffTheSpire:RedRose":3,"CCEMRelics:WhiteRose":6,"Burning Blood":0,"Paper Frog":9},{"hubris:Icosahedron":1,"EVO:Axolotl":0,"StuffTheSpire:RedRose":1,"CCEMRelics:WhiteRose":3,"Burning Blood":0,"Paper Frog":4},{"hubris:Icosahedron":2,"EVO:Axolotl":0,"StuffTheSpire:RedRose":2,"CCEMRelics:WhiteRose":7,"Burning Blood":0,"Paper Frog":10}],"Burning Blood":30},"card_choices":[{"not_picked":["Thunderclap","Power Through"],"picked":"jedi:fear","floor":1},{"not_picked":["Thunderclap","StuffTheSpire:Slingshot"],"picked":"infinitespire:OneForAll","floor":5},{"not_picked":["Heavy Blade","Feel No Pain","Rupture"],"picked":"SKIP","floor":6},{"not_picked":["Run Through","Heavy Blade","Shrug It Off"],"picked":"SKIP","floor":8},{"not_picked":["Run Through","Heavy Blade"],"picked":"Shrug It Off","floor":8},{"not_picked":["Sword Boomerang","Defy Death","StuffTheSpire:RockThrow"],"picked":"SKIP","floor":11}],"player_experience":1095800,"relics_obtained":[{"floor":6,"key":"CCEMRelics:WhiteRose"},{"floor":9,"key":"Paper Frog"}],"event_choices":[{"damage_healed":0,"gold_gain":0,"cards_transformed":["conspire:Purge"],"player_choice":"Transformed","damage_taken":0,"max_hp_gain":0,"max_hp_loss":0,"event_name":"Transmorgrifier","floor":4,"gold_loss":0,"cards_obtained":["Blood for Blood"]}],"is_beta":false,"boss_relics":[],"items_purged_floors":[12],"is_endless":false,"potions_floor_spawned":[1,6],"killed_by":"3 Sentries","ascension_level":4}}