{"host":"foq4mrde4mssg7vt","time":1611158390,"event":{"mods":["AchievementEnabler","BaseMod","Colored Map","Colored Powertips","Highlight Path","Minty Spire (QoL Compilation)","Relic Stats","everything is the same but u backflip on backflip"],"gold_per_floor":[112,126,137,150,150,150,160,176,228,228,52,64,94,172,172,250,250,266,266,266,59,59,59,59,59,59,79,79,112,122,141,141,213,213,233,102,116,73,88,88,106,106,152,152,166,183,195,73,73,73,73,73,27,58,58,58],"floor_reached":55,"language":"ENG","playtime":2882,"items_purged":["Strike_B","Parasite"],"score":1275,"play_id":"37a0b584-45b7-4ee2-96ef-a59c7ddb4d40","local_time":"20210120235950","is_ascension_mode":true,"campfire_choices":[{"data":"Static Discharge","floor":6.0,"key":"SMITH"},{"data":"Loop","floor":10.0,"key":"SMITH"},{"data":"Streamline","floor":15.0,"key":"SMITH"},{"data":"Apotheosis","floor":23.0,"key":"SMITH"},{"data":"Loop","floor":25.0,"key":"SMITH"},{"data":"Ghostly","floor":28.0,"key":"SMITH"},{"data":"Seek","floor":32.0,"key":"SMITH"},{"data":"Ghostly","floor":40.0,"key":"SMITH"},{"floor":42.0,"key":"RECALL"},{"data":"Ghostly","floor":44.0,"key":"SMITH"},{"floor":49.0,"key":"REST"},{"data":"Consume","floor":52.0,"key":"SMITH"}],"circlet_count":0,"master_deck":["AscendersBane","Zap","Dualcast","Turbo","Cold Snap","Glacier","Static Discharge+1","Loop+1","Gash","Streamline+1","Loop+1","Compile Driver","Seek+1","RitualDagger","Ghostly+1","Ghostly+1","Ghostly+1","Apotheosis+1","Barrage+1","Gash+1","All For One","Lockon","Coolheaded","Consume+1","Loop","Core Surge","Reboot","Barrage","Conserve Battery","Force Field+1","Go for the Eyes+1","Loop"],"relics":["Runic Pyramid","The Courier","Toy Ornithopter","PreservedInsect","Eternal Feather","SlaversCollar","Dream Catcher","Pandora\u0027s Box","ClockworkSouvenir","Anchor","Orichalcum"],"acts_visited":["Exordium","TheCity","TheBeyond","TheEnding"],"potions_floor_usage":[55],"damage_taken":[{"damage":1.0,"enemies":"Cultist","floor":1.0,"turns":3.0},{"damage":7.0,"enemies":"Jaw Worm","floor":2.0,"turns":3.0},{"damage":2.0,"enemies":"Small Slimes","floor":3.0,"turns":3.0},{"damage":0.0,"enemies":"2 Fungi Beasts","floor":4.0,"turns":4.0},{"damage":0.0,"enemies":"Large Slime","floor":7.0,"turns":10.0},{"damage":10.0,"enemies":"Lots of Slimes","floor":8.0,"turns":3.0},{"damage":0.0,"enemies":"Looter","floor":12.0,"turns":4.0},{"damage":14.0,"enemies":"3 Sentries","floor":13.0,"turns":6.0},{"damage":15.0,"enemies":"The Guardian","floor":16.0,"turns":12.0},{"damage":6.0,"enemies":"Chosen","floor":18.0,"turns":7.0},{"damage":0.0,"enemies":"Shell Parasite","floor":27.0,"turns":9.0},{"damage":2.0,"enemies":"Gremlin Leader","floor":29.0,"turns":8.0},{"damage":4.0,"enemies":"Snake Plant","floor":30.0,"turns":7.0},{"damage":2.0,"enemies":"Centurion and Healer","floor":31.0,"turns":5.0},{"damage":11.0,"enemies":"Champ","floor":33.0,"turns":12.0},{"damage":18.0,"enemies":"3 Darklings","floor":35.0,"turns":3.0},{"damage":11.0,"enemies":"3 Shapes","floor":37.0,"turns":4.0},{"damage":2.0,"enemies":"Sphere and 2 Shapes","floor":39.0,"turns":6.0},{"damage":3.0,"enemies":"Writhing Mass","floor":41.0,"turns":12.0},{"damage":4.0,"enemies":"4 Shapes","floor":45.0,"turns":7.0},{"damage":1.0,"enemies":"3 Darklings","floor":46.0,"turns":6.0},{"damage":23.0,"enemies":"Sphere and 2 Shapes","floor":47.0,"turns":8.0},{"damage":29.0,"enemies":"Donu and Deca","floor":50.0,"turns":9.0},{"damage":24.0,"enemies":"Shield and Spear","floor":54.0,"turns":6.0},{"damage":13,"enemies":"The Heart","floor":55,"turns":3}],"seed_played":"2664931202617370910","potions_obtained":[{"floor":3.0,"key":"FearPotion"},{"floor":7.0,"key":"Weak Potion"},{"floor":13.0,"key":"DuplicationPotion"},{"floor":29.0,"key":"Block Potion"},{"floor":45.0,"key":"GamblersBrew"}],"is_trial":false,"path_per_floor":["M","M","M","M","?","R","M","M","T","R","$","M","E","?","R","B",null,"M","?","?","$","?","R","?","R","T","M","R","E","M","M","R","B",null,"M","$","M","$","M","R","M","R","T","R","M","M","M","$","R","B",null,"R","$","E","B"],"character_chosen":"DEFECT","items_purchased":["PreservedInsect","Streamline","Apotheosis","ClockworkSouvenir","Energy Potion","PowerPotion","SkillPotion"],"campfire_rested":1,"item_purchase_floors":[11,11,21,36,38,48,53],"current_hp_per_floor":[63,56,54,54,43,43,43,33,33,33,33,33,19,19,31,16,57,51,45,35,35,35,35,35,35,35,35,35,35,31,29,35,24,32,17,17,6,6,4,22,19,35,35,35,31,30,7,7,32,5,25,32,32,8,0,0],"gold":58,"neow_bonus":"BOSS_RELIC","is_daily":false,"chose_seed":false,"campfire_upgraded":10,"win_rate":0.0,"timestamp":1611158390,"path_taken":["M","M","M","M","?","R","M","M","T","R","$","M","E","?","R","BOSS","M","?","?","$","?","R","?","R","T","M","R","E","M","M","R","BOSS","M","$","?","?","M","R","M","R","T","R","M","M","M","$","R","BOSS","R","$","E","BOSS"],"items_purchased_type":["Relic","Card","Card","Relic","Potion","Potion","Potion"],"build_version":"2020-12-22","purchased_purges":2,"victory":false,"max_hp_per_floor":[71,71,71,71,71,71,71,71,71,71,71,71,71,71,71,71,71,71,71,35,35,35,35,35,35,35,35,35,35,35,35,35,35,35,35,35,35,35,35,35,35,35,35,35,35,35,35,32,32,32,32,32,32,32,32,32],"relic_stats":{"Dream Catcher":1,"counters":[25,158],"Eternal Feather":77,"Pandora\u0027s Box":["Lockon","Coolheaded","Consume","Loop","Core Surge","Reboot","Barrage"],"PreservedInsect":174,"Orichalcum":[6],"obtain_stats":[{"SlaversCollar":17,"Dream Catcher":29,"Anchor":43,"Eternal Feather":13,"Pandora\u0027s Box":34,"The Courier":5,"PreservedInsect":11,"Orichalcum":54,"Cracked Core":0,"Toy Ornithopter":9,"Runic Pyramid":0,"ClockworkSouvenir":36},{"SlaversCollar":9,"Dream Catcher":12,"Anchor":19,"Eternal Feather":8,"Pandora\u0027s Box":15,"The Courier":4,"PreservedInsect":6,"Orichalcum":24,"Cracked Core":0,"Toy Ornithopter":6,"Runic Pyramid":0,"ClockworkSouvenir":16},{"SlaversCollar":48,"Dream Catcher":72,"Anchor":120,"Eternal Feather":36,"Pandora\u0027s Box":96,"The Courier":13,"PreservedInsect":26,"Orichalcum":155,"Cracked Core":0,"Toy Ornithopter":26,"Runic Pyramid":0,"ClockworkSouvenir":99}],"Toy Ornithopter":12},"card_choices":[{"not_picked":["Cold Snap","Consume"],"picked":"Turbo","floor":1.0},{"not_picked":["Rebound","Turbo"],"picked":"Cold Snap","floor":2.0},{"not_picked":["BootSequence","Rebound"],"picked":"Glacier","floor":3.0},{"not_picked":["Scrape","Redo"],"picked":"Static Discharge","floor":4.0},{"not_picked":["Undo","Beam Cell"],"picked":"Loop","floor":7.0},{"not_picked":["All For One","Stack"],"picked":"Gash","floor":8.0},{"not_picked":["Heatsinks","Steam"],"picked":"Loop","floor":12.0},{"not_picked":["Aggregate","Turbo"],"picked":"Compile Driver","floor":13.0},{"not_picked":["Multi-Cast","Creative AI"],"picked":"Seek","floor":16.0},{"not_picked":["Compile Driver","Rebound","Darkness"],"picked":"SKIP","floor":18.0},{"not_picked":["Steam","Leap","Double Energy"],"picked":"SKIP","floor":27.0},{"not_picked":["Cold Snap+1","Compile Driver","Turbo"],"picked":"SKIP","floor":29.0},{"not_picked":["Chill","Ball Lightning"],"picked":"Barrage+1","floor":30.0},{"not_picked":["Beam Cell","Redo"],"picked":"Gash+1","floor":31.0},{"not_picked":["Multi-Cast","Reboot"],"picked":"All For One","floor":33.0},{"not_picked":["Sweeping Beam","Coolheaded"],"picked":"Conserve Battery","floor":35.0},{"not_picked":["Steam","All For One","Beam Cell"],"picked":"SKIP","floor":37.0},{"not_picked":["Ball Lightning","Rebound"],"picked":"Force Field+1","floor":39.0},{"not_picked":["Coolheaded+1","Streamline","Barrage"],"picked":"SKIP","floor":41.0},{"not_picked":["Glacier","Redo","Melter+1"],"picked":"SKIP","floor":45.0},{"not_picked":["Genetic Algorithm+1","Redo","Beam Cell"],"picked":"SKIP","floor":46.0},{"not_picked":["Beam Cell","Leap","Redo"],"picked":"SKIP","floor":47.0},{"not_picked":["Ball Lightning+1","Streamline"],"picked":"Go for the Eyes+1","floor":49.0},{"not_picked":["Blizzard+1","Steam"],"picked":"Loop","floor":54.0}],"player_experience":516550,"relics_obtained":[{"floor":9.0,"key":"Toy Ornithopter"},{"floor":13.0,"key":"Eternal Feather"},{"floor":29.0,"key":"Dream Catcher"},{"floor":43.0,"key":"Anchor"},{"floor":54.0,"key":"Orichalcum"}],"event_choices":[{"damage_healed":0.0,"max_hp_gain":0.0,"max_hp_loss":0.0,"gold_gain":0.0,"event_name":"Scrap Ooze","player_choice":"Success","floor":5.0,"gold_loss":0.0,"damage_taken":11.0,"relics_obtained":["The Courier"]},{"damage_healed":0.0,"max_hp_gain":0.0,"max_hp_loss":0.0,"gold_gain":78.0,"event_name":"Golden Wing","player_choice":"Gained Gold","floor":14.0,"gold_loss":0.0,"damage_taken":0.0},{"damage_healed":0.0,"max_hp_gain":0.0,"max_hp_loss":0.0,"gold_gain":0.0,"event_name":"Nest","player_choice":"Joined the Cult","floor":19.0,"gold_loss":0.0,"damage_taken":6.0,"cards_obtained":["RitualDagger"]},{"damage_healed":0.0,"max_hp_gain":0.0,"max_hp_loss":36.0,"gold_gain":0.0,"event_name":"Ghosts","player_choice":"Became a Ghost","floor":20.0,"gold_loss":0.0,"damage_taken":0.0,"cards_obtained":["Ghostly","Ghostly","Ghostly"]},{"damage_healed":0.0,"max_hp_gain":0.0,"max_hp_loss":0.0,"gold_gain":0.0,"event_name":"Vampires","player_choice":"Ignored","floor":22.0,"gold_loss":0.0,"damage_taken":0.0},{"damage_healed":0.0,"max_hp_gain":0.0,"max_hp_loss":0.0,"gold_gain":0.0,"event_name":"Match and Keep!","player_choice":"0 cards matched","floor":24.0,"gold_loss":0.0,"damage_taken":0.0,"cards_obtained":[]}],"is_beta":false,"boss_relics":[{"not_picked":["Calling Bell","Busted Crown"],"picked":"SlaversCollar"},{"not_picked":["Sozu","SacredBark"],"picked":"Pandora\u0027s Box"}],"items_purged_floors":[21,48],"is_endless":false,"potions_floor_spawned":[3,7,13,16,27,29,41,45],"killed_by":"The Heart","ascension_level":19}}