{"host":"s0rqbuvjzggdtc2s","time":1611130583,"event":{"mods":["ATMod(°¢èªMod)","BaseMod","Minty Spire (QoL Compilation)","StSLib","¡¾ÒÅÎï¿¨ÅÆ¡¿REMEMod"],"gold_per_floor":[110,128,53,128,128,161,26,40,118,128,148,53,70,83,83,182,182,198,298,298,25,42,42,56,56,56,179,267,329,329,361,361,517,517,542,564,218,264,264,264,264,264,264,358,358,389,64,64,64,100],"floor_reached":51,"language":"ZHS","playtime":3340,"items_purged":["Strike_G","Neutralize","Strike_G","Strike_G","AT_ArcaneSupremacy"],"score":796,"play_id":"cc68d54d-7f94-40b4-869a-ae2300e367e9","local_time":"20210120161623","is_ascension_mode":false,"campfire_choices":[{"data":"AT_ArcaneSupremacy","floor":15.0,"key":"SMITH"},{"data":"REME_CopyPotion","floor":23.0,"key":"SMITH"},{"data":"AT_ShadowStep","floor":25.0,"key":"SMITH"},{"floor":30.0,"key":"REST"},{"data":"AT_ShadowStep","floor":32.0,"key":"SMITH"},{"data":"REME_CopyPotion","floor":40,"key":"SMITH"},{"data":"Tools of the Trade","floor":42,"key":"SMITH"},{"floor":45,"key":"REST"},{"floor":49,"key":"REST"}],"circlet_count":0,"master_deck":["Strike_G","Strike_G","Defend_G","Defend_G","Defend_G","Defend_G","Defend_G","Survivor","AT_KneejerkReflex+1","Juggernaut","Sucker Punch","AT_ArcaneSupremacy+1","AT_ShadowStep+1","Outmaneuver","Acrobatics","AT_ShadowStep+1","Prepared","Acrobatics","REME_CopyPotion+1","Well Laid Plans","REME_CopyPotion+1","REME_ShadowStrike+1","Blur+1","Tools of the Trade+1","Prepared+1","Panache","AT_WomanClash+1"],"relics":["Ring of the Snake","AT_ATBox","REME_ComplimentaryCards","NeowsBlessing","Dream Catcher","Ninja Scroll","Busted Crown","Blood Vial","REME_ArchaeologicalTools","AT_SunfireAegis","Sozu","White Beast Statue","HandDrill"],"acts_visited":["Exordium","TheCity","TheBeyond"],"potions_floor_usage":[50],"damage_taken":[{"damage":0.0,"enemies":"2 Louse","floor":1.0,"turns":1.0},{"damage":0.0,"enemies":"Jaw Worm","floor":2.0,"turns":1.0},{"damage":0.0,"enemies":"Lagavulin","floor":6.0,"turns":1.0},{"damage":0.0,"enemies":"Cultist","floor":8.0,"turns":5.0},{"damage":10.0,"enemies":"Looter","floor":10.0,"turns":3.0},{"damage":13.0,"enemies":"Exordium Thugs","floor":11.0,"turns":3.0},{"damage":3.0,"enemies":"Large Slime","floor":13.0,"turns":4.0},{"damage":5.0,"enemies":"Blue Slaver","floor":14.0,"turns":4.0},{"damage":26.0,"enemies":"Slime Boss","floor":16.0,"turns":10.0},{"damage":3.0,"enemies":"3 Byrds","floor":18.0,"turns":5.0},{"damage":5.0,"enemies":"Chosen","floor":22.0,"turns":3.0},{"damage":0.0,"enemies":"Centurion and Healer","floor":24.0,"turns":4.0},{"damage":17.0,"enemies":"Sentry and Sphere","floor":27.0,"turns":5.0},{"damage":12.0,"enemies":"Book of Stabbing","floor":28.0,"turns":5.0},{"damage":0.0,"enemies":"Snake Plant","floor":29.0,"turns":2.0},{"damage":0.0,"enemies":"Shelled Parasite and Fungi","floor":31.0,"turns":3.0},{"damage":0.0,"enemies":"Champ","floor":33.0,"turns":7.0},{"damage":10.0,"enemies":"3 Shapes","floor":35.0,"turns":3.0},{"damage":0.0,"enemies":"3 Darklings","floor":36.0,"turns":2.0},{"damage":0,"enemies":"4 Shapes","floor":38,"turns":4},{"damage":14,"enemies":"Transient","floor":44,"turns":4},{"damage":6,"enemies":"Maw","floor":46,"turns":3},{"damage":56,"enemies":"Awakened One","floor":50,"turns":4}],"seed_played":"2058860571792499886","potions_obtained":[{"floor":2.0,"key":"Energy Potion"},{"floor":10.0,"key":"BlessingOfTheForge"},{"floor":11.0,"key":"Weak Potion"},{"floor":13.0,"key":"Block Potion"},{"floor":24.0,"key":"SkillPotion"},{"floor":31.0,"key":"Ancient Potion"},{"floor":33.0,"key":"ColorlessPotion"}],"is_trial":false,"path_per_floor":["M","M","$","?","?","E","$","M","T","M","M","$","M","M","R","B",null,"M","?","$","$","M","R","M","R","T","M","E","M","R","M","R","B",null,"M","M","$","M","?","R","?","R","T","M","R","M","$","?","R","B",null],"character_chosen":"THE_SILENT","items_purchased":["AT_ShadowStep","Prepared","Acrobatics","Blood Vial","Panache","HandDrill"],"campfire_rested":3,"item_purchase_floors":[7,12,12,21,37,47],"current_hp_per_floor":[70,70,70,59,59,59,59,59,59,49,36,36,33,28,28,2,70,67,67,67,67,64,64,66,66,66,53,43,45,66,68,68,70,70,60,62,62,64,64,64,64,64,64,52,70,64,64,64,70,18],"gold":100,"neow_bonus":"THREE_ENEMY_KILL","is_daily":false,"chose_seed":false,"campfire_upgraded":6,"win_rate":0.0,"timestamp":1611130583,"path_taken":["M","M","$","?","?","E","?","M","T","?","M","$","M","M","R","BOSS","M","?","?","$","M","R","M","R","T","M","E","M","R","M","R","BOSS","M","M","$","M","?","R","?","R","T","M","R","M","$","?","R","BOSS"],"items_purchased_type":["Card","Card","Card","Relic","Card","Relic"],"build_version":"2020-12-22","purchased_purges":5,"victory":true,"max_hp_per_floor":[70,70,70,70,70,70,70,70,70,70,70,70,70,70,70,70,70,70,70,70,70,70,70,70,70,70,70,70,70,70,70,70,70,70,70,70,70,70,70,70,70,70,70,70,70,70,70,70,70,74],"card_choices":[{"not_picked":["AT_Desolate","Deadly Poison"],"picked":"Sucker Punch","floor":1.0},{"not_picked":["Backflip","Underhanded Strike","All Out Attack"],"picked":"SKIP","floor":2.0},{"not_picked":["Bane","Noxious Fumes"],"picked":"AT_ArcaneSupremacy","floor":6.0},{"not_picked":["Blade Dance","Heel Hook"],"picked":"Outmaneuver","floor":8.0},{"not_picked":["Dagger Throw","AT_FocusSwordFire"],"picked":"Acrobatics","floor":10.0},{"not_picked":["AT_TinkerSharpsword","Deadly Poison"],"picked":"AT_ShadowStep","floor":11.0},{"not_picked":["Backflip","PiercingWail"],"picked":"REME_CopyPotion","floor":13.0},{"not_picked":["Cloak And Dagger","Poisoned Stab"],"picked":"Well Laid Plans","floor":14.0},{"not_picked":["Doppelganger","Wraith Form v2"],"picked":"REME_CopyPotion","floor":16.0},{"not_picked":[],"picked":"REME_ShadowStrike+1","floor":18.0},{"not_picked":["Flying Knee"],"picked":"SKIP","floor":22.0},{"not_picked":[],"picked":"Blur+1","floor":24.0},{"not_picked":[],"picked":"AT_ArcaneSupremacy","floor":27.0},{"not_picked":["Expertise"],"picked":"SKIP","floor":28.0},{"not_picked":["Underhanded Strike"],"picked":"SKIP","floor":29.0},{"not_picked":["Deadly Poison"],"picked":"SKIP","floor":31.0},{"not_picked":[],"picked":"Tools of the Trade","floor":33.0},{"not_picked":[],"picked":"Prepared+1","floor":35.0},{"not_picked":["Backflip"],"picked":"SKIP","floor":36.0},{"not_picked":["Blade Dance+1"],"picked":"SKIP","floor":38},{"not_picked":["Slice"],"picked":"SKIP","floor":44},{"not_picked":[],"picked":"AT_WomanClash+1","floor":45},{"not_picked":["Flying Knee+1"],"picked":"SKIP","floor":46}],"player_experience":189965,"relics_obtained":[{"floor":6.0,"key":"Dream Catcher"},{"floor":9.0,"key":"Ninja Scroll"},{"floor":26.0,"key":"REME_ArchaeologicalTools"},{"floor":28.0,"key":"AT_SunfireAegis"},{"floor":43,"key":"White Beast Statue"}],"event_choices":[{"damage_healed":0.0,"max_hp_gain":0.0,"max_hp_loss":0.0,"gold_gain":75.0,"event_name":"World of Goop","player_choice":"Gather Gold","floor":4.0,"gold_loss":0.0,"damage_taken":11.0},{"damage_healed":0.0,"max_hp_gain":0.0,"max_hp_loss":0.0,"gold_gain":0.0,"event_name":"Living Wall","player_choice":"Grow","floor":5.0,"gold_loss":0.0,"damage_taken":0.0,"cards_upgraded":["AT_KneejerkReflex"]},{"damage_healed":0.0,"max_hp_gain":0.0,"max_hp_loss":0.0,"gold_gain":100.0,"event_name":"Golden Shrine","player_choice":"Pray","floor":19.0,"gold_loss":0.0,"damage_taken":0.0},{"damage_healed":0,"gold_gain":0,"player_choice":"Ignored","damage_taken":0,"max_hp_gain":0,"max_hp_loss":0,"event_name":"Tomb of Lord Red Mask","floor":39,"gold_loss":0},{"damage_healed":0,"gold_gain":0,"player_choice":"Memory 1","damage_taken":0,"max_hp_gain":0,"max_hp_loss":0,"event_name":"SensoryStone","floor":41,"gold_loss":0},{"damage_healed":0,"gold_gain":0,"player_choice":"Got Potions","damage_taken":0,"max_hp_gain":0,"max_hp_loss":0,"event_name":"Lab","floor":48,"gold_loss":0}],"is_beta":false,"boss_relics":[{"not_picked":["Black Star","Pandora\u0027s Box"],"picked":"Busted Crown"},{"not_picked":["Philosopher\u0027s Stone","Astrolabe"],"picked":"Sozu"}],"items_purged_floors":[3,7,21,37,47],"is_endless":false,"potions_floor_spawned":[2,10,11,13,24,27,31,33,36,38,44,46],"ascension_level":0}}