{"host":"ecuvtzmejf7hhjpv","time":1611105580,"event":{"mods":["AchievementEnabler","Act Like it!","Aspiration","BaseMod","Better Altar","Better Match","Better Note","Better Sensory Stone","Better Skull","Better Third Choice","BetterRewards","Conspire","Custom Start","Gensokyo","GifTheSpireLib","Hallownest","Hermit","Hubris","Kratos Character Expansion","Luminous","Marisa????????","Minty Spire (QoL Compilation)","Prisma Mod","Remilia??????","Replay The Spire","Robot Space Explorer","Spicy Shops","StSLib","The Animator","The Blackbeard","The Bug Knight","The Construct","The Cursed","The Disciple","The Dragon Tamer","The Forsaken","The Hierophant","The Jungle","The Marked","The Necromancer","The Poker Player","The Wild Card","TheSwordswoman"],"gold_per_floor":[134,167,167,228,264,294,294,354,381,20,20,295,346,376,376,496,496,533,552,572,611,611,611,611,611],"floor_reached":23,"language":"ENG","playtime":1136,"items_purged":["Injury"],"score":381,"play_id":"ed2488e6-00b5-4442-9ec3-f3177ae07d20","local_time":"20210119191940","is_ascension_mode":true,"metric_token":2771,"campfire_choices":[{"floor":7,"key":"REST"},{"floor":11,"key":"REST"},{"floor":15,"key":"REST"}],"dtmod_dragon_data":[25,50,3,-1,14,0],"circlet_count":0,"master_deck":["DTMod:Strike","DTMod:Strike","DTMod:Strike","DTMod:Strike","DTMod:DoubleHit","DTMod:TargetDefense+1","DTMod:TargetDefense","DTMod:TargetDefense","DTMod:TargetDefense","DTMod:SwitchingTactic+1","DTMod:BalancedStrike+1","DTMod:Cover","HandOfGreed","DTMod:InvisibleFlame","DTMod:BalancedStrike","DTMod:Training","DTMod:WarmUp","Apotheosis+1","Replay:Sssssssssstrike","DTMod:FlameSlash","Survey Options+1","DTMod:WarmUp","DTMod:LightShield","DTMod:QuickFly","DTMod:InvisibleFlame","DTMod:Training+1","Regret","DTMod:WarmUp","DTMod:BreakAttack","DTMod:HeadStart","DTMod:Observe","DTMod:BreakAttack+1","DTMod:Training"],"relics":["DTMod:PactStone","Anchor","Gremlin Food","ReplayTheSpireMod:ShopPack","Blood Vial","HandDrill","KratosMod:minohorn","War Paint","DTMod:BindingString","DTMod:SwitchButton","Bronze Scales","Black Star","HornCleat"],"acts_visited":["Exordium","TheCity"],"potions_floor_usage":[8,13,16],"damage_taken":[{"damage":0,"enemies":"conspire:RoseBush","floor":1,"turns":5},{"damage":0,"enemies":"Cultist","floor":2,"turns":2},{"damage":0,"enemies":"Small Slimes","floor":4,"turns":8},{"damage":0,"enemies":"Exordium Wildlife","floor":5,"turns":4},{"damage":22,"enemies":"Gremlin Nob","floor":6,"turns":4},{"damage":2,"enemies":"Lagavulin","floor":8,"turns":9},{"damage":7,"enemies":"3 Sentries","floor":13,"turns":7},{"damage":7,"enemies":"conspire:2 RoseBushes","floor":14,"turns":4},{"damage":0,"enemies":"Hexaghost","floor":16,"turns":8},{"damage":18,"enemies":"Spheric Guardian","floor":18,"turns":5},{"damage":0,"enemies":"Snake Plant","floor":19,"turns":4},{"damage":5,"enemies":"conspire:HollyBat","floor":20,"turns":6},{"damage":0,"enemies":"Snecko","floor":21,"turns":3},{"damage":26,"enemies":"conspire:SneckoGhost","floor":23,"turns":5}],"seed_played":"-8429696531685284131","potions_obtained":[{"floor":5,"key":"Dexterity Potion"},{"floor":8,"key":"DistilledChaos"},{"floor":13,"key":"LifebloodPotion"}],"is_trial":false,"path_per_floor":["M","M","?","M","M","E","R","E","T","$","R","?","E","M","R","B",null,"M","M","M","M","?","E"],"character_chosen":"THE_DT","items_purchased":["Anchor","Gremlin Food","DTMod:BalancedStrike","DTMod:Cover","ReplayTheSpireMod:ShopPack","Blood Vial","HandOfGreed","DTMod:InvisibleFlame","DTMod:BalancedStrike","HandDrill","DTMod:Training","KratosMod:minohorn","DTMod:WarmUp","DTMod:BindingString","DTMod:InvisibleFlame","DTMod:Training","DTMod:SwitchButton"],"campfire_rested":3,"item_purchase_floors":[0,0,0,0,0,0,0,0,0,0,0,0,0,10,10,10,10],"current_hp_per_floor":[17,19,19,21,23,3,16,16,16,16,29,29,24,19,32,34,45,27,29,26,28,24,0,0,0],"gold":611,"neow_bonus":"","is_daily":false,"chose_seed":false,"campfire_upgraded":0,"win_rate":0.0,"timestamp":1611105580,"path_taken":["M","M","?","M","M","E","R","E","T","$","R","?","E","M","R","BOSS","M","M","M","M","?","E"],"items_purchased_type":["Relic","Relic","Card","Card","Relic","Relic","Card","Card","Card","Relic","Card","Relic","Card","Relic","Card","Card","Relic"],"build_version":"2020-12-22","purchased_purges":1,"victory":false,"max_hp_per_floor":[45,45,45,45,45,45,45,45,45,45,45,45,45,45,45,45,45,45,45,45,45,45,45,45,45],"card_choices":[{"not_picked":["Panache","hubris:EnhanceAbility"],"picked":"Apotheosis","floor":0},{"not_picked":["Impatience","Panacea"],"picked":"Sadistic Nature","floor":0},{"not_picked":["Impatience","Forethought"],"picked":"Replay:Sssssssssstrike","floor":0},{"not_picked":["DTMod:Feint","DTMod:DeepFocus","DTMod:LowKick"],"picked":"SKIP","floor":1},{"not_picked":["DTMod:Threaten","DTMod:Punisher"],"picked":"DTMod:FlameSlash","floor":2},{"not_picked":["DTMod:Punisher","DTMod:HeatWave"],"picked":"DTMod:WarmUp","floor":4},{"not_picked":["DTMod:GhostSkin","DTMod:Adaptation"],"picked":"DTMod:LightShield","floor":5},{"not_picked":["DTMod:Feint","DTMod:FlameSlash"],"picked":"DTMod:QuickFly","floor":6},{"not_picked":["DTMod:Haste","DTMod:Overwhelm","DTMod:BizarreTactic"],"picked":"SKIP","floor":8},{"not_picked":["DTMod:BizarreTactic","DTMod:MasterPlan"],"picked":"DTMod:WarmUp","floor":13},{"not_picked":["DTMod:BlazingStrike","DTMod:MasterPlan"],"picked":"DTMod:BreakAttack","floor":14},{"not_picked":["DTMod:Multitask","DTMod:FierySynthesis"],"picked":"DTMod:HeadStart","floor":16},{"not_picked":["DTMod:Feint+1","DTMod:BreakAttack"],"picked":"DTMod:Observe","floor":18},{"not_picked":["DTMod:Punisher","DTMod:Adaptation"],"picked":"DTMod:BreakAttack+1","floor":19},{"not_picked":["DTMod:MagicField","DTMod:Prediction"],"picked":"DTMod:Training","floor":20},{"not_picked":["DTMod:Shift","DTMod:Punisher","DTMod:Coolant"],"picked":"SKIP","floor":21}],"player_experience":966745,"relics_obtained":[{"floor":6,"key":"War Paint"},{"floor":13,"key":"Bronze Scales"}],"event_choices":[{"damage_healed":0,"gold_gain":275,"player_choice":"Desecrate","damage_taken":0,"max_hp_gain":0,"max_hp_loss":0,"event_name":"Golden Shrine","floor":12,"gold_loss":0,"cards_obtained":["Regret"]},{"damage_healed":0,"gold_gain":0,"player_choice":"HornCleat","damage_taken":0,"relics_obtained":["HornCleat"],"max_hp_gain":0,"max_hp_loss":0,"event_name":"blackbeard:ShipwreckEvent","floor":22,"gold_loss":0}],"is_beta":false,"boss_relics":[{"not_picked":["conspire:RoyalGoblet","hubris:Backtick"],"picked":"Black Star"}],"items_purged_floors":[0],"is_endless":false,"potions_floor_spawned":[5,8,13],"killed_by":"conspire:SneckoGhost","ascension_level":1}}