{"host":"mo324zvkdr1xwprd","time":1611186398,"event":{"mods":["BaseMod","Better Note","BetterRewards","Hermit","Highlight Path","Hubris","Minty Spire (QoL Compilation)","Quick Restart","Rare Cards Sparkle","Shop Mod","StSLib","The Cursed","The Hierophant"],"gold_per_floor":[112,126,142,10,10,41,55,82,128,162,182,182,198,28,28,132,132,150,162,162,182,182,182,213,213,213,213,213],"floor_reached":27,"language":"ENG","playtime":2749,"items_purged":[],"score":291,"play_id":"65a5cccc-cf12-4771-9c3b-21efcc4fbaf5","local_time":"20210120234638","is_ascension_mode":true,"campfire_choices":[{"floor":15,"key":"RECALL"},{"data":"hubris:ReadiedAction","floor":23,"key":"SMITH"},{"data":"hubris:ReadiedAction","floor":25,"key":"SMITH"}],"circlet_count":0,"master_deck":["Strike_R","Strike_R","Strike_R","Strike_R","Strike_R","Defend_R","Defend_R","Defend_R","Defend_R","Bash","Clothesline","Metallicize","Infernal Blade","Bandage Up","Sword Boomerang","Fiend Fire","hubris:ReadiedAction+1","Bludgeon","Sentinel","Cleave","Pommel Strike","Rage","Cleave","hubris:ReadiedAction+1","Impervious","hubris:CleavingFinish+1","Anger","Writhe","Heavy Blade+1","Immolate"],"relics":["Burning Blood","Vajra","Toy Ornithopter","Strawberry","hubris:OldNail","hubris:Towel","Coffee Dripper","hubris:BottledRain","hubris:Icosahedron","Blood Vial","HornCleat"],"acts_visited":["Exordium","TheCity"],"potions_floor_usage":[2,6,7,10,27],"damage_taken":[{"damage":1,"enemies":"Cultist","floor":1,"turns":3},{"damage":5,"enemies":"2 Louse","floor":2,"turns":3},{"damage":5,"enemies":"Jaw Worm","floor":3,"turns":4},{"damage":8,"enemies":"Gremlin Nob","floor":6,"turns":3},{"damage":4,"enemies":"Large Slime","floor":7,"turns":5},{"damage":31,"enemies":"3 Sentries","floor":8,"turns":8},{"damage":23,"enemies":"Lagavulin","floor":10,"turns":5},{"damage":13,"enemies":"Exordium Wildlife","floor":11,"turns":5},{"damage":2,"enemies":"2 Fungi Beasts","floor":13,"turns":4},{"damage":50,"enemies":"Hexaghost","floor":16,"turns":10},{"damage":9,"enemies":"3 Byrds","floor":18,"turns":5},{"damage":24,"enemies":"Shell Parasite","floor":19,"turns":3},{"damage":25,"enemies":"Centurion and Healer","floor":21,"turns":6},{"damage":53,"enemies":"Book of Stabbing","floor":24,"turns":6},{"damage":6,"enemies":"Gremlin Leader","floor":27,"turns":4}],"seed_played":"7474544360041347615","potions_obtained":[{"floor":1,"key":"Dexterity Potion"},{"floor":2,"key":"Ancient Potion"},{"floor":3,"key":"LiquidMemories"},{"floor":6,"key":"Weak Potion"},{"floor":24,"key":"Swift Potion"}],"is_trial":false,"path_per_floor":["M","M","M","$","T","E","M","E","T","E","M","?","M","$","R","B",null,"M","M","?","M","?","R","E","R","T","E"],"character_chosen":"IRONCLAD","items_purchased":["Bandage Up","Sword Boomerang","Rage","Cleave","hubris:ReadiedAction"],"campfire_rested":0,"item_purchase_floors":[4,4,14,14,14],"current_hp_per_floor":[88,88,88,88,88,86,88,67,74,66,63,63,71,71,71,31,95,95,77,77,62,62,62,19,19,19,24,24],"gold":213,"neow_bonus":"TEN_PERCENT_HP_BONUS","is_daily":false,"chose_seed":false,"campfire_upgraded":2,"win_rate":0.0,"timestamp":1611186398,"path_taken":["M","M","M","?","?","E","M","E","T","E","M","?","M","$","R","BOSS","M","M","?","M","?","R","E","R","T","E"],"items_purchased_type":["Card","Card","Card","Card","Card"],"build_version":"2020-12-22","purchased_purges":0,"victory":false,"max_hp_per_floor":[88,88,88,88,88,88,88,88,95,95,95,95,95,95,95,95,95,95,95,95,95,95,95,95,95,95,95,95],"card_choices":[{"not_picked":["Combust","Fire Breathing"],"picked":"Clothesline","floor":1},{"not_picked":["Sever Soul","Pommel Strike"],"picked":"Metallicize","floor":2},{"not_picked":["Heavy Blade","Armaments"],"picked":"Infernal Blade","floor":3},{"not_picked":["Perfected Strike","True Grit"],"picked":"Fiend Fire","floor":6},{"not_picked":["Ghostly Armor","Body Slam"],"picked":"hubris:ReadiedAction","floor":7},{"not_picked":["Havoc","Clash"],"picked":"Bludgeon","floor":8},{"not_picked":["Entrench","True Grit"],"picked":"Sentinel","floor":10},{"not_picked":["Ghostly Armor","Twin Strike"],"picked":"Cleave","floor":11},{"not_picked":["Ghostly Armor","Havoc"],"picked":"Pommel Strike","floor":13},{"not_picked":["Berserk","Exhume"],"picked":"Impervious","floor":16},{"not_picked":["Combust","Wild Strike+1"],"picked":"hubris:CleavingFinish+1","floor":18},{"not_picked":["Havoc","Shrug It Off+1"],"picked":"Anger","floor":19},{"not_picked":["Brutality","Dual Wield"],"picked":"Heavy Blade+1","floor":21},{"not_picked":["Fire Breathing","Anger+1"],"picked":"Immolate","floor":24}],"player_experience":323630,"relics_obtained":[{"floor":6,"key":"Vajra"},{"floor":8,"key":"Toy Ornithopter"},{"floor":9,"key":"Strawberry"},{"floor":10,"key":"hubris:OldNail"},{"floor":24,"key":"Blood Vial"},{"floor":26,"key":"HornCleat"}],"event_choices":[{"damage_healed":0,"gold_gain":0,"player_choice":"Opened","damage_taken":0,"relics_obtained":["hubris:BottledRain"],"max_hp_gain":0,"max_hp_loss":0,"event_name":"The Mausoleum","floor":20,"gold_loss":0,"cards_obtained":["Writhe"]}],"is_beta":false,"boss_relics":[{"not_picked":["Runic Dome","Mark of Pain"],"picked":"Coffee Dripper"}],"items_purged_floors":[],"is_endless":false,"potions_floor_spawned":[1,2,3,6,24],"killed_by":"Gremlin Leader","ascension_level":1}}