{"host":"bg8va46pgqgvtzim","time":1611132097,"event":{"mods":["BaseMod","Minty Spire (QoL Compilation)","Quick Restart","StSLib","SuperFastMode"],"gold_per_floor":[117,132,144,144,161,188,188,216,243,243,243,243,273,293,293,394,394,413,269,281,306,323,357,357,392,470,499,499,17,17,28,28,127,127,138,360,235,235,246,246,279,279,304,332,351,351,400,425,425,425,425,425,18,44,44],"floor_reached":56,"language":"ZHS","playtime":1702,"items_purged":["Strike_R","Strike_R","Strike_R","Anger+1"],"score":1542,"play_id":"a903884e-af43-4c06-a040-fa895cca4545","local_time":"20210120164137","is_ascension_mode":true,"campfire_choices":[{"data":"Armaments","floor":7.0,"key":"SMITH"},{"data":"Body Slam","floor":15.0,"key":"SMITH"},{"data":"Corruption","floor":24.0,"key":"SMITH"},{"data":"Entrench","floor":32.0,"key":"SMITH"},{"floor":40,"key":"RECALL"},{"floor":42,"key":"REST"},{"floor":49,"key":"REST"},{"floor":52,"key":"REST"}],"circlet_count":0,"master_deck":["Strike_R+1","Defend_R","Defend_R","Defend_R+1","Defend_R","Bash","Body Slam+1","Shockwave","Armaments+1","Dark Embrace","Evolve","Feel No Pain","Juggernaut","Shrug It Off+1","Metallicize","Dark Embrace+1","Corruption+1","Burning Pact+1","Barricade+1","Entrench+1","Power Through+1","Berserk+1","Impatience","Apotheosis","Madness","Battle Trance"],"relics":["Burning Blood","Prayer Wheel","Mummified Hand","Orichalcum","Vajra","Sozu","Red Mask","Whetstone","Kunai","Frozen Egg 2","Juzu Bracelet","ClockworkSouvenir","War Paint","Fusion Hammer","Bag of Preparation","Anchor","Potion Belt","Calipers","Incense Burner","Bottled Tornado","Nunchaku"],"acts_visited":["Exordium","TheCity","TheBeyond","TheEnding"],"potions_floor_usage":[55],"damage_taken":[{"damage":0.0,"enemies":"Small Slimes","floor":1.0,"turns":3.0},{"damage":2.0,"enemies":"2 Louse","floor":2.0,"turns":2.0},{"damage":0.0,"enemies":"Cultist","floor":3.0,"turns":3.0},{"damage":14.0,"enemies":"Looter","floor":5.0,"turns":4.0},{"damage":15.0,"enemies":"Lagavulin","floor":6.0,"turns":9.0},{"damage":14.0,"enemies":"Gremlin Nob","floor":8.0,"turns":4.0},{"damage":10.0,"enemies":"3 Sentries","floor":13.0,"turns":8.0},{"damage":9.0,"enemies":"Blue Slaver","floor":14.0,"turns":4.0},{"damage":21.0,"enemies":"Slime Boss","floor":16.0,"turns":10.0},{"damage":24.0,"enemies":"3 Byrds","floor":18.0,"turns":5.0},{"damage":1.0,"enemies":"Chosen","floor":20.0,"turns":5.0},{"damage":14.0,"enemies":"Masked Bandits","floor":21.0,"turns":4.0},{"damage":19.0,"enemies":"Shelled Parasite and Fungi","floor":22.0,"turns":5.0},{"damage":9.0,"enemies":"Book of Stabbing","floor":23.0,"turns":4.0},{"damage":22.0,"enemies":"Gremlin Leader","floor":25.0,"turns":4.0},{"damage":6.0,"enemies":"Slavers","floor":27.0,"turns":4.0},{"damage":0.0,"enemies":"Centurion and Healer","floor":31.0,"turns":5.0},{"damage":10.0,"enemies":"Collector","floor":33.0,"turns":9.0},{"damage":7,"enemies":"3 Darklings","floor":35,"turns":6},{"damage":1,"enemies":"Orb Walker","floor":39,"turns":3},{"damage":0,"enemies":"Nemesis","floor":41,"turns":5},{"damage":0,"enemies":"Giant Head","floor":44,"turns":5},{"damage":13,"enemies":"Jaw Worm Horde","floor":45,"turns":5},{"damage":2,"enemies":"2 Orb Walkers","floor":47,"turns":5},{"damage":0,"enemies":"Nemesis","floor":48,"turns":7},{"damage":0,"enemies":"Time Eater","floor":50,"turns":7},{"damage":0,"enemies":"Shield and Spear","floor":54,"turns":5},{"damage":25,"enemies":"The Heart","floor":55,"turns":7}],"seed_played":"4806443551077444281","potions_obtained":[{"floor":1.0,"key":"PowerPotion"},{"floor":5.0,"key":"Ancient Potion"},{"floor":13.0,"key":"LiquidMemories"},{"floor":16.0,"key":"SmokeBomb"}],"is_trial":false,"path_per_floor":["M","M","M","?","M","E","R","E","T","?","?","?","E","M","R","B",null,"M","$","M","?","M","E","R","E","T","E","?","$","?","M","R","B",null,"M","?","$","?","M","R","E","R","T","E","M","?","?","E","R","B",null,"R","$","E","B",null],"character_chosen":"IRONCLAD","items_purchased":["Metallicize","ClockworkSouvenir","Entrench","War Paint","Bottled Tornado"],"campfire_rested":3,"item_purchase_floors":[19,29,29,29,53],"current_hp_per_floor":[72,72,72,72,64,55,55,47,47,52,45,45,41,38,38,23,77,59,59,64,56,43,40,40,24,24,24,24,24,10,16,16,12,82,81,81,81,71,76,76,82,82,82,82,75,75,78,78,78,78,78,78,78,78,59],"gold":44,"neow_bonus":"ONE_RARE_RELIC","is_daily":false,"chose_seed":false,"campfire_upgraded":4,"win_rate":0.0,"timestamp":1611132097,"path_taken":["M","M","M","?","M","E","R","E","T","?","?","?","E","?","R","BOSS","M","$","M","?","M","E","R","E","T","E","?","?","?","M","R","BOSS","M","?","$","?","M","R","E","R","T","E","M","?","?","E","R","BOSS","R","$","E","BOSS"],"items_purchased_type":["Card","Relic","Card","Relic","Relic"],"build_version":"2020-12-22","purchased_purges":4,"victory":true,"max_hp_per_floor":[72,72,72,72,72,72,72,72,72,77,77,77,77,77,77,77,77,77,77,77,77,77,77,77,77,77,77,77,77,82,82,82,82,82,82,82,82,82,82,82,82,82,82,82,82,78,78,78,78,78,78,78,78,78,78],"card_choices":[{"not_picked":["Pommel Strike","Twin Strike"],"picked":"Anger","floor":1.0},{"not_picked":["Rage","Headbutt"],"picked":"Body Slam","floor":1.0},{"not_picked":["Intimidate","Bloodletting"],"picked":"Shockwave","floor":2.0},{"not_picked":["Clothesline","Twin Strike","Clash"],"picked":"SKIP","floor":2.0},{"not_picked":["Flex","Cleave","Clothesline"],"picked":"SKIP","floor":3.0},{"not_picked":["Perfected Strike","Headbutt","Body Slam"],"picked":"SKIP","floor":3.0},{"not_picked":["Infernal Blade","Clothesline"],"picked":"Armaments","floor":5.0},{"not_picked":["True Grit","Body Slam"],"picked":"Dark Embrace","floor":5.0},{"not_picked":["Berserk","Infernal Blade"],"picked":"Evolve","floor":6.0},{"not_picked":["Rampage","Entrench","Dropkick"],"picked":"SKIP","floor":8.0},{"not_picked":["Flame Barrier","Spot Weakness","Sword Boomerang"],"picked":"SKIP","floor":13.0},{"not_picked":["Dual Wield","Dark Embrace"],"picked":"Feel No Pain","floor":14.0},{"not_picked":["Wild Strike","Dual Wield","Pummel"],"picked":"SKIP","floor":14.0},{"not_picked":["Impervious","Offering"],"picked":"Juggernaut","floor":16.0},{"not_picked":["Heavy Blade+1","Perfected Strike"],"picked":"Shrug It Off","floor":18.0},{"not_picked":["Anger+1","Perfected Strike","Warcry"],"picked":"SKIP","floor":18.0},{"not_picked":["Cleave","Thunderclap"],"picked":"Dark Embrace+1","floor":20.0},{"not_picked":["Dark Embrace","Whirlwind+1"],"picked":"Corruption","floor":20.0},{"not_picked":["Havoc","Twin Strike"],"picked":"Burning Pact+1","floor":21.0},{"not_picked":["Heavy Blade+1","Blood for Blood","Flex"],"picked":"SKIP","floor":22.0},{"not_picked":["Dropkick","Anger+1","Inflame+1"],"picked":"SKIP","floor":22.0},{"not_picked":["Flex+1","Rampage","Body Slam"],"picked":"SKIP","floor":23.0},{"not_picked":["Clothesline+1","Armaments","Clash"],"picked":"SKIP","floor":25.0},{"not_picked":["Whirlwind+1","Intimidate","Headbutt+1"],"picked":"SKIP","floor":27.0},{"not_picked":["Flex","Pommel Strike"],"picked":"Power Through+1","floor":31.0},{"not_picked":["Shockwave+1","Infernal Blade","Bloodletting"],"picked":"SKIP","floor":31.0},{"not_picked":["Reaper","Feed"],"picked":"Berserk+1","floor":33.0},{"not_picked":["Thunderclap","Iron Wave+1","Power Through+1"],"picked":"SKIP","floor":35},{"not_picked":["Body Slam+1","Flame Barrier+1","Flex"],"picked":"SKIP","floor":35},{"not_picked":["Metamorphosis","Transmutation"],"picked":"Impatience","floor":38},{"not_picked":["Blind","Madness"],"picked":"Apotheosis","floor":38},{"not_picked":["Good Instincts","Discovery"],"picked":"Madness","floor":38},{"not_picked":["Pummel","Pommel Strike+1","Cleave"],"picked":"SKIP","floor":39},{"not_picked":["Havoc","Twin Strike","Perfected Strike"],"picked":"SKIP","floor":39},{"not_picked":["Combust+1","Perfected Strike","Berserk+1"],"picked":"SKIP","floor":41},{"not_picked":["Perfected Strike+1","Body Slam","Fire Breathing+1"],"picked":"SKIP","floor":44},{"not_picked":["Iron Wave+1","Blood for Blood"],"picked":"Battle Trance","floor":45},{"not_picked":["Metallicize+1","Body Slam","Havoc+1"],"picked":"SKIP","floor":45},{"not_picked":["Immolate","Metallicize+1","Evolve+1"],"picked":"SKIP","floor":48},{"not_picked":["Anger+1","Metallicize+1","Perfected Strike+1"],"picked":"SKIP","floor":54}],"player_experience":2281029,"relics_obtained":[{"floor":6.0,"key":"Mummified Hand"},{"floor":8.0,"key":"Orichalcum"},{"floor":13.0,"key":"Vajra"},{"floor":21.0,"key":"Red Mask"},{"floor":23.0,"key":"Whetstone"},{"floor":25.0,"key":"Kunai"},{"floor":26.0,"key":"Frozen Egg 2"},{"floor":27.0,"key":"Juzu Bracelet"},{"floor":41,"key":"Bag of Preparation"},{"floor":43,"key":"Anchor"},{"floor":44,"key":"Potion Belt"},{"floor":47,"key":"Calipers"},{"floor":48,"key":"Incense Burner"},{"floor":54,"key":"Nunchaku"}],"event_choices":[{"damage_healed":0.0,"max_hp_gain":0.0,"max_hp_loss":0.0,"gold_gain":0.0,"event_name":"Liars Game","player_choice":"Ignored","floor":4.0,"gold_loss":0.0,"damage_taken":0.0},{"damage_healed":0.0,"max_hp_gain":5.0,"max_hp_loss":0.0,"gold_gain":0.0,"event_name":"Big Fish","player_choice":"Donut","floor":10.0,"gold_loss":0.0,"damage_taken":0.0},{"cards_removed":["Strike_R"],"damage_healed":0.0,"max_hp_gain":0.0,"max_hp_loss":0.0,"gold_gain":0.0,"event_name":"Golden Wing","player_choice":"Card Removal","floor":11.0,"gold_loss":0.0,"damage_taken":7.0},{"damage_healed":0.0,"max_hp_gain":0.0,"max_hp_loss":0.0,"gold_gain":0.0,"event_name":"NoteForYourself","player_choice":"Ignored","floor":12.0,"gold_loss":0.0,"damage_taken":0.0},{"damage_healed":0.0,"max_hp_gain":0.0,"max_hp_loss":0.0,"gold_gain":0.0,"event_name":"Masked Bandits","player_choice":"Fought Bandits","floor":21.0,"gold_loss":0.0,"damage_taken":0.0},{"damage_healed":0.0,"max_hp_gain":0.0,"max_hp_loss":0.0,"gold_gain":0.0,"event_name":"The Library","player_choice":"Read","floor":28.0,"gold_loss":0.0,"damage_taken":0.0,"cards_obtained":["Barricade"]},{"damage_healed":0.0,"max_hp_gain":5.0,"max_hp_loss":0.0,"gold_gain":0.0,"event_name":"Forgotten Altar","player_choice":"Shed Blood","floor":30.0,"gold_loss":0.0,"damage_taken":19.0},{"damage_healed":0,"gold_gain":222,"player_choice":"Wore Mask","damage_taken":0,"max_hp_gain":0,"max_hp_loss":0,"event_name":"Tomb of Lord Red Mask","floor":36,"gold_loss":0},{"damage_healed":0,"gold_gain":0,"player_choice":"Memory 3","damage_taken":10,"max_hp_gain":0,"max_hp_loss":0,"event_name":"SensoryStone","floor":38,"gold_loss":0},{"damage_healed":0,"gold_gain":0,"player_choice":"Max HP","damage_taken":0,"max_hp_gain":0,"max_hp_loss":4,"event_name":"Winding Halls","floor":46,"gold_loss":0},{"damage_healed":0,"gold_gain":0,"player_choice":"Fight","damage_taken":0,"max_hp_gain":0,"max_hp_loss":0,"event_name":"Mysterious Sphere","floor":47,"gold_loss":0}],"is_beta":false,"boss_relics":[{"not_picked":["Runic Cube","Black Star"],"picked":"Sozu"},{"not_picked":["Coffee Dripper","Pandora\u0027s Box"],"picked":"Fusion Hammer"}],"items_purged_floors":[19,29,37,53],"is_endless":false,"potions_floor_spawned":[1,5,13,16,18,21,27,33,35,41,45],"ascension_level":1}}