{"host":"yuoancq4cku3x8wq","time":1611134650,"event":{"mods":["AchievementEnabler","BaseMod","Downfall","Minty Spire (QoL Compilation)","Quick Restart","StSLib","SuperFastMode"],"gold_per_floor":[99,118,136,136,153,153,179,179,205,220,220,220,237,262,279,375,375,375,375,375,460,478,84,133,133,133,170,187,187,214,214,239,336,336,336,351,366,274,298,298,298,310,310,319,119,178,178,242,269,269],"floor_reached":51,"language":"ZHS","playtime":2226,"items_purged":["Slimebound:Strike_Slimebound","Slimebound:Strike_Slimebound"],"score":818,"play_id":"8fb32be3-b9d9-4c55-af5c-a2fe00a74acf","local_time":"20210120172410","is_ascension_mode":false,"campfire_choices":[{"data":"Slimebound:Split","floor":1.0,"key":"SMITH"},{"data":"Slimebound:RainOfGoop","floor":8.0,"key":"SMITH"},{"data":"Slimebound:ItLooksTasty","floor":12.0,"key":"SMITH"},{"data":"Slimebound:LeechLife","floor":18.0,"key":"SMITH"},{"data":"Slimebound:AcidTongue","floor":25.0,"key":"SMITH"},{"floor":29,"key":"RECALL"},{"data":"Slimebound:AcidTongue","floor":35,"key":"SMITH"},{"data":"Slimebound:LeadByExample","floor":45,"key":"SMITH"},{"data":"Slimebound:Gluttony","floor":47,"key":"SMITH"}],"circlet_count":0,"master_deck":["Slimebound:Strike_Slimebound","Slimebound:Tackle","Slimebound:Defend_Slimebound","Slimebound:Defend_Slimebound","Slimebound:Defend_Slimebound","Slimebound:Defend_Slimebound","Slimebound:Split+1","Slimebound:CorrosiveSpit","Slimebound:RainOfGoop+1","Slimebound:SplitMire","Slimebound:ItLooksTasty+1","Slimebound:ViciousTackle","Slimebound:FinishingTackle","Slimebound:Gluttony+1","Slimebound:LeechLife+1","Slimebound:ComboTackle+1","Slimebound:GoopSpray+1","Slimebound:AcidTongue+1","Slimebound:RejuvenatingLick","Slimebound:SlimeTap","Slimebound:AcidTongue+1","expansioncontent:StudyTheSpire+1","Slimebound:LeadByExample+1","expansioncontent:AwakenDeath","Slimebound:HauntingLick+1","Slimebound:ComboTackle+1","Slimebound:Gluttony"],"relics":["Slimebound:AbsorbEndCombat","Orichalcum","Bag of Marbles","InkBottle","Coffee Dripper","Slimebound:SelfDamagePreventRelic","Juzu Bracelet","CeramicFish","Potion Belt","FossilizedHelix","Philosopher\u0027s Stone","ClockworkSouvenir","downfall:HeartBlessingRed","downfall:HeartBlessingBlue","CaptainsWheel","Dead Branch"],"acts_visited":["Exordium","TheCity","TheBeyond"],"potions_floor_usage":[],"damage_taken":[{"damage":1.0,"enemies":"Jaw Worm","floor":2.0,"turns":4.0},{"damage":5.0,"enemies":"Small Slimes","floor":3.0,"turns":3.0},{"damage":3.0,"enemies":"Cultist","floor":5.0,"turns":2.0},{"damage":21.0,"enemies":"3 Sentries","floor":9.0,"turns":6.0},{"damage":3.0,"enemies":"3 Louse","floor":10.0,"turns":2.0},{"damage":8.0,"enemies":"Large Slime","floor":13.0,"turns":5.0},{"damage":3.0,"enemies":"Lagavulin","floor":14.0,"turns":4.0},{"damage":3.0,"enemies":"Exordium Wildlife","floor":15.0,"turns":3.0},{"damage":57.0,"enemies":"WA_ARCHETYPE_RETAIN","floor":16.0,"turns":6.0},{"damage":0.0,"enemies":"Chosen","floor":19.0,"turns":1.0},{"damage":19.0,"enemies":"Snecko","floor":22.0,"turns":5.0},{"damage":16.0,"enemies":"downfall:FleeingMerchant","floor":23.0,"turns":4.0},{"damage":30,"enemies":"Gremlin Leader","floor":27,"turns":5},{"damage":14,"enemies":"Centurion and Healer","floor":28,"turns":6},{"damage":33,"enemies":"Book of Stabbing","floor":30,"turns":5},{"damage":0,"enemies":"Chosen and Byrds","floor":32,"turns":3},{"damage":0,"enemies":"IC_MUSHROOM_ARCHETYPE","floor":33,"turns":4},{"damage":7,"enemies":"3 Shapes","floor":36,"turns":3},{"damage":33,"enemies":"3 Darklings","floor":37,"turns":4},{"damage":12,"enemies":"downfall:FleeingMerchant","floor":38,"turns":4},{"damage":0,"enemies":"Spire Growth","floor":39,"turns":3},{"damage":10,"enemies":"Sphere and 2 Shapes","floor":42,"turns":4},{"damage":0,"enemies":"Sphere and 2 Shapes","floor":46,"turns":4},{"damage":21,"enemies":"2 Orb Walkers","floor":48,"turns":4},{"damage":1,"enemies":"4 Shapes","floor":49,"turns":3},{"damage":33,"enemies":"DF_ARCHETYPE_ORBS","floor":50,"turns":5}],"seed_played":"-3304965315085840808","potions_obtained":[{"floor":3.0,"key":"DistilledChaos"},{"floor":5.0,"key":"BlessingOfTheForge"},{"floor":9.0,"key":"Energy Potion"},{"floor":32,"key":"Strength Potion"},{"floor":36,"key":"ColorlessPotion"},{"floor":42,"key":"DuplicationPotion"}],"is_trial":false,"path_per_floor":["R","M","M","?","M","?","T","R","E","M","?","R","M","E","M","B",null,"R","M","?","?","M","$","T","R","?","E","M","R","E","T","M","B",null,"R","M","M","$","M","?","T","M","?","?","R","?","R","?","M","B",null],"character_chosen":"SLIMEBOUND","items_purchased":["Slimebound:SelfDamagePreventRelic","Slimebound:AcidTongue","Slimebound:RejuvenatingLick","ClockworkSouvenir","expansioncontent:StudyTheSpire"],"campfire_rested":0,"item_purchase_floors":[23,23,23,38,38],"current_hp_per_floor":[71,71,71,71,70,70,70,70,57,60,60,60,60,63,66,17,71,71,71,58,46,63,73,73,73,73,76,76,76,76,76,76,76,76,76,76,76,76,76,76,76,66,66,56,66,86,86,69,76,51],"gold":269,"neow_bonus":"TEN_PERCENT_HP_BONUS","is_daily":false,"chose_seed":false,"campfire_upgraded":8,"win_rate":0.0,"timestamp":1611134650,"path_taken":["R","M","M","?","M","?","T","R","E","M","?","R","M","E","M","BOSS","R","?","?","?","M","?","T","R","?","E","M","R","E","?","M","BOSS","R","M","M","$","M","?","T","M","?","?","R","?","R","?","M","BOSS"],"items_purchased_type":["Relic","Card","Card","Relic","Card"],"build_version":"2020-12-22","purchased_purges":2,"victory":true,"max_hp_per_floor":[71,71,71,71,71,71,71,71,71,71,71,71,71,71,71,71,71,71,71,76,76,76,76,76,76,76,76,76,76,76,76,76,76,76,76,76,76,76,76,76,76,76,76,76,86,86,86,86,86,86],"card_choices":[{"not_picked":["Slimebound:GrowthPunch","Slimebound:RollThrough","Slimebound:BestDefense"],"picked":"SKIP","floor":2.0},{"not_picked":["Slimebound:LeechingTouch","Slimebound:FlameTackle"],"picked":"Slimebound:RainOfGoop","floor":3.0},{"not_picked":["Slimebound:SlimeSpikes","Slimebound:SamplingLick"],"picked":"Slimebound:SplitMire","floor":5.0},{"not_picked":["Slimebound:LivingWall","Slimebound:Prepare"],"picked":"Slimebound:ItLooksTasty","floor":9.0},{"not_picked":["Slimebound:GrowthPunch","Slimebound:PressTheAttack","Slimebound:SplitBruiser"],"picked":"SKIP","floor":10.0},{"not_picked":["Slimebound:LeadByExample","Slimebound:Nibble"],"picked":"Slimebound:ViciousTackle","floor":13.0},{"not_picked":["Slimebound:MinionMaster","Slimebound:RollThrough"],"picked":"Slimebound:FinishingTackle","floor":14.0},{"not_picked":["Slimebound:DisruptingSlam","Slimebound:GrowthPunch"],"picked":"Slimebound:Gluttony","floor":15.0},{"not_picked":["Slimebound:Overexert","Slimebound:MinionMaster"],"picked":"Slimebound:LeechLife","floor":16.0},{"not_picked":["Slimebound:SplitAcid","Slimebound:SplitLeeching"],"picked":"Slimebound:ComboTackle+1","floor":19.0},{"not_picked":["Slimebound:Schlurp+1","Slimebound:RollThrough","Slimebound:SplitMire"],"picked":"SKIP","floor":22.0},{"not_picked":["Slimebound:ItLooksTasty","Slimebound:PressTheAttack+1"],"picked":"Slimebound:GoopSpray+1","floor":23.0},{"not_picked":["Slimebound:OneTwoCombo","Slimebound:SplitLeeching"],"picked":"Slimebound:SlimeTap","floor":27},{"not_picked":["Slimebound:GoopSpray","Slimebound:HauntingLick","Slimebound:LeechEnergy"],"picked":"SKIP","floor":28},{"not_picked":["Slimebound:Repurpose","Slimebound:ItLooksTasty","Slimebound:SplitAcid"],"picked":"SKIP","floor":30},{"not_picked":["Slimebound:SlimeBarrage","Slimebound:GrowthPunch"],"picked":"Slimebound:AcidTongue","floor":32},{"not_picked":["Slimebound:RollThrough+1","Slimebound:FinishingTackle","Slimebound:GoopTackle+1"],"picked":"SKIP","floor":36},{"not_picked":["Slimebound:GoopTackle+1","Slimebound:SplitMire","Slimebound:SlimeSpikes"],"picked":"SKIP","floor":37},{"not_picked":["Slimebound:Teamwork","Slimebound:SplitLeeching","Slimebound:LeechingTouch"],"picked":"SKIP","floor":38},{"not_picked":["Slimebound:GoopTackle","Slimebound:ProtectTheBoss"],"picked":"Slimebound:LeadByExample","floor":39},{"not_picked":["Slimebound:SplitMire","Slimebound:RollThrough+1","Slimebound:LeechingTouch+1"],"picked":"SKIP","floor":42},{"not_picked":["expansioncontent:YouAreMine","expansioncontent:HyperBeam"],"picked":"expansioncontent:AwakenDeath","floor":44},{"not_picked":["Slimebound:SplitAcid+1","Slimebound:ProtectTheBoss+1"],"picked":"Slimebound:HauntingLick+1","floor":46},{"not_picked":["Slimebound:Schlurp+1","Slimebound:SlimeSpikes+1"],"picked":"Slimebound:ComboTackle+1","floor":48},{"not_picked":["Slimebound:GrowthPunch+1","Slimebound:GoopTackle+1"],"picked":"Slimebound:Gluttony","floor":49}],"player_experience":298381,"relics_obtained":[{"floor":7.0,"key":"Orichalcum"},{"floor":9.0,"key":"Bag of Marbles"},{"floor":14.0,"key":"InkBottle"},{"floor":24.0,"key":"Juzu Bracelet"},{"floor":27,"key":"CeramicFish"},{"floor":30,"key":"Potion Belt"},{"floor":31,"key":"FossilizedHelix"},{"floor":46,"key":"CaptainsWheel"},{"floor":48,"key":"Dead Branch"}],"event_choices":[{"damage_healed":0,"gold_gain":0,"player_choice":"Forge","damage_taken":0,"max_hp_gain":0,"max_hp_loss":0,"event_name":"Accursed Blacksmith","floor":40,"gold_loss":0,"cards_upgraded":["expansioncontent:StudyTheSpire"]},{"damage_healed":0,"gold_gain":0,"player_choice":"Fight","damage_taken":0,"max_hp_gain":0,"max_hp_loss":0,"event_name":"Mysterious Sphere","floor":48,"gold_loss":0}],"is_beta":false,"boss_relics":[{"not_picked":["Tiny House","bronze:MakeshiftBattery"],"picked":"Coffee Dripper"},{"not_picked":["Snecko Eye","Slimebound:AbsorbEndCombatUpgraded"],"picked":"Philosopher\u0027s Stone"}],"items_purged_floors":[23,38],"is_endless":false,"potions_floor_spawned":[3,5,9,16,27,28,32,36,39,42,49],"ascension_level":0}}