{"host":"moon9xuhyn08cqjw","time":1611141649,"event":{"mods":["2.2 Compatiblity","AchievementEnabler","BaseMod","Better Third Choice","Conspire","Downfall","Grow up Mod","GungeonMod","Hubris","Infinite Spire","Jedi Mod","Jorbs\u0027s Wanderer Trilogy","Lobotomy","LobotomyExtend","Marisa????????","Minty Spire (QoL Compilation)","Robot Space Explorer","StSLib","Td1madao Mod","The Blackbeard","The Forsaken","The Hierophant","The Necromancer","The Runesmith","The Saiyan","The Senshi","TheBandit","Transform Curses","[IsaacMod]????"],"gold_per_floor":[115,127,143,194,211,242,242,258,258,258,278,278,278,313,313,418,418,437,487,500,187,211,211,233,233,233,233,233,259,300,320,320,427,427,453,174,195,236,236,236,280,308,308,353,353,71,122,56,56,189],"floor_reached":51,"language":"RUS","playtime":3714,"items_purged":[],"score":798,"play_id":"3ae27f81-7464-41eb-b22a-28dd1d541cd2","local_time":"20210120192049","is_ascension_mode":false,"campfire_choices":[{"floor":7,"key":"REST"},{"data":"DemoMod:ShadowBullets","floor":13,"key":"SMITH"},{"data":"DemoMod:Unity","floor":15,"key":"SMITH"},{"data":"DemoMod:ChanceBullets","floor":23,"key":"SMITH"},{"data":"DemoMod:Elimentaler","floor":25,"key":"SMITH"},{"floor":28,"key":"REST"},{"data":"DemoMod:PotionOfGunFriendShip","floor":32,"key":"SMITH"},{"data":"DemoMod:GunslingerForm","floor":40,"key":"SMITH"},{"data":"DemoMod:EasyReloadBullets","floor":49,"key":"SMITH"}],"circlet_count":0,"master_deck":["DemoMod:Strike_Huntress","DemoMod:Strike_Huntress","DemoMod:Strike_Huntress","DemoMod:Defend_Huntress","DemoMod:Defend_Huntress","DemoMod:Defend_Huntress","DemoMod:Roll+1","DemoMod:ManualReload","DemoMod:RustySidearm","DemoMod:CrossBow","SuicideKing","DemoMod:BoxingGlove","DemoMod:MachoBrace","DemoMod:SuppressiveFire","DemoMod:BoxingGlove","DemoMod:MegaHand","DemoMod:ShadowBullets+1","DemoMod:Unity+1","DemoMod:Elimentaler+1","DemoMod:BulletBore","DemoMod:HungryBullets","DemoMod:Unmoved","DemoMod:CombinedRifle","DemoMod:PracticeMakesPerfect","DemoMod:AbyssalTentacle","DemoMod:Rummage","DemoMod:ChanceBullets+1","DemoMod:Camera","DemoMod:LifeOrb","DemoMod:DirectionalPad+1","DemoMod:PotionOfGunFriendShip+1","DemoMod:BoxingGlove+1","DemoMod:DarkMarker","DemoMod:GunslingerForm+1","DemoMod:RadGun+1","DemoMod:FortunesFavor","DemoMod:ChanceBullets","DemoMod:StickyCrossBow+1","DemoMod:PotionOfGunFriendShip+1","DemoMod:ChanceBullets+1","DemoMod:EasyReloadBullets+1","DemoMod:CursedBullets","DemoMod:ProbeStrike+1","DemoMod:BSG","DemoMod:SkilledReload","DemoMod:Purify+1","DemoMod:ZorGun+1","DemoMod:ChanceBullets"],"relics":["DemoMod:Dog","HushsDoor","NeowsBlessing","LetterFromLob","Ancient Tea Set","TheBible","HowToJump","DemoMod:MeltedRock","MagicMushroom","Tiny House","CeramicFish","Blue Candle","Lantern","infinitespire:Satchel","HandDrill","Prayer Wheel","hubris:Towel","SalivaCoin","Bottled Tornado"],"acts_visited":["Exordium","TheCity","TheBeyond"],"potions_floor_usage":[14,16,30,33,33,37,42,42,47],"damage_taken":[{"damage":0,"enemies":"Cultist","floor":1,"turns":1},{"damage":0,"enemies":"Small Slimes","floor":2,"turns":1},{"damage":0,"enemies":"2 Louse","floor":3,"turns":1},{"damage":3,"enemies":"Looter","floor":5,"turns":3},{"damage":29,"enemies":"3 Sentries","floor":6,"turns":11},{"damage":2,"enemies":"Large Slime","floor":8,"turns":4},{"damage":12,"enemies":"Blue Slaver","floor":11,"turns":3},{"damage":11,"enemies":"Looter","floor":14,"turns":3},{"damage":0,"enemies":"Slime Boss","floor":16,"turns":5},{"damage":5,"enemies":"3 Byrds","floor":18,"turns":3},{"damage":33,"enemies":"2 Thieves","floor":20,"turns":4},{"damage":2,"enemies":"Centurion and Healer","floor":22,"turns":5},{"damage":0,"enemies":"Cultist and Chosen","floor":24,"turns":3},{"damage":0,"enemies":"3 Cultists","floor":29,"turns":4},{"damage":33,"enemies":"Slavers","floor":30,"turns":4},{"damage":16,"enemies":"Centurion and Healer","floor":31,"turns":4},{"damage":43,"enemies":"hubris:MusketHawk","floor":33,"turns":8},{"damage":3,"enemies":"3 Shapes","floor":35,"turns":4},{"damage":43,"enemies":"3 Darklings","floor":37,"turns":6},{"damage":0,"enemies":"4 Shapes","floor":38,"turns":7},{"damage":57,"enemies":"4 Shapes","floor":41,"turns":4},{"damage":18,"enemies":"Transient","floor":42,"turns":5},{"damage":34,"enemies":"Spire Growth","floor":44,"turns":5},{"damage":46,"enemies":"Maw","floor":47,"turns":7},{"damage":167,"enemies":"hubris:GrandSnecko","floor":50,"turns":20}],"seed_played":"1470441874468505618","potions_obtained":[{"floor":1,"key":"Dexterity Potion"},{"floor":5,"key":"DemoMod:LeadSkinPotion"},{"floor":11,"key":"DemoMod:LeadSkinPotion"},{"floor":16,"key":"GamblersBrew"},{"floor":19,"key":"SpeedPotion"},{"floor":31,"key":"Block Potion"},{"floor":33,"key":"SneckoOil"},{"floor":37,"key":"Weak Potion"},{"floor":44,"key":"Ancient Potion"}],"is_trial":false,"path_per_floor":["M","M","M","T","M","E","R","M","T","E","M","?","R","M","R","B",null,"M","AVR","M","$","M","R","M","R","T","?","R","M","E","M","R","B",null,"M","$","M","?","?","R","M","M","T","M","?","$","M","$","R","B",null],"character_chosen":"HUNTRESS","items_purchased":["DemoMod:BulletBore","DemoMod:HungryBullets","DemoMod:Unmoved","DemoMod:CombinedRifle","DemoMod:ChanceBullets","DemoMod:Camera","CeramicFish","HandDrill","DemoMod:FortunesFavor","DemoMod:ChanceBullets","Bottled Tornado","DemoMod:SkilledReload","DemoMod:ChanceBullets"],"campfire_rested":2,"item_purchase_floors":[17,17,17,17,21,21,21,36,36,36,46,46,48],"current_hp_per_floor":[90,100,110,120,127,108,150,158,168,178,176,186,196,195,205,215,246,251,266,244,254,263,273,284,294,304,247,361,371,348,343,353,321,421,428,438,406,417,427,437,391,384,394,371,381,391,356,366,376,220],"gold":189,"neow_bonus":"THREE_ENEMY_KILL","is_daily":false,"chose_seed":false,"campfire_upgraded":7,"win_rate":0.0,"timestamp":1611141649,"path_taken":["M","M","M","?","M","E","R","M","T","E","M","?","R","M","R","BOSS","M","AVR","M","$","M","R","M","R","T","?","R","M","E","M","R","BOSS","M","$","M","?","?","R","M","M","T","M","?","$","M","?","R","BOSS"],"items_purchased_type":["Card","Card","Card","Card","Card","Card","Relic","Relic","Card","Card","Relic","Card","Card"],"build_version":"2020-12-22","purchased_purges":0,"victory":true,"max_hp_per_floor":[90,100,110,120,130,140,150,160,170,180,190,200,210,220,230,240,246,256,271,281,291,301,311,321,331,341,351,361,371,381,391,401,411,421,431,441,451,461,471,481,491,501,511,521,531,541,551,561,571,581],"card_choices":[{"not_picked":[],"picked":"SuicideKing","floor":0},{"not_picked":["DemoMod:MachoBrace","DemoMod:FastSwitch"],"picked":"DemoMod:BoxingGlove","floor":1},{"not_picked":["DemoMod:SAA","DemoMod:DirectionalPad"],"picked":"DemoMod:MachoBrace","floor":2},{"not_picked":["DemoMod:JK47","DemoMod:DirectionalPad"],"picked":"DemoMod:SuppressiveFire","floor":3},{"not_picked":["Bomb","DemoMod:Polaris"],"picked":"DemoMod:BoxingGlove","floor":5},{"not_picked":["DemoMod:DirectionalPad","DemoMod:FastSwitch"],"picked":"DemoMod:MegaHand","floor":6},{"not_picked":["DemoMod:MachoBrace","DemoMod:DirectionalPad"],"picked":"Bomb","floor":8},{"not_picked":["DemoMod:StickyCrossBow","DemoMod:HardPowerCard"],"picked":"DemoMod:ShadowBullets","floor":11},{"not_picked":["DemoMod:MachoBrace","DemoMod:Behold!"],"picked":"DemoMod:Unity","floor":14},{"not_picked":["DemoMod:BalloonGun","DemoMod:BlackHoleGun"],"picked":"DemoMod:Elimentaler","floor":16},{"not_picked":["DemoMod:GunstockTap","DemoMod:HardPowerCard"],"picked":"DemoMod:PracticeMakesPerfect","floor":18},{"not_picked":["DemoMod:MachoBrace","DemoMod:CursedBullets"],"picked":"DemoMod:AbyssalTentacle","floor":19},{"not_picked":["DemoMod:DirectionalPad","DemoMod:FastSwitch"],"picked":"DemoMod:Rummage","floor":20},{"not_picked":["DemoMod:Ejector+1","DemoMod:ConditionalReflex"],"picked":"DemoMod:LifeOrb","floor":22},{"not_picked":["DemoMod:Ejector+1","DemoMod:HuntsMan"],"picked":"DemoMod:DirectionalPad+1","floor":24},{"not_picked":["DemoMod:ProbeStrike","DemoMod:Unmoved"],"picked":"DemoMod:PotionOfGunFriendShip","floor":29},{"not_picked":["DemoMod:FastSwitch","DemoMod:Camera"],"picked":"DemoMod:BoxingGlove+1","floor":30},{"not_picked":["DemoMod:HighKaliber","DemoMod:AC15"],"picked":"DemoMod:DarkMarker","floor":31},{"not_picked":["DemoMod:BlackHoleGun","DemoMod:FullFirepower"],"picked":"DemoMod:GunslingerForm","floor":33},{"not_picked":["DemoMod:ConditionalReflex+1","DemoMod:DirectionalPad"],"picked":"DemoMod:RadGun+1","floor":35},{"not_picked":["DemoMod:Ejector","DemoMod:TableSutra"],"picked":"DemoMod:StickyCrossBow+1","floor":37},{"not_picked":["DemoMod:DirectionalPad+1","DemoMod:Camera+1"],"picked":"DemoMod:PotionOfGunFriendShip+1","floor":38},{"not_picked":["DemoMod:Unmoved","DemoMod:RadGun+1"],"picked":"DemoMod:ChanceBullets+1","floor":41},{"not_picked":["DemoMod:LifeOrb","DemoMod:DirectionalPad+1"],"picked":"DemoMod:EasyReloadBullets","floor":41},{"not_picked":["DemoMod:GunstockTap+1","DemoMod:GunShield"],"picked":"DemoMod:CursedBullets","floor":42},{"not_picked":["DemoMod:HungryBullets","DemoMod:StickyCrossBow+1"],"picked":"DemoMod:ProbeStrike+1","floor":42},{"not_picked":["DemoMod:Camera+1","DemoMod:HuntsMan"],"picked":"DemoMod:BSG","floor":44},{"not_picked":["DemoMod:Ejector+1","DemoMod:Rummage+1","DemoMod:HuntsMan+1"],"picked":"SKIP","floor":44},{"not_picked":["DemoMod:Rummage","DemoMod:LifeOrb"],"picked":"DemoMod:Purify+1","floor":47},{"not_picked":["DemoMod:PotionOfGunFriendShip","DemoMod:HuntsMan+1"],"picked":"DemoMod:ZorGun+1","floor":47}],"player_experience":1191922,"relics_obtained":[{"floor":1,"key":"LetterFromLob"},{"floor":4,"key":"Ancient Tea Set"},{"floor":6,"key":"DemoMod:WeirdEgg"},{"floor":9,"key":"DemoMod:MeltedRock"},{"floor":26,"key":"Blue Candle"},{"floor":30,"key":"Lantern"},{"floor":31,"key":"infinitespire:Satchel"},{"floor":38,"key":"Prayer Wheel"},{"floor":43,"key":"SalivaCoin"}],"event_choices":[{"cards_removed":["DemoMod:Defend_Huntress"],"damage_healed":0,"gold_gain":0,"player_choice":"Removed Skill","damage_taken":0,"max_hp_gain":0,"max_hp_loss":0,"event_name":"Falling","floor":45,"gold_loss":0}],"is_beta":false,"boss_relics":[{"not_picked":["SlaversCollar","hubris:Backtick"],"picked":"MagicMushroom"},{"not_picked":[]},{"not_picked":["Sozu","hubris:BlackHole","hubris:Stopwatch"]}],"items_purged_floors":[],"is_endless":false,"potions_floor_spawned":[1,5,11,16,31,33,37,44],"ascension_level":0}}