{"host":"p7cjtxxrilhp4dw7","time":1611129419,"event":{"mods":["BaseMod","Block Reminder","Colored Map","Highlight Path","Minty Spire (QoL Compilation)","Replay The Spire","StSLib","The Hierophant"],"gold_per_floor":[115,187,187,201,71,71,97,109,135,135,166,181,211,211,211,315,315,325,344,344,355,374,399,399,434,458,458,468,468,567,617,617,719,719,739,340,340,185,205,205,231,244,244,244,256,274,274,234,234,234,234,234,31,65,65,65],"floor_reached":55,"language":"ENG","playtime":4886,"items_purged":["Strike_R","Searing Blow+1"],"score":994,"play_id":"d4a68df9-2110-4958-8a57-c00c4404c5ea","local_time":"20210120005659","is_ascension_mode":true,"campfire_choices":[{"data":"Bash","floor":6,"key":"SMITH"},{"floor":10,"key":"REST"},{"data":"Armaments","floor":15,"key":"SMITH"},{"floor":24,"key":"REST"},{"floor":27,"key":"REST"},{"floor":32,"key":"REST"},{"floor":40,"key":"REST"},{"floor":44,"key":"REST"},{"floor":47,"key":"REST"},{"floor":49,"key":"RECALL"},{"floor":52,"key":"REST"}],"circlet_count":0,"master_deck":["Strike_R+3","Strike_R+1","Strike_R+1","Strike_R+2","Defend_R+1","Defend_R+2","Defend_R+2","Defend_R+1","Bash+1","Carnage","Run Through","Armaments+1","ReplayTheSpireMod:Stacked","Flex+1","Flame Barrier+1","Barricade+1","Metallicize+1","Pommel Strike+1","Whirlwind+1","Demonic Infusion+1","AbeCurse","Impervious","Clothesline+1","Blood for Blood+1"],"relics":["Burning Blood","CultistMask","Simple Rune","Strawberry","Mark of Pain","Oddly Smooth Stone","Darkstone Periapt","Boot","MutagenicStrength","Orichalcum","Abe\u0027s Treasure","PreservedInsect","HandDrill","Gremlin Food","King of Hearts","Sundial","Whetstone","Replay:Baseball"],"acts_visited":["Exordium","TheCity","TheBeyond","TheEnding"],"potions_floor_usage":[11,22,23,25,25,33,41,50,50,50,55],"damage_taken":[{"damage":6,"enemies":"Cultist","floor":1,"turns":4},{"damage":3,"enemies":"Jaw Worm","floor":4,"turns":4},{"damage":42,"enemies":"Lagavulin","floor":7,"turns":6},{"damage":3,"enemies":"2 Louse","floor":8,"turns":2},{"damage":3,"enemies":"Replay:BlueRogue","floor":11,"turns":4},{"damage":6,"enemies":"Looter","floor":12,"turns":3},{"damage":33,"enemies":"The Guardian","floor":16,"turns":13},{"damage":6,"enemies":"Shell Parasite","floor":18,"turns":7},{"damage":16,"enemies":"Spheric Guardian","floor":19,"turns":4},{"damage":22,"enemies":"Snecko","floor":21,"turns":6},{"damage":17,"enemies":"Centurion and Healer","floor":22,"turns":7},{"damage":46,"enemies":"Book of Stabbing","floor":23,"turns":6},{"damage":22,"enemies":"Replay:Snechameleon","floor":25,"turns":6},{"damage":17,"enemies":"Cultist and Chosen","floor":28,"turns":6},{"damage":45,"enemies":"Champ","floor":33,"turns":11},{"damage":12,"enemies":"3 Shapes","floor":35,"turns":7},{"damage":36,"enemies":"3 Darklings","floor":39,"turns":6},{"damage":70,"enemies":"Giant Head","floor":41,"turns":9},{"damage":1,"enemies":"Sphere and 2 Shapes","floor":42,"turns":3},{"damage":18,"enemies":"Jaw Worm Horde","floor":45,"turns":6},{"damage":0,"enemies":"4 Shapes","floor":46,"turns":9},{"damage":74,"enemies":"Donu and Deca","floor":50,"turns":13},{"damage":66,"enemies":"Shield and Spear","floor":54,"turns":8},{"damage":54,"enemies":"The Heart","floor":55,"turns":2}],"seed_played":"-5121934016217757602","potions_obtained":[{"floor":1,"key":"Reflective Coating"},{"floor":7,"key":"ColorlessPotion"},{"floor":11,"key":"Elixir"},{"floor":16,"key":"Reflective Coating"},{"floor":19,"key":"PowerPotion"},{"floor":22,"key":"Doom Potion"},{"floor":23,"key":"BlessingOfTheForge"},{"floor":33,"key":"Regen Potion"},{"floor":35,"key":"Elixir"},{"floor":42,"key":"ColorlessPotion"},{"floor":46,"key":"Block Potion"}],"is_trial":false,"path_per_floor":["M","?","?","M","$","R","E","M","T","R","E","M","?","$","R","B",null,"M","M","?","M","M","E","R","E","T","R","M","?","?","T","R","B",null,"M","$","?","$","M","R","E","M","T","R","M","M","R","?","R_BF","B",null,"R","$","E","B"],"character_chosen":"IRONCLAD","items_purchased":["Searing Blow+1","PreservedInsect","HandDrill","Gremlin Food","Whetstone","Strength Potion"],"campfire_rested":8,"item_purchase_floors":[5,36,36,38,53,53],"current_hp_per_floor":[80,80,80,83,83,83,47,50,50,76,86,86,86,86,86,59,86,86,76,76,60,49,9,37,21,21,49,38,38,38,38,66,27,84,78,78,78,78,48,78,29,34,34,64,52,58,88,88,88,20,81,101,101,41,0,0],"gold":65,"neow_bonus":"TEN_PERCENT_HP_BONUS","is_daily":false,"chose_seed":false,"campfire_upgraded":2,"win_rate":0.0,"timestamp":1611129419,"path_taken":["M","?","?","?","?","R","E","M","T","R","E","M","?","$","R","BOSS","M","M","?","M","M","E","R","E","T","R","M","?","?","?","R","BOSS","M","$","?","$","M","R","E","M","T","R","M","M","R","?","R_BF","BOSS","R","$","E","BOSS"],"items_purchased_type":["Card","Relic","Relic","Relic","Relic","Potion"],"build_version":"2020-12-22","purchased_purges":2,"victory":false,"max_hp_per_floor":[88,88,88,88,88,88,88,88,88,88,95,95,95,95,95,95,95,95,95,95,95,95,95,95,95,95,95,95,95,95,95,95,95,101,101,101,101,101,101,101,101,101,101,101,101,101,101,101,101,101,101,101,101,101,101,101],"card_choices":[{"not_picked":["Clash","Second Wind"],"picked":"Carnage","floor":1},{"not_picked":["Power Through","Sever Soul"],"picked":"Run Through","floor":4},{"not_picked":["ReplayTheSpireMod:Muscle Training","Body Slam","Clothesline"],"picked":"SKIP","floor":7},{"not_picked":["ReplayTheSpireMod:Corrosion Curse","Disarm"],"picked":"Armaments","floor":8},{"not_picked":["Metallicize","Anger"],"picked":"ReplayTheSpireMod:Stacked","floor":11},{"not_picked":["Life Link","Clash","Reckless Charge"],"picked":"SKIP","floor":12},{"not_picked":["Thunderclap","ReplayTheSpireMod:LeadingStrike"],"picked":"Flex+1","floor":18},{"not_picked":["Body Slam","ReplayTheSpireMod:Strike From Hell","Clash+1"],"picked":"SKIP","floor":19},{"not_picked":["True Grit","Headbutt"],"picked":"Flame Barrier","floor":21},{"not_picked":["Perfected Strike","Cleave"],"picked":"Barricade","floor":22},{"not_picked":["Bludgeon","ReplayTheSpireMod:Strike From Hell"],"picked":"Metallicize+1","floor":23},{"not_picked":["Clash","Pommel Strike","Bloodletting+1"],"picked":"SKIP","floor":25},{"not_picked":["Clash","Bloodletting+1"],"picked":"Pommel Strike","floor":25},{"not_picked":["Armaments","Bloodletting"],"picked":"Whirlwind+1","floor":28},{"not_picked":["Offering","Juggernaut"],"picked":"Demonic Infusion","floor":33},{"not_picked":["Replay:Undeath\u0027s Touch","Twin Strike","Anger+1"],"picked":"SKIP","floor":35},{"not_picked":["Flex+1","Perfected Strike+1","Whirlwind+1"],"picked":"SKIP","floor":39},{"not_picked":["Life Link","Disarm"],"picked":"Impervious","floor":41},{"not_picked":["Perfected Strike+1","Carnage+1"],"picked":"Clothesline+1","floor":42},{"not_picked":["Whirlwind+1","Sword Boomerang","Cleave"],"picked":"SKIP","floor":45},{"not_picked":["Body Slam+1","Run Through"],"picked":"Blood for Blood+1","floor":46},{"not_picked":["Spot Weakness+1","Flex+1","Fire Breathing+1"],"picked":"SKIP","floor":54}],"player_experience":521069,"relics_obtained":[{"floor":7,"key":"Simple Rune"},{"floor":11,"key":"Strawberry"},{"floor":23,"key":"Oddly Smooth Stone"},{"floor":25,"key":"Darkstone Periapt"},{"floor":26,"key":"Boot"},{"floor":31,"key":"Orichalcum"},{"floor":41,"key":"King of Hearts"},{"floor":43,"key":"Sundial"},{"floor":54,"key":"Replay:Baseball"}],"event_choices":[{"damage_healed":0,"gold_gain":72,"player_choice":"Gained Gold","damage_taken":0,"max_hp_gain":0,"max_hp_loss":0,"event_name":"Golden Wing","floor":2,"gold_loss":0},{"damage_healed":0,"gold_gain":0,"player_choice":"Trade","damage_taken":0,"relics_obtained":["CultistMask"],"max_hp_gain":0,"max_hp_loss":0,"event_name":"FaceTrader","floor":3,"gold_loss":0},{"damage_healed":0,"gold_gain":30,"player_choice":"Searched \u00271\u0027 times","damage_taken":0,"max_hp_gain":0,"max_hp_loss":0,"event_name":"Dead Adventurer","floor":13,"gold_loss":0},{"damage_healed":0,"gold_gain":0,"player_choice":"Simplicity","damage_taken":0,"max_hp_gain":0,"max_hp_loss":0,"event_name":"Back to Basics","floor":20,"gold_loss":0,"cards_upgraded":["Strike_R","Strike_R","Strike_R","Strike_R","Defend_R","Defend_R","Defend_R","Defend_R"]},{"damage_healed":0,"gold_gain":0,"player_choice":"Inject Mutagens","damage_taken":0,"relics_obtained":["MutagenicStrength"],"max_hp_gain":0,"max_hp_loss":0,"event_name":"Drug Dealer","floor":29,"gold_loss":0},{"damage_healed":0,"gold_gain":99,"player_choice":"Stole From Cult","damage_taken":0,"max_hp_gain":0,"max_hp_loss":0,"event_name":"Nest","floor":30,"gold_loss":0},{"damage_healed":0,"gold_gain":0,"player_choice":"Ignored","damage_taken":0,"max_hp_gain":0,"max_hp_loss":0,"event_name":"Tomb of Lord Red Mask","floor":37,"gold_loss":0},{"damage_healed":0,"gold_gain":0,"player_choice":"Upgrade","damage_taken":0,"max_hp_gain":0,"max_hp_loss":0,"event_name":"Designer","floor":48,"gold_loss":40,"cards_upgraded":["Demonic Infusion"]}],"is_beta":false,"boss_relics":[{"not_picked":["Pandora\u0027s Box","Runic Dome"],"picked":"Mark of Pain"},{"not_picked":["Runic Cube","Runic Pyramid"],"picked":"Abe\u0027s Treasure"}],"items_purged_floors":[5,36],"is_endless":false,"potions_floor_spawned":[1,7,11,16,19,22,23,33,35,42,46],"killed_by":"The Heart","ascension_level":7}}