{"host":"appz8zkad29u9482","time":1611127001,"event":{"mods":["2.2 Compatiblity","Act Like it!","Aspiration","BaseMod","Beaked The Cultist","Better Altar","Better Match","Better Note","Better Sensory Stone","Better Skull","Better Third Choice","BetterRewards","CapriCore","Chen","Conspire","Disable Question Mark Monsters","Energized Spire","Gensokyo","GifTheSpireLib","Gold Saver","Halation","Hermit","Hubris","Infinite Spire","Jedi Mod","Lobotomy","LobotomyExtend","Marisa????????","Minty Spire (QoL Compilation)","Permanent Neow","Reimu??????","Replay The Spire","Spicy Shops","StSLib","Strawberry Spire","Stuff the Spire","The Administrix","The Bug Knight","The Construct","The Cursed","The Hierophant","The Immortal","The Servant 0.9.4","yUi"],"gold_per_floor":[644,338,338,338,351,351,351,364,364,364,364,375,375,375,393,115,115,214,214,234,245,245,245],"floor_reached":22,"language":"ENG","playtime":736,"items_purged":["Regret"],"score":209,"play_id":"2999ba43-eea8-40ad-aa10-3cc4d6b1e63c","local_time":"20210119211641","is_ascension_mode":true,"campfire_choices":[{"data":"Bash","floor":6,"key":"SMITH"},{"data":"Demon Form","floor":13,"key":"SMITH"},{"data":"Prepared","floor":17,"key":"SMITH"}],"circlet_count":0,"master_deck":["Strike_R","Strike_R","Strike_R","Strike_R","Strike_R","Defend_R","Defend_R","Defend_R","Defend_R","Bash+1","Slice","Prepared+1","Flame Barrier","Demon Form+1","Flex","Dark Shackles","Replay:Many Hands","Clash+1","Warcry"],"relics":["Burning Blood","aspiration:Nostalgia","m_TsuchinokoRing","Thread and Needle","Mastiff:ReiMu","halation:EternalFortune","LetterFromLob","StuffTheSpire:RedRose","hubris:SlimyHat","aspiration:EmptySkull","Velvet Choker","MagicBullet_r"],"acts_visited":["Exordium","TheCity"],"potions_floor_usage":[18],"damage_taken":[{"damage":1,"enemies":"Cultist","floor":1,"turns":3},{"damage":0,"enemies":"Jaw Worm","floor":5,"turns":5},{"damage":3,"enemies":"Small Slimes","floor":8,"turns":4},{"damage":10,"enemies":"Exordium Wildlife","floor":12,"turns":4},{"damage":7,"enemies":"Large Slime","floor":15,"turns":4},{"damage":22,"enemies":"Slime Boss","floor":18,"turns":5},{"damage":17,"enemies":"2 Thieves","floor":20,"turns":4},{"damage":0,"enemies":"3 Byrds","floor":21,"turns":3}],"seed_played":"1923928974720865772","potions_obtained":[{"floor":1,"key":"Energy Potion"},{"floor":5,"key":"BloodPotion"},{"floor":12,"key":"GamblersBrew"},{"floor":20,"key":"BloodPotion"},{"floor":21,"key":"Fire Potion"}],"is_trial":false,"path_per_floor":["M","$","T","?","M","R","?","M","PTL","PTL","T","M","R","?","M","$","R","B",null,"M","M","?"],"character_chosen":"IRONCLAD","items_purchased":["Thread and Needle","aspiration:EmptySkull","Flex","Dark Shackles"],"campfire_rested":0,"item_purchase_floors":[2,16,16,16],"current_hp_per_floor":[80,80,80,83,83,83,83,83,83,83,83,79,79,83,85,85,85,69,86,75,81,0,0],"gold":245,"neow_bonus":"NOSTALGIA","is_daily":false,"chose_seed":false,"campfire_upgraded":3,"win_rate":0.0,"timestamp":1611127001,"path_taken":["M","$","?","?","M","R","?","M","PTL","PTL","T","?","R","?","M","$","R","BOSS","M","M","?"],"items_purchased_type":["Relic","Relic","Card","Card"],"build_version":"2020-12-22","purchased_purges":1,"victory":false,"max_hp_per_floor":[80,80,80,83,83,83,83,83,83,83,83,83,83,83,86,86,86,86,86,86,86,87,87],"card_choices":[{"not_picked":["Dagger Throw","Thunderclap"],"picked":"Slice","floor":1},{"not_picked":["Iron Wave","ReplayTheSpireMod:LeadingStrike"],"picked":"Prepared","floor":5},{"not_picked":["Shockwave","Cleave"],"picked":"Flame Barrier","floor":8},{"not_picked":["StuffTheSpire:Incineration","Prepared"],"picked":"Demon Form","floor":12},{"not_picked":["Defy Death","Outmaneuver","Headbutt"],"picked":"SKIP","floor":15},{"not_picked":["Impervious","Berserk"],"picked":"Replay:Many Hands","floor":18},{"not_picked":["StuffTheSpire:Slingshot","ReplayTheSpireMod:Strike From Hell"],"picked":"Clash+1","floor":20},{"not_picked":["True Grit","Iron Wave"],"picked":"Warcry","floor":21}],"player_experience":571095,"relics_obtained":[{"floor":3,"key":"Mastiff:ReiMu"},{"floor":5,"key":"LetterFromLob"},{"floor":11,"key":"hubris:SlimyHat"},{"floor":15,"key":"halation:EternalFortune"}],"event_choices":[],"is_beta":false,"boss_relics":[{"not_picked":["SacredBark","halation:PinkAlligatorPlush"],"picked":"Velvet Choker"}],"items_purged_floors":[16],"is_endless":false,"potions_floor_spawned":[1,5,12,20,21],"ascension_level":4}}