{"host":"uimu98mr9zvwuo5s","time":1611148285,"event":{"mods":["Aspiration","BaseMod","Better Note","Better Third Choice","BetterRewards","Conspire","GifTheSpireLib","Highlight Path","Hubris","Infinite Spire","Jedi Mod","Magitek Elite","Minty Spire (QoL Compilation)","Rare Cards Sparkle","Replay The Spire","Shop Mod","Spicy Shops","StSLib","Stuff the Spire","Uncapped","vexMod"],"gold_per_floor":[114,126,101,176,176,209,227,227,227,247,247,247,261,49,49,153,153,163,180,180,180],"floor_reached":20,"language":"ENG","playtime":1187,"items_purged":["Strike_B","Strike_B","Strike_B","Injury"],"score":224,"play_id":"cb41a582-91cf-4c88-b074-3d2241c18eb2","local_time":"20210120081125","is_ascension_mode":false,"campfire_choices":[{"floor":8,"key":"DIG"},{"floor":12,"key":"DIG"},{"floor":15,"key":"DIG"}],"circlet_count":0,"master_deck":["Strike_B+1","Defend_B","Defend_B","Defend_B","Defend_B+1","Zap","Dualcast","aspiration:Polymerization","Storm","Storm","StuffTheSpire:Synthwave+1","Thunder Strike","Heatsinks","Steam+1"],"relics":["Cracked Core","Membership Card","Blue Doll","MerchantsRug","conspire:TreasureMap","Gambling Chip","Chemical X","Solar Panel","Shovel","BargainBundle","Toxic Egg 2","Simple Rune","hubris:BallOfYels","vexMod:BarristanHead","aspiration:SeaSaltIceCream","aspiration:Nostalgia","Sizzling Blood","hubris:OldNail","vexMod:Spyglass","Lantern","conspire:TopHat"],"acts_visited":["Exordium","TheCity"],"potions_floor_usage":[],"damage_taken":[{"damage":0,"enemies":"Cultist","floor":1,"turns":2},{"damage":2,"enemies":"2 Louse","floor":2,"turns":2},{"damage":8,"enemies":"Lagavulin","floor":6,"turns":3},{"damage":0,"enemies":"conspire:RoseBush","floor":7,"turns":3},{"damage":0,"enemies":"Large Slime","floor":10,"turns":3},{"damage":0,"enemies":"2 Fungi Beasts","floor":13,"turns":2},{"damage":87,"enemies":"Fading Forest","floor":16,"turns":11},{"damage":2,"enemies":"3 Byrds","floor":18,"turns":2},{"damage":24,"enemies":"2 Thieves","floor":19,"turns":3},{"damage":28,"enemies":"Shelled Parasite and Fungi","floor":20,"turns":4}],"seed_played":"8086334077329139856","potions_obtained":[{"floor":6,"key":"FearPotion"},{"floor":7,"key":"Cursed Concoction"},{"floor":13,"key":"PotionOfCapacity"},{"floor":18,"key":"jedi:wingpotion"}],"is_trial":false,"path_per_floor":["M","M","?","?","?","E","M","R","T","M","?","R","M","$","R","B",null,"M","M","M"],"character_chosen":"DEFECT","items_purchased":["Membership Card","Blue Doll","MerchantsRug","conspire:TreasureMap","Gambling Chip","aspiration:Polymerization","Chemical X","Storm","Solar Panel","Shovel","StuffTheSpire:Synthwave+1","Thunder Strike","BargainBundle","conspire:TimeTravelPotion","Ancient Potion","jedi:coolantleak","SteroidPotion","Heatsinks","vexMod:Spyglass","Lantern"],"campfire_rested":0,"item_purchase_floors":[0,0,0,0,0,0,0,0,0,0,0,0,0,0,0,0,0,0,14,14],"current_hp_per_floor":[75,75,75,64,64,62,68,68,68,74,78,78,79,79,79,20,79,79,59,31,31],"gold":180,"neow_bonus":"","is_daily":false,"chose_seed":false,"campfire_upgraded":0,"win_rate":0.0,"timestamp":1611148285,"path_taken":["M","?","?","?","?","E","M","R","T","M","?","R","M","$","R","BOSS","M","?","M"],"items_purchased_type":["Relic","Relic","Relic","Relic","Relic","Card","Relic","Card","Relic","Relic","Card","Card","Relic","Potion","Potion","Potion","Potion","Card","Relic","Relic"],"build_version":"2020-12-22","purchased_purges":4,"victory":false,"max_hp_per_floor":[75,75,75,75,75,75,75,75,75,75,79,79,79,79,79,79,79,79,79,79,79],"card_choices":[{"not_picked":["BasicCrystalCard","Compile Driver","Cold Snap"],"picked":"SKIP","floor":1},{"not_picked":["Streamline","Redo","Leap"],"picked":"SKIP","floor":2},{"not_picked":["Self Repair","ReplayTheSpireMod:System Scan+1","StuffTheSpire:CleanHardDrive+1"],"picked":"SKIP","floor":6},{"not_picked":["BasicCrystalCard+1","Steam+1","Panic Button+1"],"picked":"SKIP","floor":7},{"not_picked":["StuffTheSpire:LoadUp+1","Darkness+1","Consume+1"],"picked":"SKIP","floor":10},{"not_picked":["Defragment","Rip and Tear","jedi:BurstLightning"],"picked":"SKIP","floor":13},{"not_picked":["Redo+1","Rebound","Gash"],"picked":"SKIP","floor":18},{"not_picked":["Chill+1","Aggregate+1"],"picked":"Steam+1","floor":19}],"player_experience":238870,"relics_obtained":[{"floor":6,"key":"Simple Rune"},{"floor":8,"key":"hubris:BallOfYels"},{"floor":9,"key":"vexMod:BarristanHead"},{"floor":11,"key":"aspiration:SeaSaltIceCream"},{"floor":12,"key":"hubris:OldNail"},{"floor":15,"key":"conspire:TopHat"}],"event_choices":[{"damage_healed":0,"gold_gain":75,"player_choice":"Gold","damage_taken":11,"max_hp_gain":0,"max_hp_loss":0,"event_name":"betterThird:BetterGoop","floor":4,"gold_loss":0}],"is_beta":false,"boss_relics":[{"not_picked":["vexMod:CursedCompass","aspiration:IroncladSkillbook","Replay:Grab Bag"]}],"items_purged_floors":[0,0,14,14],"is_endless":false,"potions_floor_spawned":[6,7,13,18],"killed_by":"Shelled Parasite and Fungi","ascension_level":0}}