{"host":"zzc28wglrg51iog5","time":1611173839,"event":{"mods":["BaseMod","Colored Map","Downfall","GifTheSpireLib","Hermit","Minty Spire (QoL Compilation)","StSLib","The Hierophant"],"gold_per_floor":[99,99,99,99,99,117,199,230,249,399,154,254,6,35,53,150,150,50,66,66,76,61,61,114,134,34,19,19,30,60,160,170,267,267,167,185,132,132,132,132,132,132,148,148,175,187,187,187,199,199,199,228,39,39,39,39],"floor_reached":57,"language":"ENG","playtime":10224,"items_purged":["downfall:Icky","downfall:Bewildered"],"score":1250,"play_id":"0d797cfb-b107-4878-9f5f-ed6a7b6af5c4","local_time":"20210120211719","is_ascension_mode":true,"campfire_choices":[{"data":"bronze:Replicate","floor":1.0,"key":"SMITH"},{"floor":18.0,"key":"RECALL"},{"data":"bronze:TinkerersToolbox","floor":26.0,"key":"SMITH"},{"data":"bronze:AlphaBuild","floor":35,"key":"SMITH"},{"data":"bronze:Strike","floor":40,"key":"PURGE"},{"data":"bronze:Invalidate","floor":44,"key":"SMITH"},{"floor":47,"key":"REST"},{"data":"bronze:ItsAFeature","floor":54,"key":"SMITH"}],"circlet_count":0,"master_deck":["bronze:Defend","bronze:Defend","bronze:Defend","bronze:Replicate+1","bronze:Goto","bronze:DarkDash","bronze:Deprecate+1","bronze:WhirlingStrike","bronze:NullPointer","bronze:Return","bronze:Shell","bronze:MaxOutput","bronze:AlphaBuild+1","bronze:SpaghettiCode","bronze:Turbo","bronze:Optimize","bronze:Repulsor","bronze:TinkerersToolbox+1","bronze:Repulsor+1","bronze:ForceShield","bronze:Overheat+1","bronze:Flail+1","bronze:CloningBeam+1","bronze:GetLatest","bronze:RecursiveStrike","bronze:Invalidate+1","Parasite","bronze:ItsAFeature+1"],"relics":["bronze:BronzeCore","downfall:HeartsMalice","Sundial","Meat on the Bone","Matryoshka","Art of War","Oddly Smooth Stone","SlaversCollar","downfall:HeartBlessingGreen","sneckomod:BabySnecko","Mummified Hand","downfall:HeartBlessingRed","Bottled Lightning","Calipers","Bottled Tornado","expansioncontent:StudyCardRelic","downfall:HeartBlessingBlue","Membership Card","Peace Pipe","Regal Pillow","HornCleat","Happy Flower","bronze:CableSpool","Ginger"],"acts_visited":["Exordium","TheCity","TheBeyond","TheEnding"],"potions_floor_usage":[32,33,37,50,56],"damage_taken":[{"damage":0.0,"enemies":"Jaw Worm","floor":2.0,"turns":1.0},{"damage":0.0,"enemies":"2 Louse","floor":3.0,"turns":1.0},{"damage":0.0,"enemies":"Small Slimes","floor":4.0,"turns":1.0},{"damage":0.0,"enemies":"2 Fungi Beasts","floor":6.0,"turns":4.0},{"damage":31.0,"enemies":"Gremlin Nob","floor":8.0,"turns":5.0},{"damage":0.0,"enemies":"Gremlin Gang","floor":9.0,"turns":3.0},{"damage":0.0,"enemies":"downfall:FleeingMerchant","floor":11.0,"turns":4.0},{"damage":25.0,"enemies":"downfall:Heads","floor":12.0,"turns":6.0},{"damage":0.0,"enemies":"downfall:FleeingMerchant","floor":13.0,"turns":4.0},{"damage":6.0,"enemies":"Lagavulin","floor":14.0,"turns":7.0},{"damage":0.0,"enemies":"Blue Slaver","floor":15.0,"turns":3.0},{"damage":22.0,"enemies":"DF_ARCHETYPE_STREAMLINE","floor":16.0,"turns":10.0},{"damage":0.0,"enemies":"3 Byrds","floor":19.0,"turns":5.0},{"damage":15.0,"enemies":"Shell Parasite","floor":21.0,"turns":5.0},{"damage":0.0,"enemies":"downfall:FleeingMerchant","floor":22.0,"turns":4.0},{"damage":12.0,"enemies":"Centurion and Healer","floor":25.0,"turns":6.0},{"damage":0.0,"enemies":"downfall:FleeingMerchant","floor":27.0,"turns":4.0},{"damage":16.0,"enemies":"Snecko","floor":29.0,"turns":4.0},{"damage":0.0,"enemies":"Gremlin Leader","floor":30.0,"turns":4.0},{"damage":13,"enemies":"Colosseum Nobs","floor":31,"turns":3},{"damage":10,"enemies":"Cultist and Chosen","floor":32,"turns":4},{"damage":10,"enemies":"SI_MIRROR_ARCHETYPE","floor":33,"turns":8},{"damage":15,"enemies":"Orb Walker","floor":36,"turns":3},{"damage":0,"enemies":"downfall:FleeingMerchant","floor":37,"turns":4},{"damage":13,"enemies":"3 Shapes","floor":43,"turns":2},{"damage":0,"enemies":"Nemesis","floor":45,"turns":5},{"damage":15,"enemies":"Writhing Mass","floor":46,"turns":3},{"damage":7,"enemies":"3 Darklings","floor":49,"turns":3},{"damage":27,"enemies":"WA_ARCHETYPE_DIVINITY","floor":50,"turns":9},{"damage":24,"enemies":"downfall:CharBossMerchant","floor":52,"turns":8},{"damage":0,"enemies":"downfall:NeowBoss","floor":55,"turns":10},{"damage":4,"enemies":"downfall:NeowBossFinal","floor":56,"turns":9}],"seed_played":"-3189769614946885431","potions_obtained":[{"floor":6.0,"key":"SteroidPotion"},{"floor":9.0,"key":"bronze:BurnAndBuffPotion"},{"floor":12.0,"key":"Guardian:BlockOnCardUsePotion"},{"floor":15.0,"key":"Strength Potion"},{"floor":21.0,"key":"DistilledChaos"},{"floor":29.0,"key":"ColorlessPotion"},{"floor":33,"key":"GamblersBrew"},{"floor":36,"key":"champ:CounterPotion"},{"floor":49,"key":"Weak Potion"}],"is_trial":false,"path_per_floor":["R","M","M","M","?","M","T","E","M","?","$","?","$","E","M","B",null,"R","M","?","M","$","?","T","M","R","$","?","M","E","?","M","B",null,"R","M","$","?","?","R","T","?","M","R","E","M","R","?","M","B",null,"E","$","R","B","B",null],"character_chosen":"THE_AUTOMATON","items_purchased":["Art of War","bronze:SpaghettiCode","bronze:Turbo","bronze:Optimize","Membership Card","Peace Pipe","bronze:Invalidate","Ginger","DistilledChaos"],"campfire_rested":1,"item_purchase_floors":[11,13,13,13,37,37,37,53,53],"current_hp_per_floor":[70,70,70,70,52,52,52,33,45,45,45,32,44,38,38,28,70,70,70,70,55,55,55,55,43,43,43,43,39,39,38,40,42,70,80,65,65,60,60,60,60,52,51,51,51,48,80,80,73,46,80,56,56,56,56,52],"gold":39,"neow_bonus":"THREE_ENEMY_KILL","is_daily":false,"chose_seed":false,"campfire_upgraded":5,"win_rate":0.0,"timestamp":1611173839,"path_taken":["R","M","M","M","?","M","T","E","M","?","$","?","$","E","M","BOSS","R","M","?","M","$","?","T","?","R","$","?","M","E","?","M","BOSS","R","M","$","?","?","R","T","?","M","R","E","?","R","?","M","BOSS","E","$","R","BOSS","BOSS"],"items_purchased_type":["Relic","Card","Card","Card","Relic","Relic","Card","Relic","Potion"],"build_version":"2020-12-22","purchased_purges":2,"victory":true,"max_hp_per_floor":[70,70,70,70,70,70,70,70,70,70,70,70,70,70,70,70,70,70,70,70,70,70,70,70,70,70,70,70,70,70,70,70,70,70,80,80,80,80,80,80,80,80,80,80,80,80,80,80,80,80,80,80,80,80,80,80],"card_choices":[{"not_picked":["bronze:Turbo","bronze:BronzeArmor"],"picked":"bronze:DarkDash","floor":2.0},{"not_picked":["bronze:Branch","bronze:ChosenStrike"],"picked":"bronze:Deprecate","floor":3.0},{"not_picked":["bronze:Overheat","bronze:CutThrough"],"picked":"bronze:WhirlingStrike","floor":4.0},{"not_picked":["bronze:Branch","bronze:Overheat","bronze:WhirlingStrike"],"picked":"SKIP","floor":6.0},{"not_picked":["bronze:GetLatest","bronze:ThunderWave"],"picked":"bronze:NullPointer","floor":8.0},{"not_picked":["bronze:Overheat","bronze:MaxOutput"],"picked":"bronze:Return","floor":9.0},{"not_picked":["bronze:Backtrace","bronze:Shield"],"picked":"bronze:Shell","floor":11.0},{"not_picked":["bronze:Refactor","bronze:Turbo"],"picked":"bronze:AlphaBuild","floor":13.0},{"not_picked":["bronze:ClassDefault","bronze:ChosenStrike","bronze:FineTuning"],"picked":"SKIP","floor":14.0},{"not_picked":["bronze:Constructor","bronze:BugBarrage"],"picked":"bronze:Repulsor","floor":15.0},{"not_picked":["bronze:ThunderWave","bronze:ShipIt"],"picked":"bronze:TinkerersToolbox","floor":16.0},{"not_picked":["bronze:Iterate","bronze:OilSpill+1"],"picked":"bronze:Repulsor+1","floor":19.0},{"not_picked":["bronze:ChildClass","bronze:Deprecate"],"picked":"bronze:ForceShield","floor":21.0},{"not_picked":["bronze:Repulsor","bronze:Overheat","bronze:Optimize"],"picked":"SKIP","floor":22.0},{"not_picked":["bronze:WhirlingStrike","bronze:CutThrough","bronze:BitShift"],"picked":"SKIP","floor":25.0},{"not_picked":["bronze:Deprecate","bronze:ForLoop+1","bronze:Branch"],"picked":"SKIP","floor":27.0},{"not_picked":["bronze:ForLoop+1","bronze:Safeguard"],"picked":"bronze:Flail+1","floor":29.0},{"not_picked":["bronze:Frontload","bronze:WildBeam","bronze:AlphaBuild"],"picked":"SKIP","floor":30.0},{"not_picked":["bronze:FineTuning","bronze:Frontload"],"picked":"bronze:CloningBeam+1","floor":31},{"not_picked":["bronze:DigitalCarnage+1","bronze:WildBeam"],"picked":"bronze:GetLatest","floor":32},{"not_picked":["bronze:ShipIt","bronze:Mutator"],"picked":"bronze:RecursiveStrike","floor":33},{"not_picked":["bronze:Deprecate","bronze:ChosenStrike+1","bronze:Separator"],"picked":"SKIP","floor":36},{"not_picked":["bronze:WildBeam","bronze:BronzeOrb","bronze:FineTuning"],"picked":"SKIP","floor":37},{"not_picked":["bronze:Invalidate+1","bronze:Boost","bronze:Branch+1"],"picked":"SKIP","floor":43},{"not_picked":["bronze:Separator","bronze:BuggyMess+1","bronze:Boost+1"],"picked":"SKIP","floor":45},{"not_picked":["bronze:ForceShield","bronze:Refactor","bronze:CutThrough"],"picked":"SKIP","floor":46},{"not_picked":["bronze:WildBeam","bronze:Refactor","bronze:FineTuning+1"],"picked":"SKIP","floor":49},{"not_picked":["bronze:Format","bronze:OilSpill"],"picked":"bronze:ItsAFeature","floor":52}],"player_experience":1612004,"relics_obtained":[{"floor":7.0,"key":"Meat on the Bone"},{"floor":8.0,"key":"Matryoshka"},{"floor":14.0,"key":"Oddly Smooth Stone"},{"floor":24.0,"key":"Mummified Hand"},{"floor":30.0,"key":"Bottled Lightning"},{"floor":31,"key":"Calipers"},{"floor":31,"key":"Bottled Tornado"},{"floor":41,"key":"Regal Pillow"},{"floor":41,"key":"HornCleat"},{"floor":45,"key":"Happy Flower"},{"floor":52,"key":"bronze:CableSpool"}],"event_choices":[{"damage_healed":0.0,"max_hp_gain":0.0,"max_hp_loss":0.0,"gold_gain":0.0,"event_name":"Scrap Ooze","player_choice":"Success","floor":5.0,"gold_loss":0.0,"damage_taken":18.0,"relics_obtained":["Sundial"]}],"is_beta":false,"boss_relics":[{"not_picked":["Busted Crown","bronze:MakeshiftBattery"],"picked":"SlaversCollar"},{"not_picked":["Cursed Key","Pandora\u0027s Box"],"picked":"expansioncontent:StudyCardRelic"}],"items_purged_floors":[11,37],"is_endless":false,"potions_floor_spawned":[6,9,12,15,21,29,30,33,36,49],"ascension_level":1}}