{"host":"81vb4cbob60wa1na","time":1611178505,"event":{"mods":["BaseMod","Dio Mod","Downfall","GifTheSpireLib","Hermit","Highlight Path","Minty Spire (QoL Compilation)","StSLib","The Bug Knight","The Cursed","The Disciple"],"gold_per_floor":[99,115,40,40,25,44,68,18,3,22,22,36,136,72,92,189,189,139,156,54,54,54,68,68,18,18,118,68,68,18,18,30,132,132,82,96,96,96,112,112,112,130,142,169,14,28,28,46,64,64,64,64],"floor_reached":50,"language":"ENG","playtime":1602,"items_purged":[],"score":535,"play_id":"2e363a61-cdd3-417c-a564-591fb8f78222","local_time":"20210120163505","is_ascension_mode":false,"campfire_choices":[{"data":"Slimebound:ViciousTackle","floor":1,"key":"SMITH"},{"data":"Slimebound:Schlurp","floor":8,"key":"SMITH"},{"data":"Slimebound:Schlurp","floor":11,"key":"SMITH"},{"data":"Slimebound:DouseInSlime","floor":18,"key":"SMITH"},{"data":"Slimebound:RejuvenatingLick","floor":25,"key":"SMITH"},{"data":"Slimebound:AcidTongue","floor":28,"key":"SMITH"},{"floor":30,"key":"REST"},{"data":"Slimebound:RainOfGoop","floor":35,"key":"SMITH"},{"floor":47,"key":"RECALL"}],"circlet_count":0,"master_deck":["Slimebound:Strike_Slimebound","Slimebound:Strike_Slimebound+1","Slimebound:Tackle","Slimebound:Defend_Slimebound","Slimebound:Defend_Slimebound","Slimebound:Defend_Slimebound","Slimebound:Defend_Slimebound","Slimebound:Split","Slimebound:CorrosiveSpit","Slimebound:ViciousTackle+1","Slimebound:ItLooksTasty+1","Slimebound:GoopSpray","Slimebound:Schlurp+1","Slimebound:GoopSpray","Slimebound:Schlurp+1","Slimebound:RejuvenatingLick+1","Slimebound:SlimeSpikes","Slimebound:Schlurp","Slimebound:DouseInSlime+1","Slimebound:AcidTongue+1","Slimebound:GoopSpray","Slimebound:GoopSpray","Slimebound:GoopSpray+1","Slimebound:GoopSpray+1","Slimebound:GoopSpray+1","Slimebound:RainOfGoop+1","Slimebound:LeechLife","Slimebound:Equalize+1","Slimebound:Gluttony+1","Slimebound:LivingWall","Slimebound:MegaLick+1","Slimebound:RejuvenatingLick+1"],"relics":["Slimebound:AbsorbEndCombat","Slimebound:GreedOozeRelic","Whetstone","Philosopher\u0027s Stone","Membership Card","TungstenRod","Slimebound:MaxSlimesRelic","downfall:RedIOU","Du-Vu Doll","Frozen Egg 2","Enchiridion","Sozu","Ancient Tea Set","Bag of Preparation","TheAbacus"],"acts_visited":["Exordium","TheCity","TheBeyond"],"potions_floor_usage":[16,16,27,33,43,50],"damage_taken":[{"damage":3,"enemies":"Small Slimes","floor":2,"turns":3},{"damage":19,"enemies":"downfall:FleeingMerchant","floor":5,"turns":4},{"damage":0,"enemies":"2 Louse","floor":6,"turns":1},{"damage":3,"enemies":"downfall:FleeingMerchant","floor":9,"turns":4},{"damage":3,"enemies":"Jaw Worm","floor":10,"turns":2},{"damage":0,"enemies":"Exordium Wildlife","floor":12,"turns":3},{"damage":15,"enemies":"downfall:FleeingMerchant","floor":14,"turns":4},{"damage":17,"enemies":"Exordium Thugs","floor":15,"turns":3},{"damage":26,"enemies":"DF_ARCHETYPE_STREAMLINE","floor":16,"turns":8},{"damage":14,"enemies":"Shell Parasite","floor":19,"turns":2},{"damage":0,"enemies":"downfall:FleeingMerchant","floor":20,"turns":2},{"damage":0,"enemies":"Chosen","floor":22,"turns":1},{"damage":10,"enemies":"Snake Plant","floor":23,"turns":2},{"damage":11,"enemies":"WA_ARCHETYPE_RETAIN","floor":27,"turns":5},{"damage":14,"enemies":"3 Cultists","floor":32,"turns":4},{"damage":24,"enemies":"IC_MUSHROOM_ARCHETYPE","floor":33,"turns":5},{"damage":0,"enemies":"3 Shapes","floor":36,"turns":4},{"damage":0,"enemies":"Orb Walker","floor":39,"turns":2},{"damage":3,"enemies":"4 Shapes","floor":42,"turns":5},{"damage":9,"enemies":"3 Darklings","floor":43,"turns":4},{"damage":14,"enemies":"Nemesis","floor":44,"turns":5},{"damage":3,"enemies":"Writhing Mass","floor":46,"turns":4},{"damage":0,"enemies":"Sphere and 2 Shapes","floor":48,"turns":4},{"damage":3,"enemies":"Spire Growth","floor":49,"turns":3},{"damage":89,"enemies":"WA_ARCHETYPE_DIVINITY","floor":50,"turns":5}],"seed_played":"3299813023024432319","potions_obtained":[{"floor":12,"key":"Slimebound:SlimyTonguePotion"},{"floor":15,"key":"Strength Potion"},{"floor":16,"key":"BlessingOfTheForge"},{"floor":27,"key":"LiquidMemories"},{"floor":32,"key":"SpeedPotion"},{"floor":33,"key":"AttackPotion"}],"is_trial":false,"path_per_floor":["R","M","?","?","$","M","T","R","$","M","R","M","?","$","M","B",null,"R","M","$","?","M","M","T","R","?","?","R","?","R","$","M","B",null,"R","M","?","$","M","?","T","M","M","E","$","M","R","M","M","B"],"character_chosen":"SLIMEBOUND","items_purchased":["Slimebound:Schlurp","Membership Card","Slimebound:GoopSpray","FairyPotion","TungstenRod","Nunchaku","Bag of Preparation","TheAbacus"],"campfire_rested":1,"item_purchase_floors":[14,20,20,20,20,20,45,45],"current_hp_per_floor":[65,64,64,64,51,55,55,55,58,59,59,63,63,54,43,25,65,65,55,57,57,57,51,51,51,51,48,48,33,52,52,61,59,65,65,65,65,65,65,65,65,65,60,53,53,64,64,65,65,0,0,0],"gold":64,"neow_bonus":"THREE_CARDS","is_daily":false,"chose_seed":false,"campfire_upgraded":7,"win_rate":0.0,"timestamp":1611178505,"path_taken":["R","M","?","?","$","M","T","R","$","M","R","?","?","?","M","BOSS","R","M","?","?","M","M","T","R","?","?","R","?","R","?","M","BOSS","R","M","?","$","M","?","T","M","?","E","$","M","R","M","M","BOSS"],"items_purchased_type":["Card","Relic","Card","Potion","Relic","Relic","Relic","Relic"],"build_version":"2020-12-22","purchased_purges":0,"victory":false,"max_hp_per_floor":[65,65,65,65,65,65,65,65,65,65,65,65,65,65,65,65,65,65,65,65,65,65,65,65,65,65,65,65,65,65,65,65,65,65,65,65,65,65,65,65,65,65,65,65,65,65,65,65,65,65,65,65],"card_choices":[{"not_picked":["Slimebound:GoopTackle","Slimebound:SamplingLick"],"picked":"Slimebound:ViciousTackle","floor":0},{"not_picked":["Slimebound:SplitLeeching","Slimebound:RollThrough"],"picked":"Slimebound:ItLooksTasty","floor":2},{"not_picked":["Slimebound:RollThrough","Slimebound:GrowthPunch"],"picked":"Slimebound:GoopSpray","floor":5},{"not_picked":["Slimebound:LivingWall","Slimebound:BestDefense"],"picked":"Slimebound:Schlurp","floor":6},{"not_picked":["Slimebound:ItLooksTasty","Slimebound:SelfFormingGoo"],"picked":"Slimebound:GoopSpray","floor":9},{"not_picked":["Slimebound:GoopSpray","Slimebound:GrowthPunch"],"picked":"Slimebound:Schlurp","floor":10},{"not_picked":["Slimebound:PressTheAttack","Slimebound:FormOfPuddle"],"picked":"Slimebound:RejuvenatingLick","floor":12},{"not_picked":["Slimebound:SlimeTap","Slimebound:FormOfPuddle"],"picked":"Slimebound:SlimeSpikes","floor":14},{"not_picked":["Slimebound:RollThrough","Slimebound:Nibble","Slimebound:BestDefense"],"picked":"SKIP","floor":15},{"not_picked":["Slimebound:PrepareCrush","Slimebound:DuplicatedForm"],"picked":"Slimebound:DouseInSlime","floor":16},{"not_picked":["Slimebound:ProtectTheBoss+1","Slimebound:BestDefense"],"picked":"Slimebound:AcidTongue","floor":19},{"not_picked":["Slimebound:Chomp","Slimebound:Nibble"],"picked":"Slimebound:GoopSpray","floor":20},{"not_picked":["Slimebound:SpikyOuterGoop+1","Slimebound:SlimeTap+1"],"picked":"Slimebound:GoopSpray+1","floor":22},{"not_picked":["Slimebound:LeadByExample","Slimebound:ItLooksTasty+1"],"picked":"Slimebound:GoopSpray+1","floor":23},{"not_picked":["Slimebound:SamplingLick","Slimebound:ItLooksTasty"],"picked":"Slimebound:GoopSpray+1","floor":27},{"not_picked":["Slimebound:PressTheAttack","Slimebound:ForwardTackle"],"picked":"Slimebound:RainOfGoop","floor":32},{"not_picked":["Slimebound:SelfFormingGoo+1","Slimebound:OneTwoCombo"],"picked":"Slimebound:LeechLife","floor":33},{"not_picked":["Slimebound:FlameTackle","Slimebound:FinishingTackle+1","Slimebound:LeechEnergy+1"],"picked":"SKIP","floor":36},{"not_picked":["Slimebound:Nibble+1","Slimebound:FinishingTackle+1"],"picked":"Slimebound:Equalize+1","floor":39},{"not_picked":["Slimebound:RollThrough+1","Slimebound:LeechEnergy+1"],"picked":"Slimebound:Gluttony+1","floor":42},{"not_picked":["Slimebound:ComboTackle","Slimebound:Dissolve"],"picked":"Slimebound:LivingWall","floor":43},{"not_picked":["Slimebound:Nibble","Slimebound:DouseInSlime"],"picked":"Slimebound:MegaLick+1","floor":44},{"not_picked":["Slimebound:Chomp+1","Slimebound:RollThrough","Slimebound:GoopTackle+1"],"picked":"SKIP","floor":46},{"not_picked":["Slimebound:GoopTackle+1","Slimebound:LivingWall","Slimebound:BestDefense+1"],"picked":"SKIP","floor":48},{"not_picked":["Slimebound:LeechEnergy+1","Slimebound:DisruptingSlam"],"picked":"Slimebound:RejuvenatingLick+1","floor":49}],"player_experience":280867,"relics_obtained":[{"floor":7,"key":"Whetstone"},{"floor":24,"key":"Slimebound:MaxSlimesRelic"},{"floor":27,"key":"Du-Vu Doll"},{"floor":27,"key":"Frozen Egg 2"},{"floor":29,"key":"Enchiridion"},{"floor":44,"key":"Ancient Tea Set"}],"event_choices":[{"damage_healed":0,"gold_gain":0,"player_choice":"Ignored","damage_taken":0,"max_hp_gain":0,"max_hp_loss":0,"event_name":"Ghosts","floor":21,"gold_loss":0},{"cards_removed":["Slimebound:Strike_Slimebound"],"damage_healed":0,"gold_gain":0,"player_choice":"Removed Attack","damage_taken":0,"max_hp_gain":0,"max_hp_loss":0,"event_name":"Falling","floor":37,"gold_loss":0},{"damage_healed":0,"gold_gain":0,"player_choice":"Got Potions","damage_taken":0,"max_hp_gain":0,"max_hp_loss":0,"event_name":"Lab","floor":40,"gold_loss":0}],"is_beta":false,"boss_relics":[{"not_picked":["Runic Pyramid","Runic Dome"],"picked":"Philosopher\u0027s Stone"},{"not_picked":["Fusion Hammer","Empty Cage"],"picked":"Sozu"}],"items_purged_floors":[],"is_endless":false,"potions_floor_spawned":[12,15,16,27,32,33,39,48,49],"killed_by":"WA_ARCHETYPE_DIVINITY","ascension_level":0}}