{"host":"yekvm0llnambltim","time":1611141132,"event":{"mods":["Act Like it!","BaseMod","CapriCore","Challenge The Spire","Minty Spire (QoL Compilation)","MostiFishMod","Quick Restart","Relic Stats","Replay The Spire","Spicy Shops","StSLib","TheHeartMod","Waifu the Spire","¡¾ÒÅÎï¿¨ÅÆ¡¿REMEMod"],"gold_per_floor":[110,110,110,126,88,88,120,120,144,158,158,193,193,193,193,265,265,285,285,279,140,140,85,360,312,312,326,359,372,372,385,385,443,443,460,460,460,480,461,490,515,523,547,547,580,658,658,804,804,744,725,725,725,612,642,623],"floor_reached":57,"language":"ZHS","playtime":1529,"items_purged":["Strike_P","Pride","Regret","Strike_P","CutThroughFate","Writhe","Regret"],"score":3001,"play_id":"7b3cf261-e843-457a-9b04-cf2916cc6ded","local_time":"20210120191212","is_ascension_mode":true,"campfire_choices":[{"data":"MostiFishMod:ReadyAimFire","floor":6.0,"key":"SMITH"},{"data":"Eruption","floor":8.0,"key":"SMITH"},{"data":"Swivel","floor":11.0,"key":"SMITH"},{"floor":15.0,"key":"DIG"},{"data":"Tantrum","floor":32.0,"key":"SMITH"},{"data":"REME_HeartOfCthun","floor":44.0,"key":"SMITH"},{"floor":47.0,"key":"RECALL"},{"data":"FlurryOfBlows","floor":49.0,"key":"SMITH"},{"data":"BowlingBash","floor":53.0,"key":"SMITH"}],"circlet_count":0,"master_deck":["AscendersBane","Strike_P+1","Strike_P","Defend_P+1","Defend_P+1","Defend_P+1","Defend_P+1","Vigilance","MostiFishMod:ReadyAimFire+1","BowlingBash+1","Swivel+1","MostiFishMod:Speedup","Wallop","ClearTheMind","Violence+1","Jack Of All Trades","FlurryOfBlows+1","ReachHeaven","CutThroughFate+1","REME_CRH+1","Crescendo","MostiFishMod:LegendTransform","MostiFishMod:KingOfFree","Tantrum+1","MostiFishMod:OutWit","REME_HeartOfCthun+1","InnerPeace+1","LessonLearned","Omniscience+1","MostiFishMod:StarWish+1","MostiFishMod:CyberBuddha+1","MostiFishMod:PathToVictory+1"],"relics":["PureWater","DaveBox","REME_ComplimentaryCards","DiscerningMonocle","NeowsBlessing","SynthV:TestCard","Replay:Bottled Eggs","Membership Card","Sling","Thread and Needle","StrikeDummy","Snack Pack","Divine Protection","ImprovedEquipment","Bag of Marbles","Happy Flower","Bottled Lightning","ShadowXiaoBlade","Medical Kit","REME_OnlineShoppingPlatform","Shuriken","Replay:Accelerometer","TeardropLocket","Strange Spoon","TimeFreeze","Pantograph","Orichalcum","Pen Nib","Garlic","Toxic Egg 2","Centennial Puzzle","REME_CardOfGreed","ChiLing","Chi","Ling","ReplayTheSpireMod:TigerMarble","Regal Pillow","War Paint","Snecko Heart","Orrery","SynthV","MostiFishMod:Haymaker","REME_PuzzleBoxRelic","Vajra","Akabeko","Durian","Replay:Ringing Soul","Replay:Baseball","Quantum Egg","CaptainsWheel","Gremlin Food","Lantern","ClockworkSouvenir","ReplayTheSpireMod:Lightbulb","Bottled Tornado"],"acts_visited":["Exordium","TheCity","TheBeyond","TheEnding"],"potions_floor_usage":[56],"damage_taken":[{"damage":0.0,"enemies":"Small Slimes","floor":1.0,"turns":1.0},{"damage":0.0,"enemies":"2 Louse","floor":4.0,"turns":2.0},{"damage":0.0,"enemies":"Gremlin Nob","floor":7.0,"turns":1.0},{"damage":0.0,"enemies":"Jaw Worm","floor":10.0,"turns":2.0},{"damage":0.0,"enemies":"Lagavulin","floor":12.0,"turns":3.0},{"damage":22.0,"enemies":"Slime Boss","floor":16.0,"turns":10.0},{"damage":0.0,"enemies":"Spheric Guardian","floor":18.0,"turns":1.0},{"damage":0.0,"enemies":"Chosen","floor":20.0,"turns":1.0},{"damage":0.0,"enemies":"3 Cultists","floor":21.0,"turns":2.0},{"damage":0.0,"enemies":"Slavers","floor":23.0,"turns":1.0},{"damage":0.0,"enemies":"Snake Plant","floor":25.0,"turns":1.0},{"damage":0.0,"enemies":"Snecko","floor":27.0,"turns":2.0},{"damage":0.0,"enemies":"Replay:Snechameleon","floor":28.0,"turns":1.0},{"damage":0.0,"enemies":"3 Cultists","floor":29.0,"turns":4.0},{"damage":0.0,"enemies":"Centurion and Healer","floor":31.0,"turns":1.0},{"damage":4.0,"enemies":"Champ","floor":33.0,"turns":3.0},{"damage":0.0,"enemies":"Orb Walker","floor":35.0,"turns":1.0},{"damage":0.0,"enemies":"3 Shapes","floor":38.0,"turns":1.0},{"damage":0.0,"enemies":"Maw","floor":39.0,"turns":1.0},{"damage":0.0,"enemies":"R_Hoarder","floor":40.0,"turns":2.0},{"damage":0.0,"enemies":"Mind Bloom Boss Battle","floor":41.0,"turns":1.0},{"damage":0.0,"enemies":"Nemesis","floor":42.0,"turns":3.0},{"damage":0.0,"enemies":"R_Hoarder","floor":45.0,"turns":1.0},{"damage":0.0,"enemies":"Transient","floor":48.0,"turns":3.0},{"damage":7.0,"enemies":"Donu and Deca","floor":50.0,"turns":2.0},{"damage":0.0,"enemies":"Replay:Hell Engine","floor":51.0,"turns":3.0},{"damage":0,"enemies":"Shield and Spear","floor":55,"turns":2},{"damage":0,"enemies":"NeowBoss","floor":56,"turns":2}],"seed_played":"-8278829126808030683","potions_obtained":[{"floor":4.0,"key":"Strength Potion"},{"floor":7.0,"key":"Elixir"}],"is_trial":false,"path_per_floor":["M","?","?","M","$","R","E","R","T","M","R","E","?","?","R","B",null,"M","$","M","M","$","E","?","M","T","M","E","M","$","M","R","B",null,"M","?","$","M","M","E","?","E","T","R","E","T","R","M","R","B","B",null,"R","$","E","B",null],"character_chosen":"WATCHER","items_purchased":["Membership Card","Sling","Thread and Needle","StrikeDummy","Snack Pack","Divine Protection","Swivel","MostiFishMod:Speedup","Wallop","BottledMiracle","GamblersBrew","ClearTheMind","Violence","Jack Of All Trades","Medical Kit","REME_OnlineShoppingPlatform","Shuriken","Replay:Accelerometer","TeardropLocket","MostiFishMod:LegendTransform","MostiFishMod:KingOfFree","Strange Spoon","TimeFreeze","Pantograph","Orichalcum","Pen Nib","MostiFishMod:OutWit","REME_HeartOfCthun","REME_CardOfGreed","ChiLing","ReplayTheSpireMod:TigerMarble","Regal Pillow","War Paint","LessonLearned","Orrery","SynthV","MostiFishMod:Haymaker","REME_PuzzleBoxRelic","Vajra","CaptainsWheel","Gremlin Food","Lantern","ClockworkSouvenir","ReplayTheSpireMod:Lightbulb"],"campfire_rested":0,"item_purchase_floors":[5,5,5,5,5,5,5,5,5,5,5,5,5,5,19,19,19,19,19,19,19,22,22,22,22,22,22,22,30,30,30,30,30,30,37,37,37,37,37,54,54,54,54,54],"current_hp_per_floor":[61,26,26,26,26,26,26,26,26,26,26,30,52,52,52,36,60,60,60,65,72,72,73,73,73,73,73,73,73,73,73,73,71,73,73,73,73,73,73,73,78,78,78,78,78,78,78,78,78,71,78,78,78,81,81,81],"gold":623,"neow_bonus":"THREE_ENEMY_KILL","is_daily":false,"chose_seed":false,"campfire_upgraded":7,"win_rate":0.0,"timestamp":1611141132,"path_taken":["M","?","?","M","$","R","E","R","T","M","R","E","?","?","R","BOSS","M","$","M","M","$","E","?","M","T","M","E","M","$","M","R","BOSS","M","?","?","M","M","E","?","E","T","R","E","?","R","?","R","BOSS","BOSS","R","$","E","BOSS"],"items_purchased_type":["Relic","Relic","Relic","Relic","Relic","Relic","Card","Card","Card","Potion","Potion","Card","Card","Card","Relic","Relic","Relic","Relic","Relic","Card","Card","Relic","Relic","Relic","Relic","Relic","Card","Card","Relic","Relic","Relic","Relic","Relic","Card","Relic","Relic","Relic","Relic","Relic","Relic","Relic","Relic","Relic","Relic"],"build_version":"2020-12-22","purchased_purges":7,"victory":true,"max_hp_per_floor":[68,68,68,68,68,68,68,68,68,68,68,68,68,68,68,68,68,68,68,73,73,73,73,73,73,73,73,73,73,73,73,73,73,73,73,73,73,73,73,73,78,78,78,78,78,78,78,78,78,78,78,78,78,81,81,81],"relic_stats":{"Strange Spoon":[58],"Centennial Puzzle":[6],"Regal Pillow":0,"Happy Flower":[16],"counters":[28,58],"Shuriken":[23],"Pantograph":7,"Pen Nib":[9],"Orichalcum":[18],"War Paint":["REME_CRH","Violence"],"Medical Kit":[8],"obtain_stats":[{"Divine Protection":5,"Replay:Accelerometer":19,"Chi":30,"Vajra":37,"Bottled Tornado":55,"Sling":5,"Replay:Ringing Soul":42,"Centennial Puzzle":28,"Toxic Egg 2":26,"REME_OnlineShoppingPlatform":19,"Happy Flower":12,"Pen Nib":22,"War Paint":30,"TimeFreeze":22,"Akabeko":40,"Ling":30,"Replay:Baseball":45,"Shuriken":19,"ReplayTheSpireMod:TigerMarble":30,"StrikeDummy":5,"ChiLing":30,"Regal Pillow":30,"Lantern":54,"Snecko Heart":34,"DaveBox":0,"MostiFishMod:Haymaker":37,"DiscerningMonocle":0,"SynthV":37,"TeardropLocket":19,"ClockworkSouvenir":54,"Pantograph":22,"Replay:Bottled Eggs":2,"Gremlin Food":54,"NeowsBlessing":0,"ImprovedEquipment":7,"Quantum Egg":46,"Thread and Needle":5,"ShadowXiaoBlade":17,"Orichalcum":22,"Medical Kit":19,"Strange Spoon":22,"CaptainsWheel":54,"SynthV:TestCard":1,"Orrery":37,"Snack Pack":5,"Bag of Marbles":9,"Garlic":23,"Durian":41,"Membership Card":5,"Bottled Lightning":15,"REME_CardOfGreed":30,"PureWater":0,"REME_PuzzleBoxRelic":37,"ReplayTheSpireMod:Lightbulb":54,"REME_ComplimentaryCards":0},{"Divine Protection":2,"Replay:Accelerometer":7,"Chi":14,"Vajra":17,"Bottled Tornado":27,"Sling":2,"Replay:Ringing Soul":22,"Centennial Puzzle":13,"Toxic Egg 2":11,"REME_OnlineShoppingPlatform":7,"Happy Flower":5,"Pen Nib":9,"War Paint":14,"TimeFreeze":9,"Akabeko":20,"Ling":14,"Replay:Baseball":23,"Shuriken":7,"ReplayTheSpireMod:TigerMarble":14,"StrikeDummy":2,"ChiLing":14,"Regal Pillow":14,"Lantern":26,"Snecko Heart":16,"DaveBox":0,"MostiFishMod:Haymaker":17,"DiscerningMonocle":0,"SynthV":17,"TeardropLocket":7,"ClockworkSouvenir":26,"Pantograph":9,"Replay:Bottled Eggs":1,"Gremlin Food":26,"NeowsBlessing":0,"ImprovedEquipment":3,"Quantum Egg":23,"Thread and Needle":2,"ShadowXiaoBlade":6,"Orichalcum":9,"Medical Kit":7,"Strange Spoon":9,"CaptainsWheel":26,"SynthV:TestCard":1,"Orrery":17,"Snack Pack":2,"Bag of Marbles":3,"Garlic":10,"Durian":21,"Membership Card":2,"Bottled Lightning":5,"REME_CardOfGreed":14,"PureWater":0,"REME_PuzzleBoxRelic":17,"ReplayTheSpireMod:Lightbulb":26,"REME_ComplimentaryCards":0},{"Divine Protection":3,"Replay:Accelerometer":20,"Chi":32,"Vajra":37,"Bottled Tornado":56,"Sling":3,"Replay:Ringing Soul":45,"Centennial Puzzle":28,"Toxic Egg 2":25,"REME_OnlineShoppingPlatform":20,"Happy Flower":9,"Pen Nib":23,"War Paint":32,"TimeFreeze":23,"Akabeko":41,"Ling":32,"Replay:Baseball":46,"Shuriken":20,"ReplayTheSpireMod:TigerMarble":32,"StrikeDummy":3,"ChiLing":32,"Regal Pillow":32,"Lantern":54,"Snecko Heart":36,"DaveBox":0,"MostiFishMod:Haymaker":37,"DiscerningMonocle":0,"SynthV":37,"TeardropLocket":20,"ClockworkSouvenir":54,"Pantograph":23,"Replay:Bottled Eggs":1,"Gremlin Food":54,"NeowsBlessing":0,"ImprovedEquipment":4,"Quantum Egg":46,"Thread and Needle":3,"ShadowXiaoBlade":19,"Orichalcum":23,"Medical Kit":20,"Strange Spoon":23,"CaptainsWheel":54,"SynthV:TestCard":1,"Orrery":37,"Snack Pack":3,"Bag of Marbles":4,"Garlic":24,"Durian":42,"Membership Card":3,"Bottled Lightning":9,"REME_CardOfGreed":32,"PureWater":0,"REME_PuzzleBoxRelic":37,"ReplayTheSpireMod:Lightbulb":54,"REME_ComplimentaryCards":0}]},"card_choices":[{"not_picked":["EmptyMind","Prostrate"],"picked":"BowlingBash","floor":1.0},{"not_picked":["Prostrate","Perseverance","PathToVictory","MostiFishMod:Nomercy","FlyingSleeves"],"picked":"SKIP","floor":4.0},{"not_picked":["ThirdEye","Sanctity","Evaluate","Replay:DivineShield"],"picked":"FlurryOfBlows","floor":7.0},{"not_picked":["PathToVictory","FollowUp","Protect","Replay:Anticipation"],"picked":"ReachHeaven","floor":10.0},{"not_picked":["FollowUp","Consecrate","MostiFishMod:DisColor","CrushJoints"],"picked":"CutThroughFate","floor":12.0},{"not_picked":["Judgement","MostiFishMod:KamiSmash","MostiFishMod:StarLaLaLa","MasterReality"],"picked":"REME_CRH","floor":16.0},{"not_picked":["WaveOfTheHand","FollowUp","DeceiveReality","CutThroughFate"],"picked":"Crescendo","floor":18.0},{"not_picked":["Consecrate","SignatureMove","CrushJoints","Replay:Hum","Evaluate"],"picked":"SKIP","floor":20.0},{"not_picked":["Conclude","Vengeance","CrushJoints","MostiFishMod:LegendTransform"],"picked":"Tantrum","floor":21.0},{"not_picked":["JustLucky","MentalFortress","SashWhip","Replay:BluntJabs","MostiFishMod:Adaptation"],"picked":"SKIP","floor":23.0},{"not_picked":["EmptyBody","WreathOfFlame+1","ClearTheMind","InnerPeace","Worship"],"picked":"SKIP","floor":25.0},{"not_picked":["Replay:BluntJabs","Perseverance+1","ClearTheMind+1","Nirvana"],"picked":"InnerPeace+1","floor":27.0},{"not_picked":["Replay:DivineShield+1","Replay:LoomingThreat","TalkToTheHand","JustLucky","ThirdEye+1"],"picked":"SKIP","floor":28.0},{"not_picked":["JustLucky","BowlingBash","EmptyFist","Consecrate+1","FlyingSleeves+1"],"picked":"SKIP","floor":29.0},{"not_picked":["Wireheading","ClearTheMind+1","Pray+1","ThirdEye+1","Evaluate+1"],"picked":"SKIP","floor":31.0},{"not_picked":["MostiFishMod:KamiSmash","Judgement+1","MostiFishMod:DisColor+1","Replay:AllIn+1"],"picked":"Omniscience+1","floor":33.0},{"not_picked":["PathToVictory+1","Nirvana","REME_Repentance+1","MostiFishMod:Speedup","EmptyBody+1"],"picked":"SKIP","floor":35.0},{"not_picked":["REME_Repentance+1","SandsOfTime","EmptyFist","BowlingBash+1"],"picked":"MostiFishMod:StarWish+1","floor":37.0},{"not_picked":["Vengeance+1","Protect+1","DeceiveReality+1","Adaptation"],"picked":"MostiFishMod:CyberBuddha+1","floor":37.0},{"not_picked":["CrushJoints","Prostrate+1","Conclude","WheelKick+1"],"picked":"MostiFishMod:PathToVictory+1","floor":37.0},{"not_picked":["Replay:ManipulateFuture+1","Replay:AtTheReady+1","CutThroughFate","BowlingBash","LikeWater"],"picked":"SKIP","floor":38.0},{"not_picked":["EmptyMind+1","EmptyFist","Crescendo+1","InnerPeace+1","LikeWater"],"picked":"SKIP","floor":39.0},{"not_picked":["FearNoEvil+1","CrushJoints+1","ForeignInfluence+1","EmptyFist","Consecrate"],"picked":"SKIP","floor":40.0},{"not_picked":["Replay:Cycle+1","FlyingSleeves","FlurryOfBlows","REME_Repentance+1","MostiFishMod:Pointsdynamics"],"picked":"SKIP","floor":42.0},{"not_picked":["EmptyMind+1","MostiFishMod:Nomercy+1","Halt+1","CrushJoints+1","JustLucky+1"],"picked":"SKIP","floor":45.0},{"not_picked":["WindmillStrike+1","Crescendo+1","ClearTheMind+1","PathToVictory+1","SandsOfTime"],"picked":"SKIP","floor":48.0},{"not_picked":["Replay:BluntJabs+1","Swivel+1","MostiFishMod:StarHerder","FollowUp","CutThroughFate+1"],"picked":"SKIP","floor":55}],"player_experience":314409,"relics_obtained":[{"floor":1.0,"key":"SynthV:TestCard"},{"floor":7.0,"key":"ImprovedEquipment"},{"floor":9.0,"key":"Bag of Marbles"},{"floor":12.0,"key":"Happy Flower"},{"floor":15.0,"key":"Bottled Lightning"},{"floor":23.0,"key":"Garlic"},{"floor":26.0,"key":"Toxic Egg 2"},{"floor":28.0,"key":"Centennial Puzzle"},{"floor":40.0,"key":"Akabeko"},{"floor":41.0,"key":"Durian"},{"floor":42.0,"key":"Replay:Ringing Soul"},{"floor":45.0,"key":"Replay:Baseball"},{"floor":46.0,"key":"Quantum Egg"},{"floor":55,"key":"Bottled Tornado"}],"event_choices":[{"damage_healed":0.0,"max_hp_gain":0.0,"max_hp_loss":0.0,"gold_gain":0.0,"event_name":"Scrap Ooze","player_choice":"Success","floor":2.0,"gold_loss":0.0,"damage_taken":35.0,"relics_obtained":["Replay:Bottled Eggs"]},{"damage_healed":0.0,"max_hp_gain":0.0,"max_hp_loss":0.0,"gold_gain":0.0,"event_name":"Liars Game","player_choice":"Ignored","floor":3.0,"gold_loss":0.0,"damage_taken":0.0},{"damage_healed":22.0,"max_hp_gain":0.0,"max_hp_loss":0.0,"gold_gain":0.0,"event_name":"Big Fish","player_choice":"Banana","floor":13.0,"gold_loss":0.0,"damage_taken":0.0},{"damage_healed":0.0,"max_hp_gain":0.0,"max_hp_loss":0.0,"gold_gain":275.0,"event_name":"Golden Shrine","player_choice":"Desecrate","floor":24.0,"gold_loss":0.0,"damage_taken":0.0,"cards_obtained":["Regret"]},{"damage_healed":0.0,"max_hp_gain":0.0,"max_hp_loss":0.0,"gold_gain":0.0,"event_name":"Match and Keep!","player_choice":"0 cards matched","floor":36.0,"gold_loss":0.0,"damage_taken":0.0,"cards_obtained":[]},{"damage_healed":0.0,"max_hp_gain":0.0,"max_hp_loss":0.0,"gold_gain":0.0,"event_name":"MindBloom","player_choice":"Fight","floor":41.0,"gold_loss":0.0,"damage_taken":0.0}],"is_beta":false,"boss_relics":[{"not_picked":["Honey Jar","Busted Crown"],"picked":"ShadowXiaoBlade"},{"not_picked":["FeatherPendant","Black Star"],"picked":"Snecko Heart"}],"items_purged_floors":[5,19,22,30,37,54,54],"is_endless":false,"potions_floor_spawned":[4,7,12,20,21,27,28,35,38,39,41,45,48],"ascension_level":20}}