{"host":"yii5it3292r9xs7s","time":1611136034,"event":{"mods":["100% Spire Juice","ATMod(阿瑾Mod)","Act Like it!","BaseMod","Colored Powertips","Downfall","Energized Spire","Minty Spire (QoL Compilation)","Pale of the Ancients","RumiaBox-露米娅的神秘盒子","StSLib","The Saiyan","The Servant 0.9.4","Waifu the Spire","noobMod","vexMod","【功能Mod】混沌之环修复补丁","【遗物卡牌】REMEMod","篝火指南"],"gold_per_floor":[99,99,99,99,112,145,170,190,290,290,310,327,355,27,44,144,144,44,144,35,45,45,75,75,113,145,163,495,395,409,428,445,546,546,546,557,532,546,561,596,596,696,712,737,755,755,292,336,425,450,450,503,234,234,359,384],"floor_reached":57,"language":"ZHS","playtime":3510,"items_purged":["Slimebound:Defend_Slimebound","Slimebound:GrowthPunch"],"score":1639,"play_id":"4a89c79e-9353-4427-b908-a18e824ef2dc","local_time":"20210120174714","is_ascension_mode":true,"campfire_choices":[{"floor":1,"key":"RECALL"},{"data":"Slimebound:MassRepurpose","floor":18,"key":"SMITH"},{"data":"Slimebound:SelfFormingGoo","floor":29,"key":"SMITH"},{"data":"Slimebound:MinionMaster","floor":35,"key":"SMITH"},{"data":"Slimebound:SelfFormingGoo","floor":54,"key":"SMITH"}],"circlet_count":0,"master_deck":["Slimebound:Strike_Slimebound+1","Slimebound:Tackle","Slimebound:Defend_Slimebound","Slimebound:Defend_Slimebound","Slimebound:Defend_Slimebound","Slimebound:Split","Slimebound:CorrosiveSpit","AT_FamilyPortrait","Slimebound:GoopSpray","Slimebound:SplitLeeching","Slimebound:SplitMire","Slimebound:SplitMire","Slimebound:SplitSpecialist+1","Slimebound:ProtectTheBoss","Slimebound:SplitSpecialist+1","Slimebound:SplitMire","Slimebound:LevelUp","Slimebound:SelfFormingGoo+1","Slimebound:LivingWall","Slimebound:ForwardTackle","Slimebound:MassRepurpose+1","Slimebound:PressTheAttack+1","Slimebound:LevelUp","Slimebound:PrepareCrush","Slimebound:Equalize+1","expansioncontent:StudyTheSpire","Slimebound:Prepare+1","Slimebound:SlimeBrawl+1","expansioncontent:DashGenerateEvil","Slimebound:SamplingLick","Slimebound:LevelUp","Slimebound:Repurpose+1","Slimebound:SelfFormingGoo+1","Slimebound:MinionMaster+1","Slimebound:RejuvenatingLick+1","Slimebound:SlimeBarrage","Slimebound:Repurpose","Slimebound:SplitBruiser+1","Slimebound:SplitMire+1","Slimebound:ForwardTackle+1","REME_MawOfCthun","Slimebound:GoopSpray+1","Slimebound:LeechLife","Slimebound:OozeBath","Slimebound:OneTwoCombo","Slimebound:Repurpose"],"relics":["Slimebound:AbsorbEndCombat","AT_ATBox","ice","REME_ComplimentaryCards","downfall:HeartsMalice","MealTicket","AT_ChloranthyRing","Odd Mushroom","Boot","Membership Card","AT_BellowingDragoncrestRing","Black Star","downfall:HeartBlessingRed","MutagenicStrength","GodSword5","Vajra","AT_Manta","hexamod:BolsterEngine","vexMod:FocusSash","Sundial","Whetstone","Pear","Old Coin","downfall:HeartBlessingGreen","SoulBox","Guardian:PocketSentry","Ornamental Fan","Toy Ornithopter","Centennial Puzzle","downfall:HeartBlessingBlue","MagicDraw1","AT_MibuBalloonWealth","OrangePellets","Mango","Slimebound:MaxSlimesRelic","AT_SunfireAegis","REME_PuzzleBoxRelic","Orrery"],"acts_visited":["Exordium","TheCity","TheBeyond","TheEnding"],"potions_floor_usage":[9,26,28,33,43,50,50,55,55],"damage_taken":[{"damage":0,"enemies":"Jaw Worm","floor":2,"turns":1},{"damage":0,"enemies":"Small Slimes","floor":3,"turns":1},{"damage":0,"enemies":"Cultist","floor":4,"turns":1},{"damage":14,"enemies":"Blue Slaver","floor":5,"turns":3},{"damage":19,"enemies":"3 Sentries","floor":6,"turns":5},{"damage":29,"enemies":"The Mushroom Lair","floor":8,"turns":4},{"damage":35,"enemies":"downfall:Heads","floor":9,"turns":5},{"damage":9,"enemies":"Exordium Thugs","floor":11,"turns":5},{"damage":7,"enemies":"3 Louse","floor":12,"turns":4},{"damage":8,"enemies":"Lagavulin","floor":13,"turns":6},{"damage":5,"enemies":"downfall:FleeingMerchant","floor":14,"turns":4},{"damage":1,"enemies":"Blue Slaver","floor":15,"turns":3},{"damage":15,"enemies":"IC_STATUS_ARCHETYPE","floor":16,"turns":6},{"damage":29,"enemies":"downfall:Augmenter","floor":19,"turns":6},{"damage":15,"enemies":"downfall:FleeingMerchant","floor":20,"turns":4},{"damage":16,"enemies":"Shell Parasite","floor":21,"turns":5},{"damage":23,"enemies":"Gremlin Leader","floor":23,"turns":5},{"damage":20,"enemies":"downfall:FleeingMerchant","floor":25,"turns":3},{"damage":0,"enemies":"Slavers","floor":26,"turns":2},{"damage":0,"enemies":"Spheric Guardian","floor":27,"turns":1},{"damage":0,"enemies":"Gremlin Leader","floor":28,"turns":2},{"damage":0,"enemies":"Snecko","floor":30,"turns":2},{"damage":0,"enemies":"Cultist and Chosen","floor":31,"turns":4},{"damage":12,"enemies":"3 Cultists","floor":32,"turns":1},{"damage":3,"enemies":"DF_ARCHETYPE_CLAW","floor":33,"turns":3},{"damage":4,"enemies":"Orb Walker","floor":36,"turns":3},{"damage":0,"enemies":"3 Shapes","floor":38,"turns":3},{"damage":0,"enemies":"Spire Growth","floor":39,"turns":3},{"damage":13,"enemies":"Reptomancer","floor":40,"turns":4},{"damage":1,"enemies":"downfall:LadyInBlue","floor":42,"turns":3},{"damage":0,"enemies":"Sphere and 2 Shapes","floor":43,"turns":3},{"damage":0,"enemies":"Nemesis","floor":44,"turns":3},{"damage":0,"enemies":"Writhing Mass","floor":45,"turns":3},{"damage":0,"enemies":"Maw","floor":48,"turns":3},{"damage":10,"enemies":"Sphere and 2 Shapes","floor":49,"turns":3},{"damage":0,"enemies":"WA_ARCHETYPE_DIVINITY","floor":50,"turns":5},{"damage":4,"enemies":"downfall:CharBossMerchant","floor":52,"turns":4},{"damage":0,"enemies":"downfall:NeowBoss","floor":55,"turns":4},{"damage":20,"enemies":"downfall:NeowBossFinal","floor":56,"turns":3}],"seed_played":"400716359392461759","potions_obtained":[{"floor":5,"key":"AttackPotion"},{"floor":6,"key":"Energy Potion"},{"floor":8,"key":"Ancient Potion"},{"floor":9,"key":"Dexterity Potion"},{"floor":26,"key":"ColorlessPotion"},{"floor":28,"key":"champ:CounterPotion"},{"floor":33,"key":"Ancient Potion"},{"floor":42,"key":"Slimebound:SpawnSlimePotion"},{"floor":42,"key":"FairyPotion"},{"floor":45,"key":"Energy Potion"}],"is_trial":false,"path_per_floor":["R","M","M","M","M","E","T","?","?","?","M","M","E","$","M","B",null,"R","?","$","M","?","E","T","$","E","M","E","R","M","M","M","B",null,"R","M","?","M","M","E","T","?","M","E","M","?","R","M","M","B",null,"E","$","R","B","B",null],"character_chosen":"SLIMEBOUND","items_purchased":["Membership Card","AT_BellowingDragoncrestRing","expansioncontent:StudyTheSpire","hexamod:BolsterEngine","vexMod:FocusSash","expansioncontent:DashGenerateEvil","MagicDraw1","AT_MibuBalloonWealth","OrangePellets","REME_MawOfCthun","AT_SunfireAegis","Energy Potion","Dexterity Potion","REME_PuzzleBoxRelic","Orrery"],"campfire_rested":0,"item_purchase_floors":[14,14,20,25,25,25,47,47,47,47,53,53,53,53,53],"current_hp_per_floor":[65,65,65,65,55,44,44,23,57,57,54,51,47,59,60,51,88,88,65,69,59,59,44,44,50,54,54,70,70,72,76,68,137,139,139,137,137,137,141,128,128,134,144,146,146,146,158,158,150,164,179,195,195,195,196,176],"gold":384,"neow_bonus":"THREE_ENEMY_KILL","is_daily":false,"chose_seed":false,"campfire_upgraded":4,"win_rate":0.0,"timestamp":1611136034,"path_taken":["R","M","M","M","M","E","T","?","?","?","M","M","E","$","M","BOSS","R","?","$","M","?","E","T","$","E","M","E","R","M","M","M","BOSS","R","M","?","M","M","E","T","?","?","E","M","?","R","M","M","BOSS","E","$","R","BOSS","BOSS"],"items_purchased_type":["Relic","Relic","Card","Relic","Relic","Card","Relic","Relic","Relic","Card","Relic","Potion","Potion","Relic","Relic"],"build_version":"2020-12-22","purchased_purges":2,"victory":true,"max_hp_per_floor":[65,65,65,65,65,65,65,65,66,66,71,75,77,82,84,88,88,88,93,98,105,105,114,114,119,122,122,132,132,132,136,136,139,139,139,141,141,144,146,153,153,154,157,158,162,162,172,173,177,179,179,195,195,195,196,199],"card_choices":[{"not_picked":["Slimebound:LeechingTouch","Slimebound:LeechEnergy"],"picked":"Slimebound:GoopSpray","floor":2},{"not_picked":["Slimebound:LivingWall","Slimebound:LeechingTouch"],"picked":"Slimebound:SplitLeeching","floor":3},{"not_picked":["Slimebound:LeechingTouch","Slimebound:Prepare"],"picked":"Slimebound:SplitMire","floor":4},{"not_picked":["Slimebound:ItLooksTasty","Slimebound:LeechEnergy"],"picked":"Slimebound:SplitMire","floor":5},{"not_picked":["Slimebound:RollThrough","Slimebound:ComboTackle"],"picked":"Slimebound:AcidTongue","floor":6},{"not_picked":["Slimebound:SplitMire","Slimebound:LeechingTouch"],"picked":"Slimebound:SplitSpecialist","floor":8},{"not_picked":["Slimebound:Schlurp","Slimebound:SplitLeeching"],"picked":"Slimebound:GrowthPunch","floor":9},{"not_picked":["Slimebound:LeechingTouch","Slimebound:SamplingLick"],"picked":"Slimebound:SplitMire","floor":11},{"not_picked":["Slimebound:SplitMire","Slimebound:SplitBruiser"],"picked":"Slimebound:LevelUp","floor":12},{"not_picked":["Slimebound:SlimeSpikes","Slimebound:SplitMire"],"picked":"Slimebound:SelfFormingGoo","floor":13},{"not_picked":["Slimebound:SplitMire","Slimebound:ComboTackle"],"picked":"Slimebound:LivingWall","floor":14},{"not_picked":["Slimebound:GrowthPunch","Slimebound:FinishingTackle"],"picked":"Slimebound:ForwardTackle","floor":15},{"not_picked":["Slimebound:WasteNot","Slimebound:Recycling"],"picked":"Slimebound:MassRepurpose","floor":16},{"not_picked":["Slimebound:Chomp+1","Slimebound:SplitAcid"],"picked":"Slimebound:PressTheAttack+1","floor":19},{"not_picked":["Slimebound:ComboTackle","Slimebound:LeechingTouch+1"],"picked":"Slimebound:Equalize","floor":20},{"not_picked":["Slimebound:SplitMire","Slimebound:RollThrough"],"picked":"Slimebound:Prepare+1","floor":21},{"not_picked":["Slimebound:Schlurp","Slimebound:GoopSpray+1"],"picked":"Slimebound:SlimeSlap","floor":23},{"not_picked":["Slimebound:GoopTackle+1","Slimebound:LeechingTouch+1"],"picked":"Slimebound:SlimeBrawl+1","floor":25},{"not_picked":["Slimebound:Grow","Slimebound:LeechingTouch"],"picked":"Slimebound:SamplingLick","floor":26},{"not_picked":["Slimebound:Schlurp","Slimebound:LeechingTouch","Slimebound:GrowthPunch"],"picked":"SKIP","floor":27},{"not_picked":["Slimebound:ItLooksTasty","Slimebound:HauntingLick"],"picked":"Slimebound:LevelUp","floor":28},{"not_picked":["Slimebound:RainOfGoop","Slimebound:FinishingTackle+1"],"picked":"Slimebound:Repurpose+1","floor":30},{"not_picked":["Slimebound:LivingWall","Slimebound:Nibble"],"picked":"Slimebound:SelfFormingGoo","floor":31},{"not_picked":["Slimebound:GrowthPunch","Slimebound:ComboTackle","Slimebound:SplitAcid"],"picked":"SKIP","floor":32},{"not_picked":["Slimebound:Teamwork","Slimebound:PrepareCrush"],"picked":"Slimebound:MinionMaster","floor":33},{"not_picked":["Slimebound:SlimeSpikes+1","Slimebound:SplitLeeching+1"],"picked":"Slimebound:RejuvenatingLick+1","floor":36},{"not_picked":["Slimebound:FlameTackle","Slimebound:HungryTackle+1","Slimebound:GrowthPunch"],"picked":"SKIP","floor":38},{"not_picked":["Slimebound:SamplingLick","Slimebound:ComboTackle+1","Slimebound:Prepare"],"picked":"SKIP","floor":39},{"not_picked":["Slimebound:DisruptingSlam","Slimebound:TongueLash"],"picked":"Slimebound:SlimeBarrage","floor":40},{"not_picked":["Slimebound:ItLooksTasty+1","Slimebound:Overexert"],"picked":"Slimebound:Repurpose","floor":42},{"not_picked":["Slimebound:GoopTackle+1","Slimebound:LeechingTouch+1"],"picked":"Slimebound:SplitBruiser+1","floor":43},{"not_picked":["Slimebound:RollThrough+1","Slimebound:ItLooksTasty"],"picked":"Slimebound:SplitMire+1","floor":44},{"not_picked":["Slimebound:SplitMire+1","Slimebound:Equalize"],"picked":"Slimebound:ForwardTackle+1","floor":45},{"not_picked":["Slimebound:LeechEnergy","Slimebound:FinishingTackle+1"],"picked":"Slimebound:GoopSpray+1","floor":48},{"not_picked":["Slimebound:LeechEnergy","Slimebound:PressTheAttack","Slimebound:DisruptingSlam"],"picked":"SKIP","floor":49},{"not_picked":["Slimebound:FinishingTackle+1","Slimebound:LeechEnergy+1"],"picked":"Slimebound:LeechLife","floor":52},{"not_picked":["Slimebound:SplitAcid","Slimebound:ForwardTackle+1"],"picked":"Slimebound:OozeBath","floor":53},{"not_picked":["Slimebound:Schlurp","Slimebound:SplitAcid"],"picked":"Slimebound:OneTwoCombo","floor":53},{"not_picked":["Slimebound:Equalize+1","Slimebound:GoopTackle+1"],"picked":"Slimebound:Repurpose","floor":53}],"player_experience":34875,"relics_obtained":[{"floor":6,"key":"MealTicket"},{"floor":7,"key":"AT_ChloranthyRing"},{"floor":8,"key":"Odd Mushroom"},{"floor":13,"key":"Boot"},{"floor":19,"key":"MutagenicStrength"},{"floor":23,"key":"GodSword5"},{"floor":23,"key":"Vajra"},{"floor":24,"key":"AT_Manta"},{"floor":26,"key":"Sundial"},{"floor":26,"key":"Whetstone"},{"floor":28,"key":"Pear"},{"floor":28,"key":"Old Coin"},{"floor":40,"key":"Guardian:PocketSentry"},{"floor":40,"key":"Ornamental Fan"},{"floor":42,"key":"Toy Ornithopter"},{"floor":44,"key":"Centennial Puzzle"},{"floor":52,"key":"Mango"},{"floor":52,"key":"Slimebound:MaxSlimesRelic"}],"event_choices":[{"damage_healed":0,"gold_gain":0,"player_choice":"Fought Mushrooms","damage_taken":0,"max_hp_gain":0,"max_hp_loss":0,"event_name":"Mushrooms","floor":8,"gold_loss":0},{"cards_removed":["Slimebound:SlimeSlap"],"damage_healed":0,"gold_gain":0,"player_choice":"Removed Attack","damage_taken":0,"max_hp_gain":0,"max_hp_loss":0,"event_name":"Falling","floor":46,"gold_loss":0}],"is_beta":false,"boss_relics":[{"not_picked":["vexMod:MegatonBomb","Runic Dome"],"picked":"Black Star"},{"not_picked":["energizedSpire:OgreHead","energizedSpire:StickyHand"],"picked":"SoulBox"}],"items_purged_floors":[14,25],"is_endless":false,"potions_floor_spawned":[5,6,8,9,12,15,19,26,27,28,30,33,38,40,42,44,45],"ascension_level":1}}