{"host":"0awa854l6bexpjrv","time":1611122530,"event":{"mods":["BaseMod","Block Reminder","Colored Map","Colored Powertips","Downfall","Highlight Path","Minty Spire (QoL Compilation)","Quick Restart","Rare Cards Sparkle","StSLib","SuperFastMode"],"gold_per_floor":[99,118,118,134,44,60,87,98,98,9,20,20,39,57,77,177,177,177,187,187,207,40,40,90,136,148,160,172,198,220,232,262,274,274,274],"floor_reached":33,"language":"ENG","playtime":9590,"items_purged":["bronze:Strike","bronze:Strike"],"score":241,"play_id":"5359698b-9569-4369-a7b1-452f6af5f142","local_time":"20210119220210","is_ascension_mode":false,"campfire_choices":[{"data":"bronze:Break","floor":1.0,"key":"SMITH"},{"data":"bronze:Break","floor":18.0,"key":"SMITH"},{"data":"bronze:Mutator","floor":23.0,"key":"SMITH"},{"data":"bronze:Shield","floor":26.0,"key":"SMITH"},{"data":"bronze:Repair","floor":28.0,"key":"SMITH"}],"circlet_count":0,"master_deck":["bronze:Defend+1","bronze:Defend+1","bronze:Defend+1","bronze:Replicate","bronze:Goto","bronze:Break+1","bronze:Safeguard","bronze:BronzeOrb","bronze:Shell","bronze:WhirlingStrike","bronze:Repair+1","bronze:Spike","bronze:Explode","bronze:Frontload","bronze:Mutator+1","bronze:Repulsor","bronze:Shell","bronze:Shield+1","bronze:Break+1","bronze:Format","bronze:ItsAFeature+1","bronze:ShipIt+1","bronze:FollowUp+1","bronze:Allocate","bronze:ChosenStrike","bronze:ThunderWave","bronze:Frontload","bronze:Turbo","bronze:ClassDefault","bronze:Boost+1"],"relics":["bronze:BronzeCore","Tiny Chest","Astrolabe","Oddly Smooth Stone","MawBank"],"acts_visited":["Exordium","TheCity"],"potions_floor_usage":[29,32],"damage_taken":[{"damage":1.0,"enemies":"Jaw Worm","floor":2.0,"turns":2.0},{"damage":5.0,"enemies":"Small Slimes","floor":4.0,"turns":3.0},{"damage":0.0,"enemies":"downfall:FleeingMerchant","floor":5.0,"turns":4.0},{"damage":0.0,"enemies":"2 Louse","floor":6.0,"turns":4.0},{"damage":0.0,"enemies":"Lots of Slimes","floor":8.0,"turns":3.0},{"damage":6.0,"enemies":"Lots of Slimes","floor":9.0,"turns":3.0},{"damage":6.0,"enemies":"downfall:FleeingMerchant","floor":10.0,"turns":4.0},{"damage":1.0,"enemies":"2 Fungi Beasts","floor":11.0,"turns":4.0},{"damage":14.0,"enemies":"Exordium Thugs","floor":13.0,"turns":5.0},{"damage":2.0,"enemies":"Large Slime","floor":14.0,"turns":7.0},{"damage":4.0,"enemies":"Exordium Wildlife","floor":15.0,"turns":3.0},{"damage":47.0,"enemies":"DF_ARCHETYPE_STREAMLINE","floor":16.0,"turns":12.0},{"damage":2.0,"enemies":"Spheric Guardian","floor":19.0,"turns":5.0},{"damage":4.0,"enemies":"Centurion and Healer","floor":21.0,"turns":10.0},{"damage":7.0,"enemies":"downfall:FleeingMerchant","floor":22.0,"turns":4.0},{"damage":4,"enemies":"Cultist and Chosen","floor":29,"turns":8},{"damage":32,"enemies":"Snake Plant","floor":30,"turns":7},{"damage":1,"enemies":"Sentry and Sphere","floor":32,"turns":5},{"damage":63,"enemies":"WA_ARCHETYPE_CALM","floor":33,"turns":10}],"seed_played":"-6703873456213065934","potions_obtained":[{"floor":4.0,"key":"champ:CounterPotion"},{"floor":6.0,"key":"Strength Potion"},{"floor":8.0,"key":"Swift Potion"},{"floor":15.0,"key":"AttackPotion"},{"floor":16.0,"key":"Block Potion"},{"floor":21.0,"key":"AttackPotion"},{"floor":30,"key":"Fruit Juice"},{"floor":32,"key":"SpeedPotion"}],"is_trial":false,"path_per_floor":["R","M","?","M","$","M","T","M","?","$","M","?","M","M","M","B",null,"R","M","?","M","$","R","T","T","R","?","R","M","M","?","M","B"],"character_chosen":"THE_AUTOMATON","items_purchased":["bronze:Repulsor","bronze:Frontload"],"campfire_rested":0,"item_purchase_floors":[10,22],"current_hp_per_floor":[63,62,62,57,57,57,57,57,51,52,58,63,54,59,55,15,68,68,66,66,68,61,61,61,61,61,61,61,67,37,37,51,0,0,0],"gold":274,"neow_bonus":"THREE_RARE_CARDS","is_daily":false,"chose_seed":false,"campfire_upgraded":5,"win_rate":0.0,"timestamp":1611122530,"path_taken":["R","M","?","M","$","M","T","M","?","$","M","?","M","M","M","BOSS","R","M","?","M","$","R","T","?","R","?","R","M","?","?","M","BOSS"],"items_purchased_type":["Card","Card"],"build_version":"2020-12-22","purchased_purges":2,"victory":false,"max_hp_per_floor":[63,63,63,63,63,63,63,63,63,63,63,68,68,68,68,68,68,68,68,68,68,68,68,68,68,68,68,68,68,68,68,73,73,73,73],"card_choices":[{"not_picked":["bronze:Assembly","bronze:HardenedForm"],"picked":"bronze:Break","floor":0.0},{"not_picked":["bronze:Iterate","bronze:FollowUp"],"picked":"bronze:Safeguard","floor":2.0},{"not_picked":["bronze:Turbo","bronze:WildBeam"],"picked":"bronze:BronzeOrb","floor":4.0},{"not_picked":["bronze:WildBeam","bronze:Constructor"],"picked":"bronze:Shell","floor":5.0},{"not_picked":["bronze:NullPointer","bronze:Branch"],"picked":"bronze:WhirlingStrike","floor":6.0},{"not_picked":["bronze:NullPointer","bronze:WildBeam"],"picked":"bronze:Repair","floor":8.0},{"not_picked":[],"picked":"bronze:Spike","floor":9.0},{"not_picked":[],"picked":"bronze:Explode","floor":9.0},{"not_picked":["bronze:MaxOutput","bronze:OilSpill"],"picked":"bronze:Frontload","floor":9.0},{"not_picked":["bronze:Iterate","bronze:CloningBeam"],"picked":"bronze:Mutator","floor":10.0},{"not_picked":["bronze:BugBarrage","bronze:OilSpill"],"picked":"bronze:Shell","floor":11.0},{"not_picked":["bronze:Shell","bronze:Turbo"],"picked":"bronze:Shield","floor":13.0},{"not_picked":["bronze:Overheat","bronze:BitShift","bronze:Separator"],"picked":"SKIP","floor":14.0},{"not_picked":["bronze:Fortify","bronze:BitShift"],"picked":"bronze:Break","floor":15.0},{"not_picked":["bronze:Virus","bronze:Break"],"picked":"bronze:Format","floor":16.0},{"not_picked":["bronze:WhirlingStrike","bronze:NullPointer"],"picked":"bronze:Allocate","floor":19.0},{"not_picked":["bronze:Turbo","bronze:Allocate"],"picked":"bronze:ChosenStrike","floor":21.0},{"not_picked":["bronze:Deprecate","bronze:Turbo"],"picked":"bronze:ThunderWave","floor":22.0},{"not_picked":["bronze:NullPointer","bronze:Separator"],"picked":"bronze:Turbo","floor":29},{"not_picked":["bronze:Deprecate","bronze:GetLatest"],"picked":"bronze:ClassDefault","floor":30},{"not_picked":["bronze:Deprecate","bronze:Frontload"],"picked":"bronze:Boost+1","floor":32}],"player_experience":586911,"relics_obtained":[{"floor":7.0,"key":"Tiny Chest"},{"floor":24.0,"key":"Oddly Smooth Stone"},{"floor":25.0,"key":"MawBank"}],"event_choices":[{"damage_healed":0.0,"max_hp_gain":5.0,"max_hp_loss":0.0,"gold_gain":0.0,"event_name":"Big Fish","player_choice":"Donut","floor":12.0,"gold_loss":0.0,"damage_taken":0.0},{"damage_healed":0.0,"max_hp_gain":0.0,"max_hp_loss":0.0,"gold_gain":0.0,"event_name":"NoteForYourself","player_choice":"Ignored","floor":20.0,"gold_loss":0.0,"damage_taken":0.0}],"is_beta":false,"boss_relics":[{"not_picked":["Black Star","Fusion Hammer"],"picked":"Astrolabe"}],"items_purged_floors":[5,22],"is_endless":false,"potions_floor_spawned":[4,6,8,9,15,16,21,30,32],"killed_by":"WA_ARCHETYPE_CALM","ascension_level":0}}