{"host":"o6rpelx2jpc8yies","time":1611113034,"event":{"mods":["BaseMod","Downfall","Minty Spire (QoL Compilation)","StSLib"],"gold_per_floor":[99,111,122,140,140,172,253,253,284,24,24,37,65,75,87,87,87,87],"floor_reached":16,"language":"ENG","playtime":884,"items_purged":[],"score":184,"play_id":"b35b1572-679e-472f-9c7a-8151402cd126","local_time":"20210119202354","is_ascension_mode":true,"campfire_choices":[{"data":"hexamod:Float","floor":1.0,"key":"SMITH"}],"circlet_count":0,"master_deck":["hexamod:Strike","hexamod:Strike+1","hexamod:Strike","hexamod:Strike","hexamod:Defend","hexamod:Defend","hexamod:Defend","hexamod:Defend","hexamod:Sear+1","hexamod:Float+1","hexamod:FastForward","hexamod:ThermalTransfer","hexamod:RadiantFlame+1","hexamod:AdvancingGuard","downfall:Malfunctioning","hexamod:RainOfEmbers","hexamod:ShieldOfDarkness","Parasite","hexamod:InspiringFlames","hexamod:WildfireWeapon","hexamod:ThirdSeal"],"relics":["hexamod:SpiritBrand","Strawberry","Question Card","Ornamental Fan","PreservedInsect","Singing Bowl","Meat on the Bone"],"acts_visited":["Exordium"],"potions_floor_usage":[16,16],"damage_taken":[{"damage":0.0,"enemies":"2 Louse","floor":2.0,"turns":3.0},{"damage":2.0,"enemies":"Jaw Worm","floor":3.0,"turns":3.0},{"damage":0.0,"enemies":"Cultist","floor":4.0,"turns":3.0},{"damage":21.0,"enemies":"Lagavulin","floor":6.0,"turns":6.0},{"damage":32.0,"enemies":"Gremlin Nob","floor":9.0,"turns":5.0},{"damage":0.0,"enemies":"downfall:FleeingMerchant","floor":10.0,"turns":4.0},{"damage":1.0,"enemies":"2 Fungi Beasts","floor":12.0,"turns":4.0},{"damage":11.0,"enemies":"Lagavulin","floor":13.0,"turns":6.0},{"damage":3.0,"enemies":"Blue Slaver","floor":14.0,"turns":3.0},{"damage":10.0,"enemies":"Exordium Wildlife","floor":15.0,"turns":6.0},{"damage":33,"enemies":"DF_ARCHETYPE_STREAMLINE","floor":16,"turns":6}],"seed_played":"-4153920538929062898","potions_obtained":[{"floor":2.0,"key":"BlessingOfTheForge"},{"floor":4.0,"key":"Regen Potion"},{"floor":9.0,"key":"Explosive Potion"},{"floor":12.0,"key":"Explosive Potion"},{"floor":13.0,"key":"champ:CounterPotion"}],"is_trial":false,"path_per_floor":["R","M","M","M","?","E","T","?","E","$","?","M","E","M","M","B"],"character_chosen":"THE_SPIRIT","items_purchased":["Singing Bowl"],"campfire_rested":0,"item_purchase_floors":[10],"current_hp_per_floor":[70,70,68,68,50,29,29,29,11,11,32,31,20,31,33,0,0,0],"gold":87,"neow_bonus":"TEN_PERCENT_HP_BONUS","is_daily":false,"chose_seed":false,"campfire_upgraded":1,"win_rate":0.0,"timestamp":1611113034,"path_taken":["R","M","M","M","?","E","T","?","E","$","?","M","E","M","M","BOSS"],"items_purchased_type":["Relic"],"build_version":"2020-12-22","purchased_purges":0,"victory":false,"max_hp_per_floor":[77,77,77,77,84,84,84,84,84,84,84,84,84,86,86,86,86,86],"card_choices":[{"not_picked":["hexamod:PowerFromBeyond","hexamod:FlamesFromBeyond"],"picked":"hexamod:FastForward","floor":2.0},{"not_picked":["hexamod:Incineration","hexamod:SpectralSpark"],"picked":"hexamod:ThermalTransfer","floor":3.0},{"not_picked":["hexamod:DynamicBlow","hexamod:GhostOfSpireFuture"],"picked":"hexamod:RadiantFlame","floor":4.0},{"not_picked":["hexamod:SkipABeat","hexamod:BurningTouch"],"picked":"hexamod:AdvancingGuard","floor":6.0},{"not_picked":["hexamod:RecurringNightmare","hexamod:HeatCrush","hexamod:GhostLash"],"picked":"hexamod:RainOfEmbers","floor":9.0},{"not_picked":["hexamod:SuperheatedStrike","hexamod:GhostShield","hexamod:NightmareGuise"],"picked":"hexamod:ShieldOfDarkness","floor":10.0},{"not_picked":["hexamod:Again","hexamod:FastForward","hexamod:PhantomFireball"],"picked":"hexamod:InspiringFlames","floor":12.0},{"not_picked":["hexamod:SkipABeat","hexamod:InspiringFlames","hexamod:ShieldOfDarkness"],"picked":"hexamod:WildfireWeapon","floor":13.0},{"not_picked":["hexamod:PowerFromBeyond","hexamod:RecurringNightmare","hexamod:NecessarySacrifice","hexamod:Incineration"],"picked":"Singing Bowl","floor":14.0},{"not_picked":["hexamod:SecondSeal","hexamod:FastForward","hexamod:GhostLash"],"picked":"hexamod:ThirdSeal","floor":15.0}],"player_experience":1792248,"relics_obtained":[{"floor":6.0,"key":"Question Card"},{"floor":7.0,"key":"Ornamental Fan"},{"floor":9.0,"key":"PreservedInsect"},{"floor":13.0,"key":"Meat on the Bone"}],"event_choices":[{"damage_healed":0.0,"max_hp_gain":0.0,"max_hp_loss":0.0,"gold_gain":0.0,"event_name":"Scrap Ooze","player_choice":"Success","floor":5.0,"gold_loss":0.0,"damage_taken":25.0,"relics_obtained":["Strawberry"]},{"damage_healed":21.0,"max_hp_gain":0.0,"max_hp_loss":0.0,"gold_gain":0.0,"event_name":"Mushrooms","player_choice":"Healed and dodged fight","floor":11.0,"gold_loss":0.0,"damage_taken":0.0,"cards_obtained":["Parasite"]}],"is_beta":false,"boss_relics":[],"items_purged_floors":[],"is_endless":false,"potions_floor_spawned":[2,4,9,12,13],"killed_by":"DF_ARCHETYPE_STREAMLINE","ascension_level":6}}