{"host":"k7udt7atmcuzf6l0","time":1611132454,"event":{"mods":["AchievementEnabler","BaseMod","Colored Map","Colored Powertips","Highlight Path","Minty Spire (QoL Compilation)","Quick Restart","Rare Cards Sparkle","StSLib","UnlockEverythingMod"],"gold_per_floor":[212,212,7,27,43,43,63,91,114,166,200,375,375,81,81,185,185,202,220,148,166,179,179,207,207,232,232,232,260,260,38,38,133,133,146,158,15,29,48,48,48,63,109,109,120,134,134,5,5,5,5],"floor_reached":50,"language":"ZHT","playtime":1220,"items_purged":["Doubt"],"score":590,"play_id":"54986bee-ea4e-4b7d-a4dc-f011e1876d99","local_time":"20210120164734","is_ascension_mode":false,"campfire_choices":[{"data":"Pommel Strike","floor":6.0,"key":"SMITH"},{"data":"Flex","floor":15.0,"key":"SMITH"},{"data":"Berserk","floor":23.0,"key":"SMITH"},{"data":"Shockwave","floor":25.0,"key":"SMITH"},{"floor":27.0,"key":"REST"},{"floor":32.0,"key":"REST"},{"data":"Brutality","floor":40,"key":"SMITH"},{"floor":44,"key":"REST"},{"data":"Rage","floor":47,"key":"SMITH"},{"floor":49,"key":"REST"}],"circlet_count":0,"master_deck":["Strike_R","Strike_R","Strike_R","Strike_R","Strike_R","Defend_R+1","Defend_R","Defend_R","Defend_R","Bash","Spot Weakness+1","Pommel Strike+1","Pummel","Rampage","Thunderclap","Flex+1","Berserk+1","Second Wind+1","Infernal Blade","Shockwave+1","Seeing Red+1","Sever Soul+1","Armaments+1","Headbutt+1","Inflame","Cleave","Brutality+1","Rage+1","Armaments+1","Whirlwind","Twin Strike+1","Reaper","Flex+1","Spot Weakness","Good Instincts","Body Slam+1"],"relics":["Burning Blood","Pen Nib","Anchor","Toy Ornithopter","Bag of Preparation","Potion Belt","Vajra","Philosopher\u0027s Stone","Dream Catcher","War Paint","Blue Candle","Mango","Orichalcum","Sozu","Sling","Juzu Bracelet"],"acts_visited":["Exordium","TheCity","TheBeyond"],"potions_floor_usage":[],"damage_taken":[{"damage":11.0,"enemies":"Jaw Worm","floor":1.0,"turns":3.0},{"damage":0.0,"enemies":"Small Slimes","floor":4.0,"turns":3.0},{"damage":9.0,"enemies":"2 Louse","floor":5.0,"turns":2.0},{"damage":1.0,"enemies":"Red Slaver","floor":7.0,"turns":2.0},{"damage":42.0,"enemies":"Lagavulin","floor":8.0,"turns":6.0},{"damage":4.0,"enemies":"3 Sentries","floor":11.0,"turns":4.0},{"damage":0.0,"enemies":"Slime Boss","floor":16.0,"turns":5.0},{"damage":6.0,"enemies":"Spheric Guardian","floor":18.0,"turns":3.0},{"damage":1.0,"enemies":"Shell Parasite","floor":19.0,"turns":2.0},{"damage":9.0,"enemies":"Snake Plant","floor":21.0,"turns":2.0},{"damage":23.0,"enemies":"Shelled Parasite and Fungi","floor":22.0,"turns":3.0},{"damage":40.0,"enemies":"Gremlin Leader","floor":24.0,"turns":3.0},{"damage":19.0,"enemies":"Book of Stabbing","floor":29.0,"turns":4.0},{"damage":57,"enemies":"Collector","floor":33,"turns":7},{"damage":3,"enemies":"3 Darklings","floor":35,"turns":3},{"damage":0,"enemies":"Orb Walker","floor":36,"turns":2},{"damage":45,"enemies":"Maw","floor":38,"turns":7},{"damage":27,"enemies":"Spire Growth","floor":39,"turns":3},{"damage":15,"enemies":"Sphere and 2 Shapes","floor":42,"turns":4},{"damage":4,"enemies":"Transient","floor":45,"turns":5},{"damage":16,"enemies":"Maw","floor":46,"turns":5},{"damage":119,"enemies":"Awakened One","floor":50,"turns":6}],"seed_played":"-6402695879351879973","potions_obtained":[{"floor":1.0,"key":"LiquidBronze"},{"floor":5.0,"key":"Block Potion"},{"floor":7.0,"key":"EssenceOfSteel"},{"floor":11.0,"key":"BlessingOfTheForge"},{"floor":18.0,"key":"Swift Potion"},{"floor":21.0,"key":"Energy Potion"}],"is_trial":false,"path_per_floor":["M","?","$","M","M","R","M","E","T","?","E","?","?","$","R","B",null,"M","M","$","M","M","R","E","R","T","R","T","E","?","$","R","B",null,"M","M","$","M","M","R","?","M","T","R","M","M","R","$","R","B"],"character_chosen":"IRONCLAD","items_purchased":["Pen Nib","Pommel Strike","Vajra","Flex","Strength Potion","Shockwave","Orichalcum","Inflame","Sling","Spot Weakness","Good Instincts"],"campfire_rested":4,"item_purchase_floors":[3,3,14,14,14,20,31,31,37,48,48],"current_hp_per_floor":[75,75,75,80,77,77,80,44,44,44,46,46,46,46,46,52,80,80,80,80,77,63,63,29,29,29,53,53,54,35,35,64,13,99,99,99,99,60,39,39,39,30,30,59,61,71,71,71,99,0,0],"gold":5,"neow_bonus":"HUNDRED_GOLD","is_daily":false,"chose_seed":false,"campfire_upgraded":6,"win_rate":0.0,"timestamp":1611132454,"path_taken":["M","?","$","M","M","R","M","E","T","?","E","?","?","$","R","BOSS","M","M","$","M","M","R","E","R","T","R","?","E","?","$","R","BOSS","M","M","$","M","M","R","?","?","T","R","M","M","R","$","R","BOSS"],"items_purchased_type":["Relic","Card","Relic","Card","Potion","Card","Relic","Card","Relic","Card","Card"],"build_version":"2020-12-22","purchased_purges":1,"victory":false,"max_hp_per_floor":[80,80,80,80,80,80,80,80,80,80,80,80,80,80,80,80,80,80,80,80,80,80,80,80,80,80,80,80,94,99,99,99,99,99,99,99,99,99,99,99,99,99,99,99,99,99,99,99,99,99,99],"card_choices":[{"not_picked":["Dual Wield","Cleave"],"picked":"Spot Weakness","floor":1.0},{"not_picked":["True Grit","Iron Wave"],"picked":"Pummel","floor":4.0},{"not_picked":["Blood for Blood","Carnage"],"picked":"Rampage","floor":5.0},{"not_picked":["Havoc","True Grit","Second Wind"],"picked":"SKIP","floor":7.0},{"not_picked":["Havoc","Bludgeon"],"picked":"Thunderclap","floor":8.0},{"not_picked":["Shrug It Off","Havoc","Feel No Pain"],"picked":"SKIP","floor":11.0},{"not_picked":["Feed","Brutality"],"picked":"Berserk","floor":16.0},{"not_picked":["Carnage","Perfected Strike"],"picked":"Second Wind+1","floor":18.0},{"not_picked":["Blood for Blood","Wild Strike"],"picked":"Infernal Blade","floor":19.0},{"not_picked":["Blood for Blood+1","Thunderclap+1"],"picked":"Seeing Red","floor":21.0},{"not_picked":["Rampage","Iron Wave"],"picked":"Sever Soul+1","floor":22.0},{"not_picked":["Dropkick","Combust"],"picked":"Armaments+1","floor":24.0},{"not_picked":["True Grit","Twin Strike"],"picked":"Headbutt+1","floor":29.0},{"not_picked":["Warcry","Rupture+1"],"picked":"Cleave","floor":32.0},{"not_picked":["Immolate","Feed"],"picked":"Brutality","floor":33},{"not_picked":["Sentinel+1","Combust+1"],"picked":"Rage","floor":35},{"not_picked":["Havoc","Power Through"],"picked":"Armaments+1","floor":36},{"not_picked":["Blood for Blood","Headbutt"],"picked":"Whirlwind","floor":38},{"not_picked":["Evolve","Perfected Strike+1","Searing Blow+1"],"picked":"SKIP","floor":39},{"not_picked":["Uppercut+1","Shrug It Off"],"picked":"Twin Strike+1","floor":42},{"not_picked":["Battle Trance+1","Carnage+1"],"picked":"Reaper","floor":45},{"not_picked":["Anger+1","Iron Wave+1"],"picked":"Flex+1","floor":46},{"not_picked":["Heavy Blade+1","Clothesline+1"],"picked":"Body Slam+1","floor":49}],"player_experience":89972,"relics_obtained":[{"floor":8.0,"key":"Anchor"},{"floor":9.0,"key":"Toy Ornithopter"},{"floor":11.0,"key":"Bag of Preparation"},{"floor":13.0,"key":"Potion Belt"},{"floor":24.0,"key":"Dream Catcher"},{"floor":26.0,"key":"War Paint"},{"floor":28.0,"key":"Blue Candle"},{"floor":29.0,"key":"Mango"},{"floor":43,"key":"Juzu Bracelet"}],"event_choices":[{"damage_healed":0.0,"max_hp_gain":0.0,"max_hp_loss":0.0,"gold_gain":0.0,"event_name":"Living Wall","player_choice":"Grow","floor":2.0,"gold_loss":0.0,"damage_taken":0.0,"cards_upgraded":["Spot Weakness"]},{"damage_healed":0.0,"max_hp_gain":0.0,"max_hp_loss":0.0,"gold_gain":52.0,"event_name":"Golden Wing","player_choice":"Gained Gold","floor":10.0,"gold_loss":0.0,"damage_taken":0.0},{"damage_healed":0.0,"max_hp_gain":0.0,"max_hp_loss":0.0,"gold_gain":175.0,"event_name":"Liars Game","player_choice":"AGREE","floor":12.0,"gold_loss":0.0,"damage_taken":0.0,"cards_obtained":["Doubt"]},{"damage_healed":0.0,"max_hp_gain":0.0,"max_hp_loss":0.0,"gold_gain":0.0,"event_name":"Wheel of Change","player_choice":"Relic","floor":13.0,"gold_loss":0.0,"damage_taken":0.0},{"damage_healed":0.0,"max_hp_gain":5.0,"max_hp_loss":0.0,"gold_gain":0.0,"event_name":"Forgotten Altar","player_choice":"Shed Blood","floor":30.0,"gold_loss":0.0,"damage_taken":24.0},{"damage_healed":0,"gold_gain":0,"player_choice":"Ignored","damage_taken":0,"max_hp_gain":0,"max_hp_loss":0,"event_name":"NoteForYourself","floor":41,"gold_loss":0}],"is_beta":false,"boss_relics":[{"not_picked":["Coffee Dripper","SlaversCollar"],"picked":"Philosopher\u0027s Stone"},{"not_picked":["Velvet Choker","Runic Dome"],"picked":"Sozu"}],"items_purged_floors":[14],"is_endless":false,"potions_floor_spawned":[1,5,7,11,18,21,38,39,42,46],"killed_by":"Awakened One","ascension_level":0}}