{"host":"mg3e76uznu9x14du","time":1611126202,"event":{"mods":["BaseMod","Colored Map","Downfall","Minty Spire (QoL Compilation)","Permanent Neow","Relic Stats","StSLib","everything is the same but u backflip on backflip"],"gold_per_floor":[199,210,2,2,19,19,43,63,63,90,101,11,11,11,26,26,26,26],"floor_reached":16,"language":"ENG","playtime":677,"items_purged":[],"score":90,"play_id":"86b5a6dd-c139-41b1-84ea-7e8d3ac256d6","local_time":"20210120020322","is_ascension_mode":false,"campfire_choices":[{"data":"bronze:Replicate","floor":1,"key":"SMITH"},{"data":"bronze:ItsAFeature","floor":9,"key":"SMITH"},{"data":"bronze:DelayedSlice","floor":13,"key":"SMITH"}],"circlet_count":0,"master_deck":["bronze:Strike","bronze:Strike+1","bronze:Strike","bronze:Strike","bronze:Defend","bronze:Defend","bronze:Defend+1","bronze:Defend","bronze:Replicate+1","bronze:Goto","bronze:CloningBeam","bronze:Terminator+1","bronze:Shell","downfall:Malfunctioning","bronze:ItsAFeature+1","bronze:DelayedSlice+1","bronze:BronzeArmor","bronze:WildBeam","bronze:BronzeOrb","bronze:DigitalCarnage"],"relics":["bronze:BronzeCore","Tiny Chest","Orichalcum","Blue Candle"],"acts_visited":["Exordium"],"potions_floor_usage":[16],"damage_taken":[{"damage":0,"enemies":"Cultist","floor":2,"turns":3},{"damage":0,"enemies":"downfall:FleeingMerchant","floor":3,"turns":4},{"damage":6,"enemies":"Jaw Worm","floor":5,"turns":4},{"damage":5,"enemies":"2 Louse","floor":8,"turns":3},{"damage":0,"enemies":"Exordium Wildlife","floor":11,"turns":3},{"damage":1,"enemies":"downfall:FleeingMerchant","floor":12,"turns":4},{"damage":2,"enemies":"Large Slime","floor":15,"turns":5},{"damage":69,"enemies":"WA_ARCHETYPE_RETAIN","floor":16,"turns":7}],"seed_played":"6272166837941036261","potions_obtained":[{"floor":8,"key":"champ:CounterPotion"},{"floor":11,"key":"Strength Potion"}],"is_trial":false,"path_per_floor":["R","M","$","?","M","?","T","M","R","T","M","$","R","T","M","B"],"character_chosen":"THE_AUTOMATON","items_purchased":["Tiny Chest","bronze:Shell","bronze:BronzeOrb"],"campfire_rested":0,"item_purchase_floors":[3,3,12],"current_hp_per_floor":[70,70,70,70,64,70,70,65,65,65,65,64,64,64,62,0,0,0],"gold":26,"neow_bonus":"HUNDRED_GOLD","is_daily":false,"chose_seed":false,"campfire_upgraded":3,"win_rate":0.0,"timestamp":1611126202,"path_taken":["R","M","$","?","M","?","T","?","R","?","M","$","R","?","M","BOSS"],"items_purchased_type":["Relic","Card","Card"],"build_version":"2020-12-22","purchased_purges":0,"victory":false,"max_hp_per_floor":[70,70,70,70,70,70,70,70,70,70,70,70,70,70,70,70,70,70],"relic_stats":{"counters":[8,33],"Blue Candle":[2],"Tiny Chest":1,"Orichalcum":[36],"obtain_stats":[{"bronze:BronzeCore":0,"Blue Candle":14,"Tiny Chest":3,"Orichalcum":10},{"bronze:BronzeCore":0,"Blue Candle":6,"Tiny Chest":2,"Orichalcum":4},{"bronze:BronzeCore":0,"Blue Candle":21,"Tiny Chest":7,"Orichalcum":14}]},"card_choices":[{"not_picked":["bronze:BitShift","bronze:Overheat"],"picked":"bronze:CloningBeam","floor":2},{"not_picked":["bronze:Overheat","bronze:BuggyMess"],"picked":"bronze:Terminator","floor":3},{"not_picked":["bronze:Invalidate","bronze:Constructor"],"picked":"bronze:ItsAFeature","floor":5},{"not_picked":["bronze:Frontload","bronze:FindAndReplace"],"picked":"bronze:DelayedSlice","floor":8},{"not_picked":["bronze:Philosophize","bronze:ForLoop"],"picked":"bronze:BronzeArmor","floor":11},{"not_picked":["bronze:RecursiveStrike","bronze:Frontload"],"picked":"bronze:WildBeam","floor":12},{"not_picked":["bronze:BronzeOrb","bronze:Shield"],"picked":"bronze:DigitalCarnage","floor":15}],"player_experience":455717,"relics_obtained":[{"floor":10,"key":"Orichalcum"},{"floor":14,"key":"Blue Candle"}],"event_choices":[{"damage_healed":23,"gold_gain":0,"player_choice":"Banana","damage_taken":0,"max_hp_gain":0,"max_hp_loss":0,"event_name":"Big Fish","floor":6,"gold_loss":0}],"is_beta":false,"boss_relics":[],"items_purged_floors":[],"is_endless":false,"potions_floor_spawned":[8,11],"killed_by":"WA_ARCHETYPE_RETAIN","ascension_level":0}}