{"host":"7fyy23rucerupe6i","time":1611138026,"event":{"mods":["AchievementEnabler","Act Like it!","BaseMod","BetterRewards","Colored Map","Colored Powertips","Conspire","Custom Start","Downfall","Mad Scientist","Marisa£®ÏF”Í°°ƒß¿Ì…≥£©","Minty Spire (QoL Compilation)","Pale of the Ancients","Quick Restart","Shop Mod","ShortenTheSpire","Spicy Shops","StSLib","SuperFastMode","The Bug Knight","The Construct","The Cursed","The Factory","The Jungle","The Servant 0.9.4","UnlockEverythingMod"],"gold_per_floor":[111,111,11,27,66,66,66,66,66],"floor_reached":7,"language":"ZHS","playtime":393,"items_purged":["bronze:Defend","bronze:Strike"],"score":39,"play_id":"ffee3354-b8bf-4944-bde8-8876a53fba8f","local_time":"20210120182026","is_ascension_mode":false,"campfire_choices":[{"data":"conspire:Banana","floor":6,"key":"SMITH"}],"circlet_count":0,"master_deck":["bronze:Strike","bronze:Strike","bronze:Strike","bronze:Defend","bronze:Defend","bronze:Defend","bronze:Replicate","bronze:Goto","conspire:Banana+1","bronze:Philosophize","bronze:FineTuning","bronze:FineTuning"],"relics":["bronze:BronzeCore","Meat on the Bone","conspire:TreasureMap","Mummified Hand","conspire:InfiniteJournal","conspire:TopHat"],"acts_visited":["Exordium"],"potions_floor_usage":[5],"damage_taken":[{"damage":0,"enemies":"Small Slimes","floor":1,"turns":3},{"damage":4,"enemies":"Cultist","floor":4,"turns":4},{"damage":23,"enemies":"conspire:MimicChest","floor":5,"turns":5},{"damage":42,"enemies":"Gremlin Nob","floor":7,"turns":3}],"seed_played":"4554891265494192364","potions_obtained":[{"floor":4,"key":"ColorlessPotion"}],"is_trial":false,"path_per_floor":["M","?","$","M","?","R","E"],"character_chosen":"THE_AUTOMATON","items_purchased":["Meat on the Bone","conspire:TreasureMap","Mummified Hand"],"campfire_rested":0,"item_purchase_floors":[0,0,0],"current_hp_per_floor":[39,39,39,48,38,38,0,0,0],"gold":66,"neow_bonus":"","is_daily":false,"chose_seed":false,"campfire_upgraded":1,"win_rate":0.0,"timestamp":1611138026,"path_taken":["M","?","?","M","?","R","E"],"items_purchased_type":["Relic","Relic","Relic"],"build_version":"2020-12-22","purchased_purges":2,"victory":false,"max_hp_per_floor":[71,71,71,72,73,73,75,75,75],"card_choices":[{"not_picked":["bronze:CutThrough","bronze:Repulsor"],"picked":"bronze:Philosophize","floor":1},{"not_picked":["bronze:DelayedSlice","bronze:Repair"],"picked":"bronze:FineTuning","floor":4},{"not_picked":["bronze:GetLatest","bronze:Constructor"],"picked":"bronze:FineTuning","floor":5}],"player_experience":508070,"relics_obtained":[{"floor":5,"key":"conspire:TopHat"}],"event_choices":[{"damage_healed":0,"gold_gain":0,"player_choice":"Bought 0 Potions","damage_taken":0,"max_hp_gain":0,"max_hp_loss":0,"event_name":"The Woman in Blue","floor":2,"gold_loss":0}],"is_beta":false,"boss_relics":[],"items_purged_floors":[0,3],"is_endless":false,"potions_floor_spawned":[4],"killed_by":"Gremlin Nob","ascension_level":0}}