{"host":"88q0baq93r2cvn7j","time":1611156881,"event":{"mods":["AchievementEnabler","Act Like it!","BaseMod","GungeonMod","Minty Spire (QoL Compilation)","StSLib"],"gold_per_floor":[111,111,111,135,155,169,200,200,200,200,44,88,88,117,117,257,257,271,186,234,234,234,234,254,294,294,294,322,340,369,418,438,447,457,462,462],"floor_reached":35,"language":"ZHS","playtime":2091,"items_purged":[],"score":424,"play_id":"0bfc74cf-4683-457f-942a-b11353377817","local_time":"20210120233441","is_ascension_mode":true,"campfire_choices":[{"floor":10.0,"key":"REST"},{"floor":15.0,"key":"REST"},{"data":"DemoMod:HungryBullets","floor":23.0,"key":"SMITH"},{"data":"DemoMod:Unity","floor":27,"key":"SMITH"},{"floor":33,"key":"REST"}],"circlet_count":0,"master_deck":["DemoMod:Strike_Huntress","DemoMod:Strike_Huntress","DemoMod:Strike_Huntress","DemoMod:Defend_Huntress","DemoMod:Defend_Huntress","DemoMod:Defend_Huntress","DemoMod:Defend_Huntress","DemoMod:Roll+1","DemoMod:ManualReload+1","DemoMod:RustySidearm","DemoMod:CrossBow","Decay","Metamorphosis+1","DemoMod:Unity+1","DemoMod:HungryBullets+1","DemoMod:AWP","DemoMod:TeaPot","DemoMod:CursedBullets","DemoMod:TableSutra","DemoMod:Eureka","DemoMod:MegaHand","DemoMod:DarkMarker","DemoMod:SpreadAmmo+1","DemoMod:Evolver","DemoMod:FortunesFavor","DemoMod:TableSutra+1","DemoMod:SniperShot+1","DemoMod:HuntsMan"],"relics":["DemoMod:Dog","Golden Idol","Dream Catcher","HornCleat","Tiny Chest","CeramicFish","DemoMod:ElasticCartridgeClip","Anchor","Red Mask","DemoMod:Ammonomicon","Du-Vu Doll"],"acts_visited":["Exordium","TheCity","TheCity"],"potions_floor_usage":[25,34,34],"damage_taken":[{"damage":0.0,"enemies":"Small Slimes","floor":1.0,"turns":3.0},{"damage":6.0,"enemies":"Cultist","floor":4.0,"turns":3.0},{"damage":19.0,"enemies":"Jaw Worm","floor":5.0,"turns":4.0},{"damage":0.0,"enemies":"2 Fungi Beasts","floor":6.0,"turns":2.0},{"damage":0.0,"enemies":"Gremlin Nob","floor":7.0,"turns":3.0},{"damage":21.0,"enemies":"Lagavulin","floor":12.0,"turns":5.0},{"damage":0.0,"enemies":"Looter","floor":14.0,"turns":4.0},{"damage":20.0,"enemies":"The Guardian","floor":16.0,"turns":7.0},{"damage":6.0,"enemies":"3 Byrds","floor":18.0,"turns":4.0},{"damage":26.0,"enemies":"Masked Bandits","floor":20.0,"turns":6.0},{"damage":17.0,"enemies":"2 Thieves","floor":24.0,"turns":4.0},{"damage":0,"enemies":"Gremlin Leader","floor":25,"turns":5},{"damage":13,"enemies":"DemoMod:4_Bullet_Kins","floor":28,"turns":6},{"damage":6,"enemies":"DemoMod:Red_and_blue_shotgun_kin","floor":29,"turns":2},{"damage":0,"enemies":"DemoMod:Veteran_shot_gun_kin_and_blue_shotgun_kin","floor":30,"turns":3},{"damage":6,"enemies":"DemoMod:Red_and_blue_shotgun_kin_with_gunsinger","floor":31,"turns":3},{"damage":6,"enemies":"DemoMod:Veteran_shot_gun_kin_and_red_shotgun_kin_with_gunsinger","floor":32,"turns":3},{"damage":31,"enemies":"DemoMod:ResourcefulRat","floor":35,"turns":8}],"seed_played":"4703273544048263158","potions_obtained":[{"floor":5.0,"key":"Block Potion"},{"floor":6.0,"key":"Block Potion"},{"floor":7.0,"key":"SteroidPotion"},{"floor":12.0,"key":"BlessingOfTheForge"},{"floor":18.0,"key":"EssenceOfSteel"},{"floor":24.0,"key":"DemoMod:LeadSkinPotion"},{"floor":28,"key":"LiquidMemories"}],"is_trial":false,"path_per_floor":["M","?","?","M","M","M","E","?","T","R","$","E","?","M","R","B",null,"M","?","?","T","?","R","M","E","T","R","M","M","M","M","M","R","B","B"],"character_chosen":"HUNTRESS","items_purchased":["DemoMod:GnawedKey","DemoMod:TableSutra"],"campfire_rested":3,"item_purchase_floors":[11,11],"current_hp_per_floor":[70,53,53,47,28,28,28,14,14,35,35,14,19,19,41,21,62,56,56,30,30,30,30,13,13,60,60,47,41,41,35,29,51,30,0,0],"gold":462,"neow_bonus":"RANDOM_COLORLESS_2","is_daily":false,"chose_seed":false,"campfire_upgraded":2,"win_rate":0.0,"timestamp":1611156881,"path_taken":["M","?","?","M","M","?","E","?","T","R","$","E","?","M","R","BOSS","M","?","?","?","?","R","M","E","T","R","M","M","M","M","M","R","BOSS","BOSS"],"items_purchased_type":["Relic","Card"],"build_version":"2020-12-22","purchased_purges":0,"victory":false,"max_hp_per_floor":[70,70,70,70,70,70,70,70,70,70,70,70,75,75,75,75,75,75,75,75,75,75,75,75,75,75,75,75,75,75,75,75,75,75,75,75],"card_choices":[{"not_picked":["Panache","DemoMod:Invincible"],"picked":"Metamorphosis","floor":0.0},{"not_picked":["DemoMod:TripleGun","DemoMod:FeignSurrender"],"picked":"DemoMod:Unity","floor":1.0},{"not_picked":["DemoMod:FastSwitch","DemoMod:TripleGun"],"picked":"DemoMod:HungryBullets","floor":4.0},{"not_picked":["DemoMod:AC15","DemoMod:DirectionalPad"],"picked":"DemoMod:AWP","floor":5.0},{"not_picked":["DemoMod:HardPowerCard","DemoMod:SkilledReload"],"picked":"DemoMod:TeaPot","floor":6.0},{"not_picked":["DemoMod:BoxingGlove","DemoMod:StickyCrossBow","DemoMod:ConditionalReflex"],"picked":"SKIP","floor":7.0},{"not_picked":["DemoMod:LifeOrb","DemoMod:Ejector"],"picked":"DemoMod:CursedBullets","floor":10.0},{"not_picked":["DemoMod:AC15","DemoMod:PotionOfGunFriendShip"],"picked":"DemoMod:Eureka","floor":12.0},{"not_picked":["DemoMod:Replace","DemoMod:SpreadAmmo"],"picked":"DemoMod:MegaHand","floor":14.0},{"not_picked":["DemoMod:FightSabre","DemoMod:SuppressiveFire"],"picked":"DemoMod:DarkMarker","floor":16.0},{"not_picked":["DemoMod:Unmoved+1","DemoMod:Casey","DemoMod:StickyCrossBow+1"],"picked":"SKIP","floor":18.0},{"not_picked":["DemoMod:PracticeMakesPerfect","DemoMod:Polaris"],"picked":"DemoMod:SpreadAmmo+1","floor":20.0},{"not_picked":["DemoMod:Casey","DemoMod:Replace","DemoMod:DirectionalPad"],"picked":"SKIP","floor":24.0},{"not_picked":["DemoMod:SniperShot+1","DemoMod:ConditionalReflex+1"],"picked":"DemoMod:Evolver","floor":25},{"not_picked":["DemoMod:Casey","DemoMod:LifeOrb+1"],"picked":"DemoMod:FortunesFavor","floor":28},{"not_picked":["DemoMod:MegaHand","DemoMod:StickyCrossBow","DemoMod:AC15+1"],"picked":"SKIP","floor":29},{"not_picked":["DemoMod:TeaPot+1","DemoMod:CombinedRifle"],"picked":"DemoMod:TableSutra+1","floor":30},{"not_picked":["DemoMod:FullFirepower","DemoMod:GunstockTap+1"],"picked":"DemoMod:SniperShot+1","floor":31},{"not_picked":["DemoMod:AC15","DemoMod:ZorGun+1","DemoMod:TripleGun+1"],"picked":"SKIP","floor":32},{"not_picked":["DemoMod:BoxingGlove","DemoMod:MachoBrace+1"],"picked":"DemoMod:HuntsMan","floor":33}],"player_experience":346806,"relics_obtained":[{"floor":7.0,"key":"Dream Catcher"},{"floor":9.0,"key":"HornCleat"},{"floor":12.0,"key":"Tiny Chest"},{"floor":14.0,"key":"CeramicFish"},{"floor":20.0,"key":"Red Mask"},{"floor":25,"key":"Du-Vu Doll"}],"event_choices":[{"damage_healed":0.0,"max_hp_gain":0.0,"max_hp_loss":0.0,"gold_gain":0.0,"event_name":"Golden Idol","player_choice":"Take Damage","floor":2.0,"gold_loss":0.0,"damage_taken":17.0,"relics_obtained":["Golden Idol"]},{"damage_healed":0.0,"max_hp_gain":0.0,"max_hp_loss":0.0,"gold_gain":0.0,"event_name":"Upgrade Shrine","player_choice":"Upgraded","floor":3.0,"gold_loss":0.0,"damage_taken":0.0,"cards_upgraded":["Metamorphosis"]},{"damage_healed":0.0,"max_hp_gain":0.0,"max_hp_loss":0.0,"gold_gain":0.0,"event_name":"Shining Light","player_choice":"Entered Light","floor":8.0,"gold_loss":0.0,"damage_taken":14.0,"cards_upgraded":["DemoMod:ManualReload","DemoMod:Roll"]},{"damage_healed":0.0,"max_hp_gain":5.0,"max_hp_loss":0.0,"gold_gain":0.0,"event_name":"Big Fish","player_choice":"Donut","floor":13.0,"gold_loss":0.0,"damage_taken":0.0},{"damage_healed":0.0,"max_hp_gain":0.0,"max_hp_loss":0.0,"gold_gain":0.0,"event_name":"Addict","player_choice":"Obtained Relic","floor":19.0,"gold_loss":85.0,"damage_taken":0.0,"relics_obtained":["Anchor"]},{"damage_healed":0.0,"max_hp_gain":0.0,"max_hp_loss":0.0,"gold_gain":0.0,"event_name":"Masked Bandits","player_choice":"Fought Bandits","floor":20.0,"gold_loss":0.0,"damage_taken":0.0}],"is_beta":false,"boss_relics":[{"not_picked":["Snecko Eye","Empty Cage"],"picked":"DemoMod:ElasticCartridgeClip"}],"items_purged_floors":[],"is_endless":false,"potions_floor_spawned":[5,6,7,12,18,24,28,31,32],"killed_by":"DemoMod:ResourcefulRat","ascension_level":5}}