{"host":"g5ztulhog0otympt","time":1611167942,"event":{"mods":["AchievementEnabler","BaseMod","Downfall","Hermit","Minty Spire (QoL Compilation)","StSLib","The Cursed"],"gold_per_floor":[112,112,127,127,202,202,233,233,233,309,328,311,311,329,329,329,329],"floor_reached":16,"language":"ENG","playtime":352,"items_purged":[],"score":105,"play_id":"8d07a933-83ee-45bf-8899-518f5c0e2ca2","local_time":"20210120203902","is_ascension_mode":true,"campfire_choices":[{"floor":6,"key":"REST"},{"floor":8,"key":"REST"},{"floor":13,"key":"REST"},{"floor":15,"key":"REST"}],"circlet_count":0,"master_deck":["Strike_G","Strike_G","Strike_G","Strike_G","Strike_G","Defend_G","Defend_G","Defend_G","Defend_G","Defend_G","Survivor","Neutralize","Backstab","A Thousand Cuts","Blade Dance","Bouncing Flask"],"relics":["Ring of the Snake","Golden Idol","Du-Vu Doll","Calipers","Orichalcum"],"acts_visited":["Exordium"],"potions_floor_usage":[3,7],"damage_taken":[{"damage":1,"enemies":"2 Louse","floor":1,"turns":3},{"damage":2,"enemies":"Small Slimes","floor":3,"turns":4},{"damage":40,"enemies":"Gremlin Nob","floor":7,"turns":6},{"damage":32,"enemies":"3 Sentries","floor":10,"turns":14},{"damage":3,"enemies":"Jaw Worm","floor":11,"turns":3},{"damage":0,"enemies":"Exordium Thugs","floor":12,"turns":4},{"damage":10,"enemies":"Exordium Wildlife","floor":14,"turns":4},{"damage":30,"enemies":"Slime Boss","floor":16,"turns":4}],"seed_played":"-719809073865959401","potions_obtained":[{"floor":1,"key":"DuplicationPotion"},{"floor":3,"key":"Fruit Juice"}],"is_trial":false,"path_per_floor":["M","$","M","?","?","R","E","R","T","?","M","M","R","M","R","B"],"character_chosen":"THE_SILENT","items_purchased":[],"campfire_rested":4,"item_purchase_floors":[],"current_hp_per_floor":[76,76,79,59,48,72,32,56,56,24,21,21,45,35,59,29,29],"gold":329,"neow_bonus":"TEN_PERCENT_HP_BONUS","is_daily":false,"chose_seed":false,"campfire_upgraded":0,"win_rate":0.0,"timestamp":1611167942,"path_taken":["M","$","M","?","?","R","E","R","T","?","M","M","R","M","R","BOSS"],"items_purchased_type":[],"build_version":"2020-12-22","purchased_purges":0,"victory":false,"max_hp_per_floor":[77,77,82,82,82,82,82,82,82,82,82,82,82,82,82,82,82],"card_choices":[{"not_picked":["Flechettes","Expertise","Acrobatics"],"picked":"SKIP","floor":1},{"not_picked":["Sucker Punch","Quick Slash"],"picked":"Backstab","floor":3},{"not_picked":["Tactician","Backflip","Choke"],"picked":"SKIP","floor":7},{"not_picked":["Well Laid Plans","Backflip"],"picked":"A Thousand Cuts","floor":11},{"not_picked":["Footwork","Deadly Poison"],"picked":"Blade Dance","floor":12},{"not_picked":["Heel Hook","Reflex"],"picked":"Bouncing Flask","floor":14}],"player_experience":113219,"relics_obtained":[{"floor":7,"key":"Du-Vu Doll"},{"floor":9,"key":"Calipers"}],"event_choices":[{"damage_healed":0,"gold_gain":0,"player_choice":"Take Damage","damage_taken":20,"relics_obtained":["Golden Idol"],"max_hp_gain":0,"max_hp_loss":0,"event_name":"Golden Idol","floor":4,"gold_loss":0},{"damage_healed":0,"gold_gain":75,"player_choice":"Gather Gold","damage_taken":11,"max_hp_gain":0,"max_hp_loss":0,"event_name":"World of Goop","floor":5,"gold_loss":0},{"damage_healed":0,"gold_gain":0,"player_choice":"Searched \u00273\u0027 times","damage_taken":0,"relics_obtained":["Orichalcum"],"max_hp_gain":0,"max_hp_loss":0,"event_name":"Dead Adventurer","floor":10,"gold_loss":0}],"is_beta":false,"boss_relics":[],"items_purged_floors":[],"is_endless":false,"potions_floor_spawned":[1,3],"killed_by":"Slime Boss","ascension_level":1}}