{"host":"7fyy23rucerupe6i","time":1611116948,"event":{"mods":["AchievementEnabler","Act Like it!","BaseMod","BetterRewards","Colored Map","Colored Powertips","Conspire","Custom Start","Downfall","Mad Scientist","Marisa£®ÏF”Í°°ƒß¿Ì…≥£©","Minty Spire (QoL Compilation)","Pale of the Ancients","Quick Restart","Shop Mod","ShortenTheSpire","Spicy Shops","StSLib","SuperFastMode","The Bug Knight","The Construct","The Cursed","The Factory","The Jungle","The Servant 0.9.4","UnlockEverythingMod"],"gold_per_floor":[109,109,109,120,132,162,182,182,182],"floor_reached":8,"language":"ZHS","playtime":337,"items_purged":["Defend_P","Strike_P"],"score":166,"play_id":"c39da8e6-32cc-414f-b235-310134fe833a","local_time":"20210120122908","is_ascension_mode":true,"campfire_choices":[],"circlet_count":0,"master_deck":["AscendersBane","Strike_P","Strike_P","Defend_P","Defend_P","Defend_P","Eruption","Vigilance","Consecrate","Nirvana","Sanctity","Nirvana","EmptyMind"],"relics":["PureWater","Akabeko","hexamod:CandleOfCauterizing","PreservedInsect","Dream Catcher"],"acts_visited":["Exordium"],"potions_floor_usage":[6],"damage_taken":[{"damage":2,"enemies":"Small Slimes","floor":1,"turns":3},{"damage":5,"enemies":"2 Louse","floor":4,"turns":2},{"damage":1,"enemies":"Cultist","floor":5,"turns":4},{"damage":0,"enemies":"Gremlin Nob","floor":6,"turns":2},{"damage":11,"enemies":"Looter","floor":7,"turns":3},{"damage":0,"enemies":"3 Sentries","floor":8,"turns":2}],"seed_played":"8092959304082426179","potions_obtained":[{"floor":4,"key":"Fire Potion"},{"floor":5,"key":"Ancient Potion"},{"floor":6,"key":"construct:ShiftPotion"}],"is_trial":false,"path_per_floor":["M","?","?","M","M","E","M","E"],"character_chosen":"WATCHER","items_purchased":["Akabeko","hexamod:CandleOfCauterizing","Consecrate","Nirvana","PreservedInsect"],"campfire_rested":0,"item_purchase_floors":[0,0,0,0,0],"current_hp_per_floor":[28,28,68,63,62,62,51,51,51],"gold":182,"neow_bonus":"","is_daily":false,"chose_seed":false,"campfire_upgraded":0,"win_rate":0.0,"timestamp":1611116948,"path_taken":["M","?","?","M","M","E","M","E"],"items_purchased_type":["Relic","Relic","Card","Card","Relic"],"build_version":"2020-12-22","purchased_purges":2,"victory":false,"max_hp_per_floor":[68,68,68,68,68,68,68,68,68],"card_choices":[{"not_picked":["PathToVictory","Adaptation","FollowUp"],"picked":"SKIP","floor":1},{"not_picked":["PathToVictory","Consecrate","CarveReality"],"picked":"SKIP","floor":4},{"not_picked":["WreathOfFlame","EmptyBody"],"picked":"Nirvana","floor":5},{"not_picked":["MentalFortress","WreathOfFlame"],"picked":"EmptyMind","floor":6},{"not_picked":["FlyingSleeves","Fasting2","Evaluate"],"picked":"SKIP","floor":7}],"player_experience":489567,"relics_obtained":[{"floor":6,"key":"Dream Catcher"}],"event_choices":[{"damage_healed":0,"gold_gain":0,"cards_transformed":["Strike_P"],"player_choice":"Change","damage_taken":0,"max_hp_gain":0,"max_hp_loss":0,"event_name":"Living Wall","floor":2,"gold_loss":0,"cards_obtained":["Sanctity"]},{"damage_healed":40,"gold_gain":0,"player_choice":"Full Heal","damage_taken":0,"max_hp_gain":0,"max_hp_loss":0,"event_name":"Wheel of Change","floor":3,"gold_loss":0}],"is_beta":false,"boss_relics":[],"items_purged_floors":[0,0],"is_endless":false,"potions_floor_spawned":[4,5,6],"killed_by":"3 Sentries","ascension_level":20}}