{"host":"oc9z8cublggqyfxu","time":1611130782,"event":{"mods":["AchievementEnabler","Act Like it!","Aspiration","BaseMod","Colored Map","Colored Powertips","Dota2Spire","Friendly Minions","Gensokyo","GifTheSpireLib","Hallownest","Hermit","Highlight Path","Infinite Spire","KinomotoSakuraMod(木之本樱)","Koishi","Lobotomy","LobotomyExtend","Marisa（F雨　魔理沙）","Minty Spire (QoL Compilation)","Quick Restart","Rare Cards Sparkle","Relic Stats","Remilia（蕾米莉亚）","Replay The Spire","RumiaBox-露米娅的神秘盒子","Spicy Shops","StSLib","The Administrix","The Animator","The Blackbeard","The Bug Knight","The Cursed","The Hierophant","The Mystic","The Runesmith","The Servant 0.9.4","Yakumo Yukari mod","Youmu（魂魄妖梦）","Yuyuko","vexMod","【功能Mod】混沌之环修复补丁","【功能Mod】聪明的最终Boss"],"gold_per_floor":[114,114,129,129,144,159,159,174,174,174,204,204,219,234,234,234,234],"floor_reached":16,"language":"ZHS","playtime":810,"items_purged":[],"score":129,"play_id":"f936e358-19e1-4955-8487-57c2b77fd727","local_time":"20210120161942","daily_mods":["Shiny","Red Cards","DeadlyEvents"],"is_ascension_mode":false,"campfire_choices":[{"data":"mysticmod:Spellstrike","floor":7,"key":"SMITH"},{"data":"mysticmod:SpellRecall","floor":10,"key":"SMITH"},{"data":"mysticmod:Natural20","floor":12,"key":"SMITH"},{"data":"mysticmod:CureLightWounds","floor":15,"key":"SMITH"}],"circlet_count":0,"master_deck":["mysticmod:ObscuringMist+1","mysticmod:Disintegrate","mysticmod:Discipline","mysticmod:MirrorEntity","mysticmod:MysticalShield","mysticmod:SpellRecall+1","mysticmod:Doublecast","mysticmod:GeminiForm","mysticmod:EnchantedMoulinet","mysticmod:Lunge","mysticmod:ClosingBarrage","mysticmod:Momentum","mysticmod:Haste","mysticmod:Spellstrike+1","mysticmod:GreaterInvisibility","mysticmod:SpontaneousCaster","mysticmod:KnowledgePool","mysticmod:Natural20+1","mysticmod:SummonFamiliar","mysticmod:Riposte","mysticmod:SuddenClarity","mysticmod:PowerSlash","mysticmod:CureLightWounds+1"],"relics":["mysticmod:SpellBook","LetterFromLob","Nunchaku","aspiration:Lifesprig"],"acts_visited":["Hallownest:Greenpath"],"potions_floor_usage":[8,8,11,11],"damage_taken":[{"damage":8,"enemies":"Hallownest:2_Tiktiks_and_1_Crawlid","floor":1,"turns":3},{"damage":1,"enemies":"Hallownest:2_Baldur","floor":3,"turns":2},{"damage":5,"enemies":"Hallownest:2_MossCreeps","floor":5,"turns":3},{"damage":27,"enemies":"Hallownest:Guard_and_Warrior","floor":6,"turns":4},{"damage":11,"enemies":"Hallownest:monsterFoolEater","floor":8,"turns":2},{"damage":0,"enemies":"Hallownest:eliteMossKnight","floor":11,"turns":1},{"damage":12,"enemies":"Hallownest:1_Baldur_1_Crawlid_1_Warrior","floor":13,"turns":4},{"damage":12,"enemies":"Hallownest:Guard_and_Warrior","floor":14,"turns":5},{"damage":9,"enemies":"Hallownest:BossHornet","floor":16,"turns":1}],"seed_played":"-1760728548950895142","potions_obtained":[{"floor":1,"key":"Fire Potion"},{"floor":3,"key":"FearPotion"},{"floor":5,"key":"SkillPotion"},{"floor":8,"key":"infinitespire:BlackPotion"}],"is_trial":false,"path_per_floor":["M","?","M","?","M","M","R","M","T","R","E","R","M","M","R","B"],"character_chosen":"MYSTIC_CLASS","items_purchased":[],"campfire_rested":0,"item_purchase_floors":[],"current_hp_per_floor":[69,69,68,68,63,36,36,25,25,25,25,25,13,1,1,0,0],"gold":234,"neow_bonus":"","is_daily":true,"chose_seed":false,"campfire_upgraded":4,"win_rate":0.0,"timestamp":1611130782,"path_taken":["M","?","M","?","M","M","R","M","T","R","E","R","?","M","R","BOSS"],"items_purchased_type":[],"build_version":"2020-12-22","purchased_purges":0,"victory":false,"max_hp_per_floor":[77,77,77,77,77,77,77,77,77,77,77,77,77,77,77,77,77],"relic_stats":{"Nunchaku":[1],"counters":[9,25],"obtain_stats":[{"Nunchaku":9,"aspiration:Lifesprig":11,"mysticmod:SpellBook":0,"LetterFromLob":1},{"Nunchaku":5,"aspiration:Lifesprig":6,"mysticmod:SpellBook":0,"LetterFromLob":1},{"Nunchaku":14,"aspiration:Lifesprig":15,"mysticmod:SpellBook":0,"LetterFromLob":3}]},"card_choices":[{"not_picked":["mysticmod:Flurry","mysticmod:DiviningBlow","mysticmod:Dedication"],"picked":"SKIP","floor":1},{"not_picked":["mysticmod:ChargedParry","mysticmod:BulkUp","mysticmod:ArcaneAccuracy"],"picked":"SKIP","floor":3},{"not_picked":["mysticmod:MagicWeapon","mysticmod:Daze"],"picked":"mysticmod:SummonFamiliar","floor":5},{"not_picked":["mysticmod:FloatingDisk","mysticmod:Daze"],"picked":"mysticmod:Riposte","floor":6},{"not_picked":["mysticmod:TomeOfSpells","mysticmod:Sideswipe"],"picked":"mysticmod:SuddenClarity","floor":8},{"not_picked":["mysticmod:IllusionOfCalm","mysticmod:AllIn"],"picked":"mysticmod:PowerSlash","floor":11},{"not_picked":["mysticmod:ComboCaster","mysticmod:MagicWeapon"],"picked":"mysticmod:CureLightWounds","floor":13},{"not_picked":["mysticmod:Fly","mysticmod:Probe","mysticmod:Daze"],"picked":"SKIP","floor":14}],"player_experience":344164,"relics_obtained":[{"floor":1,"key":"LetterFromLob"},{"floor":9,"key":"Nunchaku"},{"floor":11,"key":"aspiration:Lifesprig"}],"event_choices":[],"is_beta":false,"boss_relics":[],"items_purged_floors":[],"is_endless":false,"potions_floor_spawned":[1,3,5,8],"killed_by":"Hallownest:BossHornet","ascension_level":0}}