{"host":"jqa9y4qkalbx8qgz","time":1611128012,"event":{"mods":["Act Like it!","BaseMod","Bestiary","BetterRewards","CCEM","Downfall","Gensokyo","Marisa????????","Minty Spire (QoL Compilation)","Permanent Neow","Relic Stats","StSLib","The Alterego","Wandering Minibosses"],"gold_per_floor":[116,116,18,49,18,18,58,83,83,83,83,83,333,333,333,428,428,454,454,32,57,87,87,202,436,463,808,855,867,912,924,936,1076,1088,1145,1202,1253,1265,1315,1385,1397,1453,1465,710,722,785,513,513,513,813,813,813,420,471,491],"floor_reached":56,"language":"ENG","playtime":4152,"items_purged":["Strike_MRS","Gensokyo:Shovel"],"score":1399,"play_id":"3928744b-6195-403b-819d-072b1202ceac","local_time":"20210120103332","is_ascension_mode":false,"campfire_choices":[{"data":"MasterSpark","floor":6.0,"key":"SMITH"},{"data":"ManaRampage","floor":11,"key":"SMITH"},{"data":"EventHorizon","floor":15,"key":"SMITH"},{"data":"StarDustReverie","floor":29,"key":"SMITH"},{"data":"WitchOfGreed","floor":32,"key":"SMITH"},{"data":"FinalSpark","floor":41,"key":"SMITH"},{"floor":49,"key":"RECALL"},{"data":"BinaryStars","floor":52,"key":"SMITH"}],"circlet_count":0,"master_deck":["Strike_MRS","Strike_MRS","Strike_MRS","Defend_MRS","Defend_MRS","Defend_MRS","Defend_MRS","MasterSpark+1","UpSweep","WitchOfGreed+1","Finesse","ManaRampage+1","MagicAbsorber","StarDustReverie+1","MilkyWay+1","SprinkleStarSeal+1","EnergyFlow","MagicAbsorber","AsteroidBelt+1","GalacticHalo","AsteroidBelt","FinalSpark+1","MilkyWay+1","EarthLightRay+1","PropBag+1","Singularity","AsteroidBelt+1","EarthLightRay+1","MachineGunSpark","BinaryStars+1","Dark Shackles","Sadistic Nature","IllusionStar"],"relics":["MiniHakkero","Darkstone Periapt","CCEMRelics:Barrel","Gensokyo:MarisaImprobabilityPotion","Gensokyo:YoukaiFlower","Ancient Tea Set","Gensokyo:CelestialsFlawlessClothing","expansioncontent:StudyCardRelic","SimpleLauncher","Strange Spoon","Happy Flower","Mango","Gambling Chip","CCEMRelics:GrindingGear","MawBank","Toy Ornithopter","Shuriken","Philosopher\u0027s Stone","CCEMRelics:OrganicArmor","Medical Kit","Toolbox","OrangePellets","CCEMRelics:WrappedPresent","Anchor","Lizard Tail","Centennial Puzzle","Membership Card","CCEMRelics:Pendulum","Bag of Marbles","Orichalcum"],"acts_visited":["Exordium","Gensokyo:Gensokyo","Gensokyo:Gensokyoer","TheEnding"],"potions_floor_usage":[7,7,13,16,16,28,50,55,55,55],"damage_taken":[{"damage":0.0,"enemies":"Gensokyo:Python","floor":1.0,"turns":3.0},{"damage":4.0,"enemies":"Gensokyo:3_Fairies","floor":4.0,"turns":4.0},{"damage":14,"enemies":"Gensokyo:Aya","floor":7,"turns":4},{"damage":4,"enemies":"Gensokyo:2_Kodama","floor":8,"turns":3},{"damage":0,"enemies":"Gensokyo:Mamizou","floor":13,"turns":4},{"damage":12,"enemies":"Gensokyo:Kokoro","floor":16,"turns":5},{"damage":0,"enemies":"Gensokyo:2_Gloops","floor":18,"turns":4},{"damage":0,"enemies":"Gensokyo:Chomper","floor":22,"turns":3},{"damage":11,"enemies":"Gensokyo:Chomper","floor":24,"turns":5},{"damage":6,"enemies":"Gensokyo:Wraith","floor":25,"turns":3},{"damage":32,"enemies":"Gensokyo:Reisen","floor":27,"turns":3},{"damage":7,"enemies":"Gensokyo:Chomper_and_Gloop","floor":28,"turns":4},{"damage":5,"enemies":"Gensokyo:Koishi","floor":30,"turns":4},{"damage":16,"enemies":"Gensokyo:Eternal_Rivals","floor":33,"turns":7},{"damage":0,"enemies":"Gensokyo:AncientGuardian","floor":35,"turns":3},{"damage":0,"enemies":"Gensokyo:3_Boulders","floor":36,"turns":1},{"damage":0,"enemies":"Gensokyo:AtlasGolem","floor":37,"turns":3},{"damage":7,"enemies":"Gensokyo:4_Bats","floor":39,"turns":5},{"damage":10,"enemies":"Gensokyo:Doremy","floor":40,"turns":4},{"damage":0,"enemies":"Gensokyo:Sharpion","floor":42,"turns":4},{"damage":7,"enemies":"Gensokyo:Marisa","floor":46,"turns":7},{"damage":41,"enemies":"Gensokyo:Scarlet_Devils","floor":50,"turns":4},{"damage":5,"enemies":"Shield and Spear","floor":54,"turns":3},{"damage":73,"enemies":"The Heart","floor":55,"turns":7}],"seed_played":"-3040192457881820685","potions_obtained":[{"floor":4.0,"key":"Fruit Juice"},{"floor":4.0,"key":"Slimebound:ThreeZeroPotion"},{"floor":7,"key":"EssenceOfSteel"},{"floor":8,"key":"Swift Potion"},{"floor":13,"key":"champ:CounterPotion"},{"floor":13,"key":"DistilledChaos"},{"floor":18,"key":"Explosive Potion"},{"floor":22,"key":"Strength Potion"},{"floor":27,"key":"SkillPotion"},{"floor":33,"key":"bronze:BurnAndBuffPotion"},{"floor":36,"key":"Regen Potion"},{"floor":42,"key":"DuplicationPotion"},{"floor":54,"key":"bronze:BurnAndBuffPotion"}],"is_trial":false,"path_per_floor":["M","?","$","M","COS","R","E","M","T","?","R","?","E","?","R","B",null,"M","?","COS","T","M","R","?","M","T","E","M","R","E","?","R","B",null,"M","M","M","?","M","E","R","M","T","COS","?","E","$","?","R","B",null,"R","$","E","B",null],"character_chosen":"MARISA","items_purchased":["Finesse","Membership Card","MachineGunSpark","BinaryStars","CCEMRelics:Pendulum","Bag of Marbles","Dark Shackles","Sadistic Nature","LiquidMemories","IllusionStar"],"campfire_rested":0,"item_purchase_floors":[3,47,47,47,53,53,53,53,53,53],"current_hp_per_floor":[75,75,75,71,71,71,66,62,62,62,62,62,62,42,42,30,80,80,80,80,80,80,80,83,77,77,45,43,43,38,38,38,22,94,94,94,94,94,93,84,84,90,90,90,76,75,75,75,75,45,94,94,94,94,56],"gold":491,"neow_bonus":"ONE_RANDOM_RARE_CARD","is_daily":false,"chose_seed":false,"campfire_upgraded":7,"win_rate":0.0,"timestamp":1611128012,"path_taken":["M","?","?","?","COS","R","E","M","T","?","R","?","E","?","R","BOSS","M","?","COS","?","M","R","?","M","T","E","?","R","E","?","R","BOSS","M","M","M","?","M","E","R","M","T","COS","?","E","$","?","R","BOSS","R","$","E","BOSS"],"items_purchased_type":["Card","Relic","Card","Card","Relic","Relic","Card","Card","Potion","Card"],"build_version":"2020-12-22","purchased_purges":2,"victory":true,"max_hp_per_floor":[75,75,75,75,75,75,80,80,80,80,80,80,80,80,80,80,80,80,80,80,80,80,80,94,94,94,94,94,94,94,94,94,94,94,94,94,94,94,94,94,94,94,94,94,94,94,94,94,94,94,94,94,94,94,94],"relic_stats":{"Darkstone Periapt":0,"Happy Flower":[23],"counters":[24,97],"Orichalcum":[6],"MawBank":240,"Medical Kit":[5],"Strange Spoon":[57],"OrangePellets":[3],"Lizard Tail":0,"Centennial Puzzle":[9],"Shuriken":[13],"Gambling Chip":[44],"obtain_stats":[{"Darkstone Periapt":7,"AmplifyWand":54,"Gremlin Horn":28,"CCEMRelics:WrappedPresent":44,"Gensokyo:MarisaIngredientList":10,"CCEMRelics:Pendulum":53,"Mango":24,"expansioncontent:StudyCardRelic":17,"Ancient Tea Set":13,"Frozen Eye":30,"Lizard Tail":44,"Centennial Puzzle":46,"Mummified Hand":40,"Sundial":46,"Gambling Chip":24,"Toolbox":44,"Philosopher\u0027s Stone":34,"SimpleLauncher":20,"CCEMRelics:OrganicArmor":40,"CCEMRelics:Barrel":9,"Happy Flower":21,"Gensokyo:CelestialsFlawlessClothing":14,"Orichalcum":54,"MawBank":27,"Medical Kit":44,"Mercury Hourglass":46,"Strange Spoon":20,"OrangePellets":44,"Anchor":44,"Shuriken":30,"Gensokyo:YoukaiFlower":12,"CCEMRelics:GrindingGear":26,"Bag of Marbles":53,"MiniHakkero":0,"Membership Card":47,"Gensokyo:MarisaImprobabilityPotion":23,"Toy Ornithopter":28,"Meat on the Bone":55},{"Darkstone Periapt":3,"AmplifyWand":23,"Gremlin Horn":12,"CCEMRelics:WrappedPresent":20,"Gensokyo:MarisaIngredientList":4,"CCEMRelics:Pendulum":22,"Mango":9,"expansioncontent:StudyCardRelic":6,"Ancient Tea Set":5,"Frozen Eye":12,"Lizard Tail":20,"Centennial Puzzle":21,"Mummified Hand":19,"Sundial":21,"Gambling Chip":9,"Toolbox":20,"Philosopher\u0027s Stone":14,"SimpleLauncher":7,"CCEMRelics:OrganicArmor":19,"CCEMRelics:Barrel":4,"Happy Flower":7,"Gensokyo:CelestialsFlawlessClothing":5,"Orichalcum":23,"MawBank":11,"Medical Kit":20,"Mercury Hourglass":21,"Strange Spoon":7,"OrangePellets":20,"Anchor":20,"Shuriken":13,"Gensokyo:YoukaiFlower":4,"CCEMRelics:GrindingGear":10,"Bag of Marbles":22,"MiniHakkero":0,"Membership Card":21,"Gensokyo:MarisaImprobabilityPotion":8,"Toy Ornithopter":12,"Meat on the Bone":24},{"Darkstone Periapt":11,"AmplifyWand":88,"Gremlin Horn":43,"CCEMRelics:WrappedPresent":76,"Gensokyo:MarisaIngredientList":14,"CCEMRelics:Pendulum":87,"Mango":35,"expansioncontent:StudyCardRelic":23,"Ancient Tea Set":18,"Frozen Eye":45,"Lizard Tail":76,"Centennial Puzzle":83,"Mummified Hand":69,"Sundial":77,"Gambling Chip":35,"Toolbox":76,"Philosopher\u0027s Stone":56,"SimpleLauncher":27,"CCEMRelics:OrganicArmor":72,"CCEMRelics:Barrel":14,"Happy Flower":27,"Gensokyo:CelestialsFlawlessClothing":18,"Orichalcum":90,"MawBank":41,"Medical Kit":76,"Mercury Hourglass":77,"Strange Spoon":27,"OrangePellets":76,"Anchor":76,"Shuriken":49,"Gensokyo:YoukaiFlower":14,"CCEMRelics:GrindingGear":38,"Bag of Marbles":87,"MiniHakkero":0,"Membership Card":83,"Gensokyo:MarisaImprobabilityPotion":30,"Toy Ornithopter":42,"Meat on the Bone":91}],"Toy Ornithopter":15},"card_choices":[{"not_picked":["IllusionStar","SporeBomb"],"picked":"WitchOfGreed","floor":1.0},{"not_picked":["PulseMagic","GravityBeat","PowerUp"],"picked":"SKIP","floor":4.0},{"not_picked":["SprinkleStarSeal","6A"],"picked":"ManaRampage","floor":7},{"not_picked":["NonDirectionalLaser","UnstableBomb"],"picked":"MagicAbsorber","floor":8},{"not_picked":["NonDirectionalLaser","MilkyWay"],"picked":"EventHorizon","floor":13},{"not_picked":["SatelliteIllusion","TreasureHunter"],"picked":"StarDustReverie","floor":16},{"not_picked":["GalacticHalo+1","LuminesStrike+1"],"picked":"MilkyWay+1","floor":18},{"not_picked":["SporeBomb+1","ShootTheMoon+1"],"picked":"SprinkleStarSeal+1","floor":22},{"not_picked":["MysteriousBeam","PowerUp","DoubleSpark"],"picked":"SKIP","floor":22},{"not_picked":["DC+1","SuperPerseids"],"picked":"EnergyFlow","floor":24},{"not_picked":["LuminesStrike","OpenUniverse"],"picked":"MagicAbsorber","floor":25},{"not_picked":["WitchLeyline","SuperNova"],"picked":"AsteroidBelt+1","floor":27},{"not_picked":["DC","ChargeUpSpray"],"picked":"GalacticHalo","floor":28},{"not_picked":["DragonMeteor","SprinkleStarSeal"],"picked":"AsteroidBelt","floor":30},{"not_picked":["SuperNova","BlazingStar"],"picked":"FinalSpark","floor":33},{"not_picked":["WitchLeyline","GravityBeat","SprinkleStarSeal"],"picked":"SKIP","floor":35},{"not_picked":["SuperPerseids+1","AsteroidBelt"],"picked":"MilkyWay+1","floor":36},{"not_picked":["OortCloud+1","Robbery+1"],"picked":"EarthLightRay+1","floor":37},{"not_picked":["GravityBeat+1","OneTimeOff"],"picked":"PropBag+1","floor":39},{"not_picked":["AbsoluteMagnitude","IllusionStar"],"picked":"Singularity","floor":40},{"not_picked":["BlazeAway+1","RefractionSpark+1"],"picked":"AsteroidBelt+1","floor":42},{"not_picked":["MachineGunSpark","NonDirectionalLaser+1"],"picked":"EarthLightRay+1","floor":46},{"not_picked":["DarkSpark+1","DC+1","PowerUp+1"],"picked":"SKIP","floor":46},{"not_picked":["ManaConvection+1","UnstableBomb","DoubleSpark"],"picked":"SKIP","floor":54}],"player_experience":306510,"relics_obtained":[{"floor":7,"key":"Darkstone Periapt"},{"floor":9,"key":"CCEMRelics:Barrel"},{"floor":13,"key":"Ancient Tea Set"},{"floor":21,"key":"Happy Flower"},{"floor":24,"key":"Mango"},{"floor":24,"key":"Gambling Chip"},{"floor":26,"key":"CCEMRelics:GrindingGear"},{"floor":27,"key":"MawBank"},{"floor":30,"key":"Shuriken"},{"floor":40,"key":"CCEMRelics:OrganicArmor"},{"floor":44,"key":"Anchor"},{"floor":44,"key":"Lizard Tail"},{"floor":46,"key":"Centennial Puzzle"},{"floor":54,"key":"Orichalcum"}],"event_choices":[],"is_beta":false,"boss_relics":[{"not_picked":["Runic Dome","Tiny House"],"picked":"expansioncontent:StudyCardRelic"},{"not_picked":["Runic Pyramid","Calling Bell"],"picked":"Philosopher\u0027s Stone"}],"items_purged_floors":[47,53],"is_endless":false,"potions_floor_spawned":[4,13,22,24,27,37,46],"ascension_level":0}}