{"host":"1vlnbhbo7cfp1mi8","time":1611150695,"event":{"mods":["BaseMod","Bestiary","Better Third Choice","BetterRewards","Googly Eyes","Minty Spire (QoL Compilation)","Replay The Spire","StSLib","The Jungle","The Marked","The Mystic","The Runesmith"],"gold_per_floor":[118,193,205,205,37,64,79,106,129,133,133],"floor_reached":10,"language":"ENG","playtime":1184,"items_purged":[],"score":80,"play_id":"5e942ae4-7414-4ace-9dcf-d22653f97dc9","local_time":"20210120155135","is_ascension_mode":true,"campfire_choices":[],"circlet_count":0,"master_deck":["Runesmith:Strike_RS","Runesmith:Strike_RS","Runesmith:Strike_RS","Runesmith:Strike_RS","Runesmith:Defend_RS","Runesmith:Defend_RS","Runesmith:Defend_RS","Runesmith:Defend_RS","Runesmith:CraftFirestone","Runesmith:Fortify","Runesmith:Refine","Runesmith:OneForEveryone","Trip","Runesmith:Permafrost","Runesmith:Grindstone","Runesmith:CraftVitae","Spreading Infection","Runesmith:LithiumIon","Swift Strike","Runesmith:Repurpose","Runesmith:MakeshiftArmor"],"relics":["Runesmith:BrokenRuby","Incense Burner","Lee\u0027s Waffle","Ring of Searing","MealTicket","Blood Vial","Replay:Bandana"],"acts_visited":["Exordium"],"potions_floor_usage":[8,10],"damage_taken":[{"damage":10,"enemies":"Small Slimes","floor":1,"turns":2},{"damage":7,"enemies":"Jaw Worm","floor":3,"turns":4},{"damage":19,"enemies":"3 Sentries","floor":6,"turns":9},{"damage":0,"enemies":"2 Louse","floor":7,"turns":2},{"damage":29,"enemies":"Gremlin Nob","floor":8,"turns":5},{"damage":4,"enemies":"3 Sentries","floor":10,"turns":1}],"seed_played":"-6973718424771155844","potions_obtained":[{"floor":6,"key":"Energy Potion"},{"floor":8,"key":"ColorlessPotion"}],"is_trial":false,"path_per_floor":["M","?","M","?","$","E","M","E","T","E"],"character_chosen":"RUNESMITH_CLASS","items_purchased":["Runesmith:Refine","Runesmith:OneForEveryone","Trip","Runesmith:Permafrost","Lee\u0027s Waffle","Runesmith:LithiumIon","Swift Strike"],"campfire_rested":0,"item_purchase_floors":[0,0,0,0,0,5,5],"current_hp_per_floor":[67,56,49,49,49,30,30,1,1,0,0],"gold":133,"neow_bonus":"","is_daily":false,"chose_seed":false,"campfire_upgraded":0,"win_rate":0.0,"timestamp":1611150695,"path_taken":["M","?","M","?","?","E","M","E","T","E"],"items_purchased_type":["Card","Card","Card","Card","Relic","Card","Card"],"build_version":"2020-12-22","purchased_purges":0,"victory":false,"max_hp_per_floor":[77,77,77,77,77,77,77,77,77,77,77],"card_choices":[{"not_picked":["Runesmith:EarthShield","Runesmith:ChiselStab"],"picked":"Runesmith:Grindstone","floor":1},{"not_picked":["Runesmith:Malloc","Runesmith:LithiumIon"],"picked":"Runesmith:CraftVitae","floor":3},{"not_picked":["Runesmith:UnstableHammer","Runesmith:LastStand"],"picked":"Runesmith:Repurpose","floor":6},{"not_picked":["Runesmith:CraftProtectio","Runesmith:ChiselStab","Runesmith:MakeshiftArmor"],"picked":"SKIP","floor":7},{"not_picked":["Runesmith:Overpower","Runesmith:GenerateForcefield"],"picked":"Runesmith:MakeshiftArmor","floor":8}],"player_experience":136163,"relics_obtained":[{"floor":4,"key":"Ring of Searing"},{"floor":6,"key":"MealTicket"},{"floor":8,"key":"Blood Vial"},{"floor":9,"key":"Replay:Bandana"}],"event_choices":[{"damage_healed":0,"gold_gain":75,"player_choice":"Gold","damage_taken":11,"max_hp_gain":0,"max_hp_loss":0,"event_name":"betterThird:BetterGoop","floor":2,"gold_loss":0}],"is_beta":false,"boss_relics":[],"items_purged_floors":[],"is_endless":false,"potions_floor_spawned":[6,8],"killed_by":"3 Sentries","ascension_level":1}}