{"host":"7hbmip3dtj2c23uv","time":1611139323,"event":{"mods":["BaseMod","Colored Map","Downfall","Gremlin Mod","Hermit","Marisa????????","Minty Spire (QoL Compilation)","SOS???????","StSLib","Td1madao Mod","The Cursed","The IronCluck","The Necromancer","The Servant 0.9.4","The Vixen","Waifu the Spire","everything is the same but u backflip on backflip"],"gold_per_floor":[113,131,151,151,74,74,87,87,113,133,161,175,175,194,194,299,299,239,239,239,252,252,284,302,302,302,302,302],"floor_reached":27,"language":"ENG","playtime":1223,"items_purged":[],"score":245,"play_id":"ebc4489f-3be3-48d7-b449-d5edb9a46ce3","local_time":"20210120114203","is_ascension_mode":true,"campfire_choices":[{"data":"Fusion","floor":6,"key":"SMITH"},{"data":"Defragment","floor":8,"key":"SMITH"},{"floor":13,"key":"REST"},{"data":"Loop","floor":15,"key":"SMITH"},{"floor":25,"key":"REST"}],"circlet_count":0,"master_deck":["Strike_B","Strike_B","Strike_B","Defend_B","Defend_B","Defend_B","Defend_B","Zap+1","Dualcast","Cold Snap","Genetic Algorithm","Fusion+1","Defragment+1","Ball Lightning","Loop+1","Redo+1","downfall:Bewildered","Self Repair","Hologram"],"relics":["FrozenCore","Regal Pillow","Pen Nib","sneckomod:BabySnecko","Nloth\u0027s Gift","Lantern","Kunai"],"acts_visited":["Exordium","TheCity"],"potions_floor_usage":[16,16],"damage_taken":[{"damage":0,"enemies":"2 Louse","floor":1,"turns":2},{"damage":0,"enemies":"Small Slimes","floor":2,"turns":4},{"damage":2,"enemies":"Cultist","floor":3,"turns":4},{"damage":0,"enemies":"Large Slime","floor":7,"turns":7},{"damage":4,"enemies":"Lots of Slimes","floor":10,"turns":6},{"damage":13,"enemies":"Lagavulin","floor":11,"turns":6},{"damage":6,"enemies":"Looter","floor":12,"turns":3},{"damage":1,"enemies":"Red Slaver","floor":14,"turns":4},{"damage":5,"enemies":"Slime Boss","floor":16,"turns":4},{"damage":4,"enemies":"2 Thieves","floor":18,"turns":4},{"damage":18,"enemies":"Chosen","floor":21,"turns":6},{"damage":36,"enemies":"Book of Stabbing","floor":23,"turns":7},{"damage":17,"enemies":"Snake Plant","floor":24,"turns":5},{"damage":52,"enemies":"Gremlin Leader","floor":27,"turns":4}],"seed_played":"-4345215581714872185","potions_obtained":[{"floor":3,"key":"Ancient Potion"},{"floor":7,"key":"SneckoOil"},{"floor":11,"key":"FearPotion"},{"floor":12,"key":"FocusPotion"},{"floor":24,"key":"hexamod:SoulburnPotion"}],"is_trial":false,"path_per_floor":["M","M","M","?","$","R","M","R","T","M","E","M","R","M","R","B",null,"M","?","?","M","?","E","M","R","T","E"],"character_chosen":"DEFECT","items_purchased":["Fusion"],"campfire_rested":2,"item_purchase_floors":[5],"current_hp_per_floor":[75,75,73,66,66,66,66,66,66,62,49,43,75,74,74,69,75,71,71,71,53,53,24,14,51,51,0,0],"gold":302,"neow_bonus":"RANDOM_COMMON_RELIC","is_daily":false,"chose_seed":false,"campfire_upgraded":3,"win_rate":0.0,"timestamp":1611139323,"path_taken":["M","M","M","?","$","R","M","R","T","M","E","M","R","M","R","BOSS","M","?","?","?","?","E","?","R","T","E"],"items_purchased_type":["Card"],"build_version":"2020-12-22","purchased_purges":0,"victory":false,"max_hp_per_floor":[75,75,75,75,75,75,75,75,75,75,75,75,75,75,75,75,75,75,75,75,75,75,75,75,75,75,75,75],"card_choices":[{"not_picked":["Storm","Chaos"],"picked":"Cold Snap","floor":1},{"not_picked":["Undo","Redo"],"picked":"Genetic Algorithm","floor":2},{"not_picked":["Genetic Algorithm","Force Field","Conserve Battery"],"picked":"SKIP","floor":3},{"not_picked":["Cold Snap","Compile Driver"],"picked":"Defragment","floor":7},{"not_picked":["Leap","Gash"],"picked":"Ball Lightning","floor":10},{"not_picked":["Steam","Ball Lightning"],"picked":"Loop","floor":11},{"not_picked":["Redo","Leap","Force Field"],"picked":"SKIP","floor":12},{"not_picked":["Stack","Storm","Leap"],"picked":"SKIP","floor":14},{"not_picked":["Beam Cell","Steam"],"picked":"Redo+1","floor":18},{"not_picked":["Compile Driver","Sweeping Beam"],"picked":"Self Repair","floor":21},{"not_picked":["Genetic Algorithm","Steam Power","Biased Cognition"],"picked":"SKIP","floor":23},{"not_picked":["Force Field","Redo"],"picked":"Hologram","floor":24}],"player_experience":21672,"relics_obtained":[{"floor":9,"key":"Regal Pillow"},{"floor":11,"key":"Pen Nib"},{"floor":23,"key":"Lantern"},{"floor":26,"key":"Kunai"}],"event_choices":[{"cards_removed":["Strike_B"],"damage_healed":0,"gold_gain":0,"player_choice":"Card Removal","damage_taken":7,"max_hp_gain":0,"max_hp_loss":0,"event_name":"Golden Wing","floor":4,"gold_loss":0},{"damage_healed":0,"gold_gain":0,"player_choice":"Upgraded","damage_taken":0,"max_hp_gain":0,"max_hp_loss":0,"event_name":"Upgrade Shrine","floor":20,"gold_loss":0,"cards_upgraded":["Zap"]},{"damage_healed":0,"gold_gain":0,"player_choice":"Traded Relic","damage_taken":0,"relics_obtained":["Nloth\u0027s Gift"],"max_hp_gain":0,"max_hp_loss":0,"event_name":"N\u0027loth","floor":22,"relics_lost":["Anchor"],"gold_loss":0}],"is_beta":false,"boss_relics":[{"not_picked":["Cursed Key","Velvet Choker"],"picked":"FrozenCore"}],"items_purged_floors":[],"is_endless":false,"potions_floor_spawned":[3,7,11,12,24],"killed_by":"Gremlin Leader","ascension_level":1}}