{"host":"s5d39dhq0ddhxhke","time":1611126496,"event":{"mods":["AchievementEnabler","BaseMod","Colored Map","Minty Spire (QoL Compilation)","SuperFastMode"],"gold_per_floor":[110,130,147,165,185,185,214,232,232,232,232,232,308,308,308,436,436,452,452,471,471,471],"floor_reached":21,"language":"ENG","playtime":1163,"items_purged":[],"score":289,"play_id":"7066fce7-f26e-48f2-8ae7-a8ce0b6d72cd","local_time":"20210120090816","is_ascension_mode":true,"campfire_choices":[{"data":"Evolve","floor":6,"key":"SMITH"},{"floor":15,"key":"REST"}],"circlet_count":0,"master_deck":["AscendersBane","Strike_R","Strike_R","Strike_R","Strike_R","Strike_R","Defend_R","Defend_R","Defend_R","Defend_R","Bash","Cleave","Feel No Pain+1","Wild Strike","Evolve+1","Carnage","Fiend Fire","Sentinel","Burning Pact+1"],"relics":["Mark of Pain","Smiling Mask","Incense Burner","Golden Idol","Spirit Poop","Runic Cube"],"acts_visited":["Exordium","TheCity"],"potions_floor_usage":[7,16,21],"damage_taken":[{"damage":1,"enemies":"2 Louse","floor":1,"turns":4},{"damage":0,"enemies":"Jaw Worm","floor":2,"turns":3},{"damage":0,"enemies":"Cultist","floor":3,"turns":2},{"damage":26,"enemies":"Gremlin Gang","floor":4,"turns":6},{"damage":9,"enemies":"3 Louse","floor":5,"turns":4},{"damage":5,"enemies":"3 Sentries","floor":7,"turns":6},{"damage":14,"enemies":"Exordium Wildlife","floor":8,"turns":4},{"damage":19,"enemies":"Slime Boss","floor":16,"turns":8},{"damage":31,"enemies":"2 Thieves","floor":18,"turns":4},{"damage":21,"enemies":"Spheric Guardian","floor":20,"turns":5},{"damage":17,"enemies":"Shelled Parasite and Fungi","floor":21,"turns":5}],"seed_played":"5455498964876928436","potions_obtained":[{"floor":1,"key":"Fire Potion"},{"floor":4,"key":"Ancient Potion"},{"floor":8,"key":"Fruit Juice"},{"floor":20,"key":"BloodPotion"}],"is_trial":false,"path_per_floor":["M","M","M","M","M","R","E","M","T","?","?","$","?","?","R","B",null,"M","$","M","M"],"character_chosen":"IRONCLAD","items_purchased":[],"campfire_rested":1,"item_purchase_floors":[],"current_hp_per_floor":[71,71,71,45,36,36,31,17,17,17,17,17,17,17,41,27,71,40,40,19,19,19],"gold":471,"neow_bonus":"BOSS_RELIC","is_daily":false,"chose_seed":false,"campfire_upgraded":1,"win_rate":0.0,"timestamp":1611126496,"path_taken":["M","M","M","M","M","R","E","M","T","?","?","$","?","?","R","BOSS","M","$","M","M"],"items_purchased_type":[],"build_version":"2020-12-22","purchased_purges":0,"victory":false,"max_hp_per_floor":[80,80,80,80,80,80,80,80,80,80,80,80,80,80,80,85,85,85,85,85,85,85],"card_choices":[{"not_picked":["Flame Barrier","Shrug It Off"],"picked":"Cleave","floor":1},{"not_picked":["Twin Strike","Wild Strike"],"picked":"Feel No Pain","floor":2},{"not_picked":["Thunderclap","Havoc","Body Slam"],"picked":"SKIP","floor":3},{"not_picked":["Twin Strike","Shrug It Off"],"picked":"Wild Strike","floor":4},{"not_picked":["Heavy Blade","Clash"],"picked":"Evolve","floor":5},{"not_picked":["Reaper","Inflame"],"picked":"Carnage","floor":7},{"not_picked":["Shrug It Off","Iron Wave","Thunderclap"],"picked":"SKIP","floor":8},{"not_picked":["Feed","Offering"],"picked":"Fiend Fire","floor":16},{"not_picked":["Shockwave","Rupture"],"picked":"Sentinel","floor":18},{"not_picked":["Headbutt","Dark Embrace+1"],"picked":"Burning Pact+1","floor":20}],"player_experience":445233,"relics_obtained":[{"floor":7,"key":"Smiling Mask"},{"floor":9,"key":"Incense Burner"}],"event_choices":[{"damage_healed":0,"gold_gain":0,"player_choice":"Grow","damage_taken":0,"max_hp_gain":0,"max_hp_loss":0,"event_name":"Living Wall","floor":10,"gold_loss":0,"cards_upgraded":["Feel No Pain"]},{"damage_healed":0,"gold_gain":0,"player_choice":"Take Wound","damage_taken":0,"relics_obtained":["Golden Idol"],"max_hp_gain":0,"max_hp_loss":0,"event_name":"Golden Idol","floor":11,"gold_loss":0,"cards_obtained":["Injury"]},{"damage_healed":0,"gold_gain":76,"player_choice":"Gained Gold","damage_taken":0,"max_hp_gain":0,"max_hp_loss":0,"event_name":"Golden Wing","floor":13,"gold_loss":0},{"cards_removed":["Injury"],"damage_healed":0,"gold_gain":0,"player_choice":"Offered Curse","damage_taken":0,"relics_obtained":["Spirit Poop"],"max_hp_gain":0,"max_hp_loss":0,"event_name":"Bonfire Elementals","floor":14,"gold_loss":0}],"is_beta":false,"boss_relics":[{"not_picked":["Snecko Eye","Ectoplasm"],"picked":"Runic Cube"}],"items_purged_floors":[],"is_endless":false,"potions_floor_spawned":[1,4,5,8,20],"killed_by":"Shelled Parasite and Fungi","ascension_level":12}}