{"host":"njb27ds59h4j3ikk","time":1611178186,"event":{"mods":["AchievementEnabler","BaseMod","Better Altar","Better Match","Better Note","Better Sensory Stone","Better Skull","Better Third Choice","BetterRewards","Downfall","Hermit","Hubris","Minty Spire (QoL Compilation)","Permanent Neow","Quarter Circle Forward PUNCH!","Quick Restart","Rare Cards Sparkle","Shop Mod","StSLib","Trackpad","Transform Curses"],"gold_per_floor":[119,130,140,157,174,174,201,233,264,276,288,300,339,336,348,460,472,497,525,537,649,673,702,714,760,165,165,178,178,195,207,107,204,204,218,235,235,280,295,324,324,342,342,373,384,419,419,446,246,246,246,246,246],"floor_reached":52,"language":"ENG","playtime":2802,"items_purged":[],"score":1089,"play_id":"b35881af-88af-461d-9f6a-7913b527b4f2","local_time":"20210120162946","is_ascension_mode":true,"campfire_choices":[{"floor":6.0,"key":"REST"},{"data":"hermit:Brawl","floor":15,"key":"SMITH"},{"floor":32,"key":"REST"},{"floor":43,"key":"REST"},{"floor":47,"key":"RECALL"},{"data":"Wild Strike","floor":49,"key":"SMITH"}],"circlet_count":0,"master_deck":["hermit:Strike_Hermit","hermit:Strike_Hermit","hermit:Strike_Hermit","hermit:Strike_Hermit","hermit:Defend_Hermit","hermit:Defend_Hermit","hermit:Defend_Hermit","hermit:Defend_Hermit","hermit:Snapshot","hermit:Covet","hermit:Feint","hermit:Horror","hermit:Enervate","hermit:WideOpen","hermit:Quickdraw","hermit:Dissolve+1","hermit:Misfire","Parasite","hermit:Reprieve","hermit:Brawl+1","hermit:Adapt","hermit:Grudge+1","hermit:Headshot","hermit:Maintenance+1","downfall:Bewildered","Writhe","downfall:Bewildered","Regret","downfall:Aged","Doubt","hermit:Gambit","hermit:TrackingShot+1","hermit:Roulette","hermit:Magnum","hermit:Misfire","hermit:Vantage","hermit:Dissolve","hermit:Roulette+1","hermit:FinalCanter","hermit:PistolWhip+1","hermit:Snipe+1","hermit:SprayPray","hermit:GhostlyPresence","hermit:WideOpen+1","Parasite","Slice","hermit:Glare+1","Thunderclap","hermit:Shortfuse+1","Wild Strike+1","hermit:HighCaliber+1","CutThroughFate","hermit:ItchyTrigger+1","Backflip","hermit:PistolWhip+1"],"relics":["hermit:Momento","MawBank","downfall:ShatteredFragment","Bag of Marbles","bronze:MakeshiftBattery","Darkstone Periapt","hubris:BottledRain","trackpad:BiPhaseBiplane","Ice Cream","Oddly Smooth Stone","hubris:Icosahedron","downfall:HeartBlessingBlue","hermit:DentedPlate","hubris:Spice","qcfpunch:School_Backpack","Eternal Feather","qcfpunch:Red_Headband","Regal Pillow","downfall:HeartBlessingRed","downfall:HeartBlessingGreen"],"acts_visited":["Exordium","TheCity","TheBeyond","TheEnding"],"potions_floor_usage":[16,16,16,33,35,38,38,44,52],"damage_taken":[{"damage":0.0,"enemies":"Cultist","floor":1.0,"turns":4.0},{"damage":0.0,"enemies":"Small Slimes","floor":2.0,"turns":3.0},{"damage":6.0,"enemies":"Jaw Worm","floor":3.0,"turns":2.0},{"damage":8.0,"enemies":"Red Slaver","floor":4.0,"turns":3.0},{"damage":11.0,"enemies":"3 Louse","floor":5.0,"turns":3.0},{"damage":0.0,"enemies":"Large Slime","floor":8.0,"turns":4.0},{"damage":0,"enemies":"Exordium Wildlife","floor":9,"turns":4},{"damage":0,"enemies":"Gremlin Nob","floor":13,"turns":3},{"damage":0,"enemies":"downfall:FleeingMerchant","floor":14,"turns":4},{"damage":25,"enemies":"WA_ARCHETYPE_RETAIN","floor":16,"turns":6},{"damage":0,"enemies":"Chosen","floor":18,"turns":4},{"damage":14,"enemies":"Spheric Guardian","floor":19,"turns":4},{"damage":40,"enemies":"Snake Plant","floor":22,"turns":6},{"damage":13,"enemies":"Cultist and Chosen","floor":23,"turns":5},{"damage":7,"enemies":"Slavers","floor":25,"turns":2},{"damage":0,"enemies":"downfall:FleeingMerchant","floor":26,"turns":4},{"damage":41,"enemies":"3 Cultists","floor":28,"turns":6},{"damage":32,"enemies":"Shelled Parasite and Fungi","floor":30,"turns":5},{"damage":31,"enemies":"Centurion and Healer","floor":31,"turns":5},{"damage":40,"enemies":"IC_MUSHROOM_ARCHETYPE","floor":33,"turns":6},{"damage":20,"enemies":"3 Darklings","floor":35,"turns":5},{"damage":9,"enemies":"Orb Walker","floor":36,"turns":3},{"damage":19,"enemies":"2 Orb Walkers","floor":38,"turns":4},{"damage":0,"enemies":"Transient","floor":39,"turns":5},{"damage":47,"enemies":"Reptomancer","floor":40,"turns":7},{"damage":18,"enemies":"Writhing Mass","floor":42,"turns":5},{"damage":45,"enemies":"Nemesis","floor":44,"turns":5},{"damage":21,"enemies":"4 Shapes","floor":45,"turns":2},{"damage":25,"enemies":"Giant Head","floor":46,"turns":7},{"damage":12,"enemies":"Nemesis","floor":48,"turns":5},{"damage":59,"enemies":"SI_POISON_ARCHETYPE","floor":50,"turns":9},{"damage":137,"enemies":"downfall:CharBossMerchant","floor":52,"turns":6}],"seed_played":"8836795432744681479","potions_obtained":[{"floor":2.0,"key":"EssenceOfSteel"},{"floor":3.0,"key":"FearPotion"},{"floor":5.0,"key":"Ancient Potion"},{"floor":8.0,"key":"LiquidMemories"},{"floor":16,"key":"BlessingOfTheForge"},{"floor":18,"key":"PowerPotion"},{"floor":19,"key":"sneckomod:MuddlingPotion"},{"floor":33,"key":"DistilledChaos"},{"floor":35,"key":"bronze:BurnAndBuffPotion"},{"floor":42,"key":"hermit:Tonic"},{"floor":44,"key":"SpeedPotion"},{"floor":45,"key":"hermit:Tonic"}],"is_trial":false,"path_per_floor":["M","M","M","M","M","R","T","M","M","?","?","?","E","$","R","B",null,"M","M","?","?","M","M","T","E","$","?","M","?","M","M","R","B",null,"M","M","?","?","M","E","T","M","R","E","M","E","R","E","R","B",null,"E"],"character_chosen":"HERMIT","items_purchased":["trackpad:BiPhaseBiplane","Ice Cream","Oddly Smooth Stone"],"campfire_rested":3,"item_purchase_floors":[26,26,26],"current_hp_per_floor":[68,68,62,54,43,69,69,69,69,69,89,77,77,77,77,52,89,89,75,75,116,76,63,63,56,68,68,39,82,50,39,91,63,95,75,66,66,55,59,36,36,40,122,93,72,63,93,117,150,111,111,0,0],"gold":246,"neow_bonus":"TWENTY_PERCENT_HP_BONUS","is_daily":false,"chose_seed":false,"campfire_upgraded":2,"win_rate":0.0,"timestamp":1611178186,"path_taken":["M","M","?","?","M","R","T","M","M","?","?","?","E","$","R","BOSS","M","M","?","?","M","M","T","E","$","?","M","?","M","?","R","BOSS","M","M","?","?","M","E","T","M","R","E","M","E","R","E","R","BOSS","E"],"items_purchased_type":["Relic","Relic","Relic"],"build_version":"2020-12-22","purchased_purges":0,"victory":false,"max_hp_per_floor":[89,89,89,89,89,89,89,89,89,89,89,89,89,89,89,89,89,89,89,89,130,130,130,130,130,130,130,130,130,130,130,140,140,172,172,172,172,180,180,180,180,186,186,186,186,186,186,194,194,194,194,194,194],"card_choices":[{"not_picked":["hermit:Misfire","hermit:ItchyTrigger"],"picked":"hermit:Feint","floor":1.0},{"not_picked":["hermit:BodyArmor","hermit:Headshot"],"picked":"hermit:Horror","floor":2.0},{"not_picked":["hermit:Feint","hermit:Maintenance"],"picked":"hermit:Enervate","floor":3.0},{"not_picked":["hermit:TrackingShot","hermit:Quickdraw"],"picked":"hermit:WideOpen","floor":4.0},{"not_picked":["hermit:Headshot","hermit:GoldenBullet"],"picked":"hermit:Quickdraw","floor":5.0},{"not_picked":["hermit:ShadowCloak","hermit:Quickdraw"],"picked":"hermit:Dissolve","floor":8.0},{"not_picked":["hermit:Manifest","hermit:Headshot"],"picked":"hermit:Misfire","floor":9},{"not_picked":["hermit:NoHoldsBarred","hermit:Misfire"],"picked":"hermit:Reprieve","floor":13},{"not_picked":["hermit:HoleUp","hermit:DeadMansHand"],"picked":"hermit:Brawl","floor":14},{"not_picked":["hermit:Gambit","hermit:FinalCanter"],"picked":"hermit:Adapt","floor":16},{"not_picked":["hermit:BodyArmor+1","hermit:Glare"],"picked":"hermit:Grudge+1","floor":18},{"not_picked":["hermit:EyeOfTheStorm","hermit:Roulette"],"picked":"hermit:Headshot","floor":19},{"not_picked":["hermit:Showdown+1","hermit:TakeCover"],"picked":"hermit:TrackingShot+1","floor":22},{"not_picked":["hermit:Brawl","hermit:Glare"],"picked":"hermit:Roulette","floor":23},{"not_picked":["hermit:ItchyTrigger","hermit:TakeAim"],"picked":"hermit:Magnum","floor":25},{"not_picked":["hermit:Vantage","hermit:Enervate"],"picked":"hermit:Misfire","floor":26},{"not_picked":["hermit:Quickdraw","hermit:Headshot"],"picked":"hermit:Vantage","floor":28},{"not_picked":["hermit:Snipe","hermit:Scavenge"],"picked":"hermit:Dissolve","floor":30},{"not_picked":["hermit:Deadeye","hermit:WideOpen"],"picked":"hermit:Roulette+1","floor":31},{"not_picked":["hermit:BlackWind","hermit:Roughhouse"],"picked":"hermit:FinalCanter","floor":33},{"not_picked":["hermit:BodyArmor+1","hermit:Shortfuse"],"picked":"hermit:PistolWhip+1","floor":35},{"not_picked":["hermit:Headshot","hermit:TrackingShot"],"picked":"hermit:Snipe+1","floor":36},{"not_picked":["hermit:WideOpen+1","hermit:HighCaliber"],"picked":"hermit:SprayPray","floor":38},{"not_picked":["hermit:Showdown+1","hermit:LoneWolf"],"picked":"hermit:GhostlyPresence","floor":39},{"not_picked":["hermit:HighNoon","hermit:Reprieve"],"picked":"hermit:WideOpen+1","floor":40},{"not_picked":["Deflect","Distraction"],"picked":"Slice","floor":42},{"not_picked":["hermit:LoneWolf","hermit:Combo"],"picked":"hermit:Glare+1","floor":42},{"not_picked":["hubris:ReadiedAction","Disarm"],"picked":"Thunderclap","floor":44},{"not_picked":["hermit:GhostlyPresence","hermit:Gestalt"],"picked":"hermit:Shortfuse+1","floor":44},{"not_picked":["Whirlwind","Twin Strike"],"picked":"Wild Strike","floor":45},{"not_picked":["hermit:CalledShot+1","hermit:Desperado"],"picked":"hermit:HighCaliber+1","floor":45},{"not_picked":["Consecrate","Meditate"],"picked":"CutThroughFate","floor":46},{"not_picked":["hermit:CalledShot","hermit:LowProfile"],"picked":"hermit:ItchyTrigger+1","floor":46},{"not_picked":["Leg Sweep","Slice"],"picked":"Backflip","floor":48},{"not_picked":["hermit:ItchyTrigger","hermit:Ricochet+1"],"picked":"hermit:PistolWhip+1","floor":48}],"player_experience":1265864,"relics_obtained":[{"floor":7.0,"key":"MawBank"},{"floor":13,"key":"Bag of Marbles"},{"floor":25,"key":"hubris:BottledRain"},{"floor":38,"key":"hubris:Spice"},{"floor":40,"key":"qcfpunch:School_Backpack"},{"floor":41,"key":"Eternal Feather"},{"floor":44,"key":"qcfpunch:Red_Headband"},{"floor":46,"key":"Regal Pillow"},{"floor":48,"key":"hubris:Spice"}],"event_choices":[{"damage_healed":0,"gold_gain":0,"player_choice":"Grow","damage_taken":0,"max_hp_gain":0,"max_hp_loss":0,"event_name":"Living Wall","floor":10,"gold_loss":0,"cards_upgraded":["hermit:Dissolve"]},{"damage_healed":22,"gold_gain":0,"player_choice":"Healed and dodged fight","damage_taken":0,"max_hp_gain":0,"max_hp_loss":0,"event_name":"Mushrooms","floor":11,"gold_loss":0,"cards_obtained":["Parasite"]},{"cards_removed":["hermit:Brawl"],"damage_healed":0,"gold_gain":0,"player_choice":"Take \u0026 Give","damage_taken":0,"max_hp_gain":0,"max_hp_loss":0,"event_name":"betterNote:BetterNote","floor":20,"gold_loss":0,"cards_obtained":["hermit:Maintenance"]},{"damage_healed":43,"gold_gain":0,"player_choice":"Heal","damage_taken":0,"max_hp_gain":0,"max_hp_loss":0,"event_name":"The Library","floor":29,"gold_loss":0},{"damage_healed":0,"gold_gain":0,"player_choice":"Fight","damage_taken":0,"max_hp_gain":0,"max_hp_loss":0,"event_name":"Mysterious Sphere","floor":38,"gold_loss":0}],"is_beta":false,"boss_relics":[{"not_picked":["hubris:VirtuousBlindfold","expansioncontent:StudyCardRelic"],"picked":"bronze:MakeshiftBattery"},{"not_picked":["qcfpunch:Crimson_Sash","Runic Dome"],"picked":"hermit:DentedPlate"}],"items_purged_floors":[],"is_endless":false,"potions_floor_spawned":[2,3,5,8,16,18,19,33,35,42,44,45],"killed_by":"downfall:CharBossMerchant","ascension_level":1}}