{"host":"6p0attdrtjqaih7v","time":1611124413,"event":{"mods":["2.2 Compatiblity","AchievementEnabler","Bard","BaseMod","Better Skull","Better Third Choice","Colored Powertips","Hermit","Highlight Path","Jorbs\u0027s Wanderer Trilogy","Key Reminder","Minty Spire (QoL Compilation)","Permanent Neow","Quick Restart","Random Character Button","Relic Stats","Replay The Spire","Robot Space Explorer","StSLib"],"gold_per_floor":[115,129,146,165,165,165,192,192,239,252,284,298,298,30,30,104,104,119,150,150,164,164,164,164],"floor_reached":23,"language":"ENG","playtime":1005,"items_purged":[],"score":402,"play_id":"a85031fc-17a8-4c92-8ed0-549dbd8d8485","local_time":"20210120013333","is_ascension_mode":true,"campfire_choices":[{"data":"Hyperbeam","floor":6,"key":"SMITH"},{"data":"Mirror Shield","floor":8,"key":"SMITH"},{"data":"Defragment","floor":13,"key":"SMITH"},{"data":"Go for the Eyes","floor":15,"key":"SMITH"}],"circlet_count":0,"master_deck":["AscendersBane","Strike_B","Strike_B","Strike_B","Defend_B","Defend_B","Defend_B","Zap","Dualcast","Redo","Hyperbeam+1","Barrage","Go for the Eyes+1","Lockon","Mirror Shield+1","Cold Snap","Defragment+1","Compile Driver","Buffer","Glacier+1","Sweeping Beam","Barrage"],"relics":["Cracked Core","Snack Pack","Replay:Rubber Ducky","Lantern","Eternal Feather","Black Star","Red Mask","Quantum Egg"],"acts_visited":["Exordium","TheCity"],"potions_floor_usage":[4,7,7,16,19,23],"damage_taken":[{"damage":0,"enemies":"2 Louse","floor":1,"turns":1},{"damage":0,"enemies":"Cultist","floor":2,"turns":2},{"damage":7,"enemies":"Jaw Worm","floor":3,"turns":3},{"damage":1,"enemies":"Looter","floor":4,"turns":2},{"damage":15,"enemies":"Lagavulin","floor":7,"turns":6},{"damage":0,"enemies":"Lots of Slimes","floor":10,"turns":1},{"damage":22,"enemies":"Gremlin Nob","floor":11,"turns":4},{"damage":0,"enemies":"Large Slime","floor":12,"turns":3},{"damage":2,"enemies":"The Guardian","floor":16,"turns":12},{"damage":0,"enemies":"3 Byrds","floor":18,"turns":3},{"damage":15,"enemies":"Masked Bandits","floor":19,"turns":6},{"damage":0,"enemies":"Spheric Guardian","floor":21,"turns":5},{"damage":51,"enemies":"Book of Stabbing","floor":23,"turns":5}],"seed_played":"-7181566151817944582","potions_obtained":[{"floor":2,"key":"AttackPotion"},{"floor":3,"key":"Regen Potion"},{"floor":5,"key":"Swift Potion"},{"floor":11,"key":"Adrenaline Potion"},{"floor":16,"key":"BlessingOfTheForge"},{"floor":19,"key":"Doom Potion"},{"floor":21,"key":"Milkshake"}],"is_trial":false,"path_per_floor":["M","M","M","M","?","R","E","R","T","M","E","M","R","$","R","B",null,"M","?","?","M","?","E"],"character_chosen":"DEFECT","items_purchased":["Eternal Feather"],"campfire_rested":0,"item_purchase_floors":[14],"current_hp_per_floor":[46,46,39,38,38,38,38,38,38,38,18,20,20,20,29,29,61,65,50,50,50,50,0,0],"gold":164,"neow_bonus":"TRANSFORM_TWO_CARDS","is_daily":false,"chose_seed":false,"campfire_upgraded":4,"win_rate":0.0,"timestamp":1611124413,"path_taken":["M","M","M","M","?","R","E","R","T","M","E","M","R","$","R","BOSS","M","?","?","M","?","E"],"items_purchased_type":["Relic"],"build_version":"2020-12-22","purchased_purges":0,"victory":false,"max_hp_per_floor":[71,71,71,71,71,71,71,71,71,71,71,71,71,71,71,71,71,71,71,71,71,71,71,71],"relic_stats":{"counters":[13,53],"Eternal Feather":9,"Black Star":0,"obtain_stats":[{"Lantern":11,"Quantum Egg":22,"Eternal Feather":14,"Snack Pack":7,"Black Star":17,"Red Mask":19,"Cracked Core":0,"Replay:Rubber Ducky":9},{"Lantern":7,"Quantum Egg":12,"Eternal Feather":8,"Snack Pack":5,"Black Star":9,"Red Mask":11,"Cracked Core":0,"Replay:Rubber Ducky":5},{"Lantern":19,"Quantum Egg":48,"Eternal Feather":22,"Snack Pack":14,"Black Star":34,"Red Mask":43,"Cracked Core":0,"Replay:Rubber Ducky":14}]},"card_choices":[{"not_picked":["Streamline","Sweeping Beam"],"picked":"Barrage","floor":1},{"not_picked":["Hologram","Beam Cell"],"picked":"Go for the Eyes","floor":2},{"not_picked":["Rip and Tear","Barrage"],"picked":"Lockon","floor":3},{"not_picked":["Stack","Beam Cell","Heatsinks"],"picked":"SKIP","floor":4},{"not_picked":["Steam","Barrage"],"picked":"Mirror Shield","floor":7},{"not_picked":["Compile Driver","Storm"],"picked":"Cold Snap","floor":10},{"not_picked":["ReplayTheSpireMod:Calculation Training","Conserve Battery"],"picked":"Defragment","floor":11},{"not_picked":["Steam","Aggregate"],"picked":"Compile Driver","floor":12},{"not_picked":["Creative AI","Multi-Cast"],"picked":"Buffer","floor":16},{"not_picked":["Reprogram","Sweeping Beam"],"picked":"Glacier+1","floor":18},{"not_picked":["Undo","Turbo"],"picked":"Sweeping Beam","floor":19},{"not_picked":["Stack","Leap"],"picked":"Barrage","floor":21}],"player_experience":892223,"relics_obtained":[{"floor":7,"key":"Snack Pack"},{"floor":9,"key":"Replay:Rubber Ducky"},{"floor":11,"key":"Lantern"},{"floor":19,"key":"Red Mask"}],"event_choices":[{"damage_healed":0,"gold_gain":0,"player_choice":"Got Potions","damage_taken":0,"max_hp_gain":0,"max_hp_loss":0,"event_name":"Lab","floor":5,"gold_loss":0},{"damage_healed":0,"gold_gain":0,"player_choice":"Fought Bandits","damage_taken":0,"max_hp_gain":0,"max_hp_loss":0,"event_name":"Masked Bandits","floor":19,"gold_loss":0},{"damage_healed":0,"gold_gain":0,"player_choice":"Ignored","damage_taken":0,"max_hp_gain":0,"max_hp_loss":0,"event_name":"The Mausoleum","floor":20,"gold_loss":0},{"damage_healed":0,"gold_gain":0,"player_choice":"Gave Potion","damage_taken":0,"relics_obtained":["Quantum Egg"],"max_hp_gain":0,"max_hp_loss":0,"event_name":"WeMeetAgain","floor":22,"gold_loss":0}],"is_beta":false,"boss_relics":[{"not_picked":["Snecko Heart","Pandora\u0027s Box"],"picked":"Black Star"}],"items_purged_floors":[],"is_endless":false,"potions_floor_spawned":[2,3,11,16,19,21],"killed_by":"Book of Stabbing","ascension_level":20}}