{"host":"h0xw20cia6ppa69g","time":1611123742,"event":{"mods":["AchievementEnabler","BaseMod","Colored Map","Filter the Spire","Googly Eyes","Minty Spire (QoL Compilation)","Relic Stats","StSLib","The Awakened One except there are too many feathers","everything is the same but u backflip on backflip"],"gold_per_floor":[112,187,187,204,222,222,255,255,255,286,286,305,305,305,305,424,424,444,424,442,442,456,494,494,533,533,533,546,577,600,624,624,744,744,765,788,857,172,172,213,213,257,283,297,316,649,649,684,684,684,684,684,119,146,146],"floor_reached":56,"language":"ENG","playtime":4261,"items_purged":["Choke+1"],"score":1454,"play_id":"8269fa93-d565-4456-923d-e853d9805e4d","local_time":"20210120002222","is_ascension_mode":true,"campfire_choices":[{"data":"Calculated Gamble","floor":6.0,"key":"SMITH"},{"data":"Envenom","floor":8.0,"key":"SMITH"},{"floor":15.0,"key":"REST"},{"data":"Wraith Form v2","floor":32,"key":"SMITH"},{"floor":41,"key":"RECALL"},{"data":"Tactician","floor":47,"key":"SMITH"},{"data":"Choke","floor":49,"key":"SMITH"},{"data":"Night Terror","floor":52,"key":"SMITH"}],"circlet_count":0,"master_deck":["Survivor","Neutralize","Escape Plan+1","Dagger Spray","Dodge and Roll","Leg Sweep","Bouncing Flask","Wraith Form v2+1","Calculated Gamble+1","Dodge and Roll+1","Deadly Poison","Caltrops","Envenom+1","Tactician+1","Blade Dance","Backflip+1","Terror","Riddle With Holes+1","Backstab","Tools of the Trade+1","Night Terror+1","CurseOfTheBell","Reflex","Acrobatics+1","Concentrate+1","Footwork+1","Panache+1","Blade Dance+1","Night Terror+1","Terror+1","PiercingWail+1","Tactician+1","Blind+1","Outmaneuver+1","Noxious Fumes+1"],"relics":["Pandora\u0027s Box","Singing Bowl","Matryoshka","Strawberry","Runic Pyramid","Bag of Marbles","Gremlin Horn","Frozen Egg 2","White Beast Statue","Toy Ornithopter","CaptainsWheel","HornCleat","Calling Bell","Blood Vial","Ornamental Fan","Thread and Needle","Incense Burner","Toxic Egg 2","FossilizedHelix","Snake Skull","Bird Faced Urn","Orichalcum","Frozen Eye","Ginger"],"acts_visited":["Exordium","TheCity","TheBeyond","TheEnding"],"potions_floor_usage":[25,28,29,29,33,35,36,37,55,55,55],"damage_taken":[{"damage":4.0,"enemies":"Jaw Worm","floor":1.0,"turns":3.0},{"damage":0.0,"enemies":"Cultist","floor":4.0,"turns":3.0},{"damage":5.0,"enemies":"2 Louse","floor":5.0,"turns":2.0},{"damage":16.0,"enemies":"3 Sentries","floor":7.0,"turns":8.0},{"damage":17.0,"enemies":"Gremlin Nob","floor":10.0,"turns":4.0},{"damage":12.0,"enemies":"Blue Slaver","floor":12.0,"turns":6.0},{"damage":2.0,"enemies":"The Guardian","floor":16.0,"turns":9.0},{"damage":6.0,"enemies":"Chosen","floor":18.0,"turns":4.0},{"damage":6.0,"enemies":"Shell Parasite","floor":20.0,"turns":4.0},{"damage":0.0,"enemies":"Centurion and Healer","floor":22.0,"turns":7.0},{"damage":11.0,"enemies":"Book of Stabbing","floor":23.0,"turns":7.0},{"damage":16,"enemies":"Gremlin Leader","floor":25,"turns":6},{"damage":0,"enemies":"Cultist and Chosen","floor":28,"turns":7},{"damage":21,"enemies":"Slavers","floor":29,"turns":5},{"damage":0,"enemies":"3 Cultists","floor":30,"turns":4},{"damage":0,"enemies":"Shelled Parasite and Fungi","floor":31,"turns":4},{"damage":18,"enemies":"Collector","floor":33,"turns":8},{"damage":12,"enemies":"3 Darklings","floor":35,"turns":7},{"damage":0,"enemies":"3 Shapes","floor":36,"turns":6},{"damage":0,"enemies":"2 Orb Walkers","floor":37,"turns":5},{"damage":2,"enemies":"Nemesis","floor":40,"turns":7},{"damage":0,"enemies":"Reptomancer","floor":42,"turns":5},{"damage":27,"enemies":"Writhing Mass","floor":44,"turns":5},{"damage":0,"enemies":"Transient","floor":45,"turns":5},{"damage":0,"enemies":"Giant Head","floor":48,"turns":12},{"damage":76,"enemies":"Donu and Deca","floor":50,"turns":15},{"damage":5,"enemies":"Shield and Spear","floor":54,"turns":9},{"damage":68,"enemies":"The Heart","floor":55,"turns":12}],"seed_played":"-4032226946570170831","potions_obtained":[{"floor":4.0,"key":"Regen Potion"},{"floor":10.0,"key":"SpeedPotion"},{"floor":19.0,"key":"Fruit Juice"},{"floor":20.0,"key":"EssenceOfSteel"},{"floor":23.0,"key":"Swift Potion"},{"floor":25,"key":"Block Potion"},{"floor":28,"key":"Weak Potion"},{"floor":29,"key":"GhostInAJar"},{"floor":30,"key":"Explosive Potion"},{"floor":33,"key":"FearPotion"},{"floor":35,"key":"Fire Potion"},{"floor":36,"key":"Ancient Potion"},{"floor":37,"key":"FearPotion"},{"floor":54,"key":"Swift Potion"}],"is_trial":false,"path_per_floor":["M","?","?","M","M","R","E","R","T","E","?","M","?","?","R","B",null,"M","?","M","?","M","E","?","E","T","T","M","E","M","M","R","B",null,"M","M","?","$","?","E","R","E","T","M","M","?","R","E","R","B",null,"R","$","E","B",null],"character_chosen":"THE_SILENT","items_purchased":["Toxic Egg 2","Concentrate+1","Footwork+1","Panache+1","Blade Dance+1","GhostInAJar","Tactician+1","Orichalcum","Blind+1","Frozen Eye","Outmaneuver+1"],"campfire_rested":1,"item_purchase_floors":[38,38,38,38,38,38,53,53,53,53,53],"current_hp_per_floor":[66,55,55,55,50,50,34,34,34,24,9,12,12,12,33,31,71,67,67,61,48,50,44,44,28,28,28,35,26,26,26,26,13,89,79,86,91,91,101,99,99,103,103,78,80,80,80,82,82,26,105,105,105,105,62],"gold":146,"neow_bonus":"BOSS_RELIC","is_daily":false,"chose_seed":false,"campfire_upgraded":6,"win_rate":0.0,"timestamp":1611123742,"path_taken":["M","?","?","M","?","R","E","R","T","E","?","M","?","?","R","BOSS","M","?","?","?","M","E","?","E","T","?","M","E","M","M","R","BOSS","M","M","?","$","?","E","R","E","T","M","?","?","R","E","R","BOSS","R","$","E","BOSS"],"items_purchased_type":["Relic","Card","Card","Card","Card","Potion","Card","Relic","Card","Relic","Card"],"build_version":"2020-12-22","purchased_purges":1,"victory":true,"max_hp_per_floor":[70,70,70,70,70,70,70,70,70,77,77,77,71,71,71,71,71,73,73,73,78,80,85,85,85,85,85,87,89,89,89,89,89,89,91,91,91,91,101,101,101,103,103,105,105,105,105,105,105,105,105,105,105,105,105],"relic_stats":{"Blood Vial":12,"Singing Bowl":14,"Gremlin Horn":[21,21],"counters":[28,179],"Ornamental Fan":[144],"Bird Faced Urn":[33],"Pandora\u0027s Box":["Escape Plan","Dagger Spray","Slice","Dodge and Roll","Leg Sweep","Bouncing Flask","Choke","Wraith Form v2","Calculated Gamble","Dodge and Roll"],"Snake Skull":[146],"Ginger":[2],"Orichalcum":[30],"obtain_stats":[{"Singing Bowl":7,"Gremlin Horn":25,"Snake Skull":42,"Incense Burner":37,"Ginger":54,"Blood Vial":34,"Frozen Eye":53,"Matryoshka":9,"HornCleat":29,"Strawberry":10,"Toxic Egg 2":38,"Ring of the Snake":0,"Runic Pyramid":17,"Golden Idol":13,"Thread and Needle":34,"Frozen Egg 2":26,"Orichalcum":53,"White Beast Statue":26,"Calling Bell":34,"CaptainsWheel":27,"Ornamental Fan":34,"Bird Faced Urn":48,"Pandora\u0027s Box":0,"Bag of Marbles":23,"Toy Ornithopter":27,"FossilizedHelix":40},{"Singing Bowl":4,"Gremlin Horn":12,"Snake Skull":22,"Incense Burner":20,"Ginger":27,"Blood Vial":17,"Frozen Eye":26,"Matryoshka":4,"HornCleat":14,"Strawberry":5,"Toxic Egg 2":20,"Ring of the Snake":0,"Runic Pyramid":7,"Golden Idol":6,"Thread and Needle":17,"Frozen Egg 2":12,"Orichalcum":26,"White Beast Statue":12,"Calling Bell":17,"CaptainsWheel":12,"Ornamental Fan":17,"Bird Faced Urn":25,"Pandora\u0027s Box":0,"Bag of Marbles":11,"Toy Ornithopter":12,"FossilizedHelix":21},{"Singing Bowl":16,"Gremlin Horn":63,"Snake Skull":121,"Incense Burner":109,"Ginger":167,"Blood Vial":91,"Frozen Eye":158,"Matryoshka":16,"HornCleat":75,"Strawberry":20,"Toxic Egg 2":109,"Ring of the Snake":0,"Runic Pyramid":35,"Golden Idol":26,"Thread and Needle":91,"Frozen Egg 2":63,"Orichalcum":158,"White Beast Statue":63,"Calling Bell":91,"CaptainsWheel":63,"Ornamental Fan":91,"Bird Faced Urn":143,"Pandora\u0027s Box":0,"Bag of Marbles":57,"Toy Ornithopter":63,"FossilizedHelix":116}],"Toy Ornithopter":43},"card_choices":[{"not_picked":["Prepared","Deflect"],"picked":"Deadly Poison","floor":1.0},{"not_picked":["Outmaneuver","Dagger Spray"],"picked":"Caltrops","floor":4.0},{"not_picked":["Underhanded Strike","Distraction","Deadly Poison"],"picked":"SKIP","floor":5.0},{"not_picked":["Prepared","Dagger Throw"],"picked":"Envenom","floor":7.0},{"not_picked":["Infinite Blades","Masterful Stab"],"picked":"Tactician","floor":10.0},{"not_picked":["Dagger Throw","Dodge and Roll"],"picked":"Blade Dance","floor":12.0},{"not_picked":["A Thousand Cuts","Grand Finale"],"picked":"Die Die Die","floor":16.0},{"not_picked":["Expertise","Underhanded Strike","Infinite Blades"],"picked":"Singing Bowl","floor":18.0},{"not_picked":["Blade Dance","Outmaneuver"],"picked":"Backflip+1","floor":20.0},{"not_picked":["Backflip","Slice+1","Deflect"],"picked":"Singing Bowl","floor":22.0},{"not_picked":["Quick Slash+1","Underhanded Strike+1"],"picked":"Terror","floor":23.0},{"not_picked":["Deflect","Setup+1"],"picked":"Riddle With Holes+1","floor":25},{"not_picked":["Poisoned Stab","Dagger Throw","Infinite Blades+1"],"picked":"Singing Bowl","floor":28},{"not_picked":["Sucker Punch","Deadly Poison","All Out Attack"],"picked":"Singing Bowl","floor":29},{"not_picked":["Backflip","Sucker Punch"],"picked":"Backstab","floor":30},{"not_picked":["Sucker Punch","Slice"],"picked":"Tools of the Trade+1","floor":31},{"not_picked":["Unload","Storm of Steel"],"picked":"Night Terror","floor":33},{"not_picked":["Quick Slash","Prepared","Poisoned Stab"],"picked":"Singing Bowl","floor":35},{"not_picked":["Dagger Throw+1","Blade Dance+1"],"picked":"Reflex","floor":36},{"not_picked":["Flying Knee+1","Predator+1"],"picked":"Acrobatics+1","floor":37},{"not_picked":["Calculated Gamble+1","Underhanded Strike+1"],"picked":"Night Terror+1","floor":40},{"not_picked":["Dagger Throw","Expertise+1","Backflip+1"],"picked":"Singing Bowl","floor":42},{"not_picked":["Choke","Riddle With Holes","Dagger Spray+1"],"picked":"Singing Bowl","floor":44},{"not_picked":["Bane+1","Catalyst+1"],"picked":"Terror+1","floor":45},{"not_picked":["Flying Knee","Escape Plan+1"],"picked":"PiercingWail+1","floor":48},{"not_picked":["Predator+1","Blade Dance+1"],"picked":"Noxious Fumes+1","floor":54}],"player_experience":3730904,"relics_obtained":[{"floor":7.0,"key":"Singing Bowl"},{"floor":9.0,"key":"Matryoshka"},{"floor":10.0,"key":"Strawberry"},{"floor":23.0,"key":"Bag of Marbles"},{"floor":25,"key":"Gremlin Horn"},{"floor":26,"key":"Frozen Egg 2"},{"floor":26,"key":"White Beast Statue"},{"floor":27,"key":"Toy Ornithopter"},{"floor":27,"key":"CaptainsWheel"},{"floor":29,"key":"HornCleat"},{"floor":34,"key":"Blood Vial"},{"floor":34,"key":"Ornamental Fan"},{"floor":34,"key":"Thread and Needle"},{"floor":37,"key":"Incense Burner"},{"floor":40,"key":"FossilizedHelix"},{"floor":42,"key":"Snake Skull"},{"floor":48,"key":"Bird Faced Urn"},{"floor":54,"key":"Ginger"}],"event_choices":[{"damage_healed":0.0,"max_hp_gain":0.0,"max_hp_loss":0.0,"gold_gain":75.0,"event_name":"World of Goop","player_choice":"Gather Gold","floor":2.0,"gold_loss":0.0,"damage_taken":11.0},{"cards_removed":["Slice"],"damage_healed":0.0,"max_hp_gain":0.0,"max_hp_loss":0.0,"gold_gain":0.0,"event_name":"Wheel of Change","player_choice":"Card Removal","floor":3.0,"gold_loss":0.0,"damage_taken":0.0},{"damage_healed":0.0,"max_hp_gain":0.0,"max_hp_loss":0.0,"gold_gain":0.0,"event_name":"Shining Light","player_choice":"Entered Light","floor":11.0,"gold_loss":0.0,"damage_taken":15.0,"cards_upgraded":["Dodge and Roll","Escape Plan"]},{"damage_healed":0.0,"max_hp_gain":0.0,"max_hp_loss":6.0,"gold_gain":0.0,"event_name":"Golden Idol","player_choice":"Lose Max HP","floor":13.0,"gold_loss":0.0,"damage_taken":0.0,"relics_obtained":["Golden Idol"]},{"damage_healed":0.0,"max_hp_gain":0.0,"max_hp_loss":0.0,"gold_gain":0.0,"event_name":"NoteForYourself","player_choice":"Ignored","floor":14.0,"gold_loss":0.0,"damage_taken":0.0},{"damage_healed":0.0,"max_hp_gain":0.0,"max_hp_loss":0.0,"gold_gain":0.0,"event_name":"The Woman in Blue","player_choice":"Bought 1 Potion","floor":19.0,"gold_loss":0.0,"damage_taken":0.0},{"damage_healed":0.0,"max_hp_gain":5.0,"max_hp_loss":0.0,"gold_gain":0.0,"event_name":"Forgotten Altar","player_choice":"Shed Blood","floor":21.0,"gold_loss":0.0,"damage_taken":18.0},{"damage_healed":0.0,"max_hp_gain":0.0,"max_hp_loss":0.0,"gold_gain":0.0,"event_name":"Ghosts","player_choice":"Ignored","floor":24.0,"gold_loss":0.0,"damage_taken":0.0},{"damage_healed":0,"gold_gain":0,"player_choice":"Fight","damage_taken":0,"max_hp_gain":0,"max_hp_loss":0,"event_name":"Mysterious Sphere","floor":37,"gold_loss":0},{"cards_removed":["Die Die Die"],"damage_healed":0,"gold_gain":0,"player_choice":"Offered Rare","damage_taken":0,"max_hp_gain":10,"max_hp_loss":0,"event_name":"Bonfire Elementals","floor":39,"gold_loss":0},{"damage_healed":0,"gold_gain":333,"player_choice":"Gave Idol","damage_taken":0,"max_hp_gain":0,"max_hp_loss":0,"event_name":"The Moai Head","floor":46,"relics_lost":["Golden Idol"],"gold_loss":0}],"is_beta":false,"boss_relics":[{"not_picked":["Black Star","Ectoplasm"],"picked":"Runic Pyramid"},{"not_picked":["Empty Cage","Runic Dome"],"picked":"Calling Bell"}],"items_purged_floors":[53],"is_endless":false,"potions_floor_spawned":[4,10,20,23,25,28,29,30,31,33,35,36,37,40,42,44,45,48,54],"ascension_level":1}}