{"host":"u1dfzl6o6mfmauc3","time":1611101918,"event":{"mods":["2.2 Compatiblity","AchievementEnabler","BaseMod","Block Reminder","Challenge The Spire","Dark Map","Hermit","Minty Spire (QoL Compilation)","Relic Stats","Robot Space Explorer","StSLib","The Disciple"],"gold_per_floor":[115,190,365,382,26,57,57,135,160,160,186,205,232,25,25,129,129,148,148,159,179,179,211,211,245,245,245,278,293,71,71,87,23,23,121,121,132,148,148,28,39,72,72,72],"floor_reached":43,"language":"ENG","playtime":2772,"items_purged":["Doubt","RobotSpaceExplorer:Strike","RobotSpaceExplorer:Strike","RobotSpaceExplorer:Strike"],"score":532,"play_id":"d6efd869-8439-4a5f-a795-2669e59bb775","local_time":"20210119191838","is_ascension_mode":true,"campfire_choices":[{"data":"RobotSpaceExplorer:TurboDodge","floor":7.0,"key":"SMITH"},{"floor":15.0,"key":"REST"},{"floor":24,"key":"REST"},{"data":"RobotSpaceExplorer:Explosion","floor":27,"key":"SMITH"},{"floor":34,"key":"REST"}],"circlet_count":0,"master_deck":["RobotSpaceExplorer:Strike","RobotSpaceExplorer:Defend","RobotSpaceExplorer:Defend","RobotSpaceExplorer:Defend","RobotSpaceExplorer:Defend+1","RobotSpaceExplorer:Scan+1","RobotSpaceExplorer:MiniLasers","RobotSpaceExplorer:TurboDodge+1","RobotSpaceExplorer:ShovelStrike","RobotSpaceExplorer:Fix","RobotSpaceExplorer:BigMissile","RobotSpaceExplorer:Counterblock","RobotSpaceExplorer:FreezingShield","RobotSpaceExplorer:ImprovisedAttack","RobotSpaceExplorer:ScrapMissile","RobotSpaceExplorer:HighVoltage","RobotSpaceExplorer:StarLightning","RobotSpaceExplorer:ToxicBomb+1","RobotSpaceExplorer:Scanner","RobotSpaceExplorer:PlasmaMissile","RobotSpaceExplorer:GearShield","RobotSpaceExplorer:Explosion+1","RobotSpaceExplorer:RigExplosive","RobotSpaceExplorer:FranticSearch+1","RobotSpaceExplorer:Fix+1"],"relics":["Black Star","Unceasing Top","Meat on the Bone","Anchor","Darkstone Periapt","Juzu Bracelet","RobotSpaceExplorer:PlasmaHourglass","Art of War","SlaversCollar","Enchiridion","Bronze Scales","Lantern","Omamori","RobotSpaceExplorer:BottledGravity","Matryoshka","The Courier","Ginger","Regal Pillow","Calling Bell","War Paint","Molten Egg 2","Shovel","Bag of Preparation","Gambling Chip"],"acts_visited":["Exordium","TheCity","TheBeyond"],"potions_floor_usage":[35,35,35,38,38,41,42,43],"damage_taken":[{"damage":0.0,"enemies":"Jaw Worm","floor":1.0,"turns":6.0},{"damage":1.0,"enemies":"2 Louse","floor":4.0,"turns":3.0},{"damage":13.0,"enemies":"Lagavulin","floor":6.0,"turns":9.0},{"damage":33.0,"enemies":"3 Sentries","floor":11.0,"turns":16.0},{"damage":0.0,"enemies":"Small Slimes","floor":12.0,"turns":3.0},{"damage":38.0,"enemies":"Lagavulin","floor":13.0,"turns":15.0},{"damage":34.0,"enemies":"Slime Boss","floor":16.0,"turns":8.0},{"damage":0,"enemies":"Spheric Guardian","floor":18,"turns":4},{"damage":16,"enemies":"Shell Parasite","floor":20,"turns":8},{"damage":10,"enemies":"Snake Plant","floor":21,"turns":6},{"damage":31,"enemies":"Gremlin Leader","floor":23,"turns":7},{"damage":10,"enemies":"Book of Stabbing","floor":25,"turns":4},{"damage":12,"enemies":"Slavers","floor":28,"turns":4},{"damage":28,"enemies":"Cultist and Chosen","floor":29,"turns":7},{"damage":9,"enemies":"Centurion and Healer","floor":32,"turns":7},{"damage":13,"enemies":"Champ","floor":35,"turns":9},{"damage":11,"enemies":"3 Darklings","floor":37,"turns":4},{"damage":4,"enemies":"Orb Walker","floor":38,"turns":4},{"damage":56,"enemies":"Maw","floor":41,"turns":10},{"damage":26,"enemies":"Reptomancer","floor":42,"turns":7},{"damage":32,"enemies":"Writhing Mass","floor":43,"turns":5}],"seed_played":"3122308862295025067","potions_obtained":[{"floor":1.0,"key":"Fire Potion"},{"floor":11.0,"key":"Ancient Potion"},{"floor":12.0,"key":"LiquidMemories"},{"floor":20,"key":"BlessingOfTheForge"},{"floor":28,"key":"SteroidPotion"},{"floor":32,"key":"RobotSpaceExplorer:PlasmaFlask"},{"floor":35,"key":"Fruit Juice"},{"floor":37,"key":"Block Potion"}],"is_trial":false,"path_per_floor":["M","?","?","M","$","E","R","?","T","?","E","M","E","$","R","B",null,"M","?","M","M","?","E","R","E","T","R","E","M","$","?","M","$","R","B",null,"M","M","?","$","M","E","M"],"character_chosen":"RobotSpaceExplorer","items_purchased":["RobotSpaceExplorer:Fix","RobotSpaceExplorer:BigMissile","Weak Potion","RobotSpaceExplorer:Counterblock","AttackPotion","RobotSpaceExplorer:StarLightning","RobotSpaceExplorer:ToxicBomb","Regal Pillow","RobotSpaceExplorer:RigExplosive"],"campfire_rested":3,"item_purchase_floors":[5,5,5,5,5,14,14,30,33],"current_hp_per_floor":[75,64,64,63,63,54,54,54,54,54,37,41,19,19,41,23,75,75,59,47,41,41,22,44,38,38,38,42,30,30,30,37,37,74,67,80,69,69,69,69,29,19,0,0],"gold":72,"neow_bonus":"BOSS_RELIC","is_daily":false,"chose_seed":false,"campfire_upgraded":2,"win_rate":0.0,"timestamp":1611101918,"path_taken":["M","?","?","M","$","E","R","?","T","?","E","M","E","$","R","BOSS","M","?","M","M","?","E","R","E","T","R","E","M","$","?","M","$","R","BOSS","M","M","?","$","M","E","M"],"items_purchased_type":["Card","Card","Potion","Card","Potion","Card","Card","Relic","Card"],"build_version":"2020-12-22","purchased_purges":4,"victory":false,"max_hp_per_floor":[75,75,75,75,75,75,75,75,75,75,75,75,75,75,75,75,75,75,75,75,75,75,75,75,75,75,75,75,75,75,75,75,75,75,80,80,80,80,80,80,80,80,80,80],"relic_stats":{"Darkstone Periapt":0,"Regal Pillow":15,"counters":[21,146],"Juzu Bracelet":0,"Bag of Preparation":[2],"Ginger":[27],"War Paint":["RobotSpaceExplorer:Defend","RobotSpaceExplorer:Scan"],"Shovel":0,"Bronze Scales":[196],"Gambling Chip":[0],"Black Star":7,"Art of War":[13],"obtain_stats":[{"Darkstone Periapt":11,"Lantern":23,"Regal Pillow":30,"RobotSpaceExplorer:PlasmaHourglass":13,"Enchiridion":19,"Juzu Bracelet":11,"Bag of Preparation":42,"Ginger":28,"Matryoshka":26,"Shovel":36,"RobotSpaceExplorer:BottledGravity":25,"Gambling Chip":42,"RobotSpaceExplorer:RoboCore":0,"The Courier":28,"Omamori":25,"War Paint":36,"Calling Bell":36,"SlaversCollar":17,"Anchor":9,"Bronze Scales":23,"Molten Egg 2":36,"Black Star":0,"Art of War":13,"Unceasing Top":6,"Meat on the Bone":6},{"Darkstone Periapt":4,"Lantern":11,"Regal Pillow":14,"RobotSpaceExplorer:PlasmaHourglass":6,"Enchiridion":8,"Juzu Bracelet":4,"Bag of Preparation":20,"Ginger":13,"Matryoshka":12,"Shovel":16,"RobotSpaceExplorer:BottledGravity":12,"Gambling Chip":20,"RobotSpaceExplorer:RoboCore":0,"The Courier":13,"Omamori":12,"War Paint":16,"Calling Bell":16,"SlaversCollar":7,"Anchor":3,"Bronze Scales":11,"Molten Egg 2":16,"Black Star":0,"Art of War":6,"Unceasing Top":3,"Meat on the Bone":3},{"Darkstone Periapt":34,"Lantern":85,"Regal Pillow":100,"RobotSpaceExplorer:PlasmaHourglass":52,"Enchiridion":64,"Juzu Bracelet":34,"Bag of Preparation":141,"Ginger":93,"Matryoshka":89,"Shovel":116,"RobotSpaceExplorer:BottledGravity":89,"Gambling Chip":141,"RobotSpaceExplorer:RoboCore":0,"The Courier":93,"Omamori":89,"War Paint":116,"Calling Bell":116,"SlaversCollar":60,"Anchor":18,"Bronze Scales":85,"Molten Egg 2":116,"Black Star":0,"Art of War":52,"Unceasing Top":18,"Meat on the Bone":18}],"Unceasing Top":[7],"Meat on the Bone":108},"card_choices":[{"not_picked":["RobotSpaceExplorer:IronShell","RobotSpaceExplorer:FrostMissile"],"picked":"RobotSpaceExplorer:TurboDodge","floor":1.0},{"not_picked":["RobotSpaceExplorer:MiniDrones","RobotSpaceExplorer:SurgingStrike"],"picked":"RobotSpaceExplorer:ShovelStrike","floor":4.0},{"not_picked":["RobotSpaceExplorer:Pulsar","RobotSpaceExplorer:ShockKick"],"picked":"RobotSpaceExplorer:FreezingShield","floor":6.0},{"not_picked":["RobotSpaceExplorer:DualCore","RobotSpaceExplorer:Counterblock"],"picked":"RobotSpaceExplorer:ImprovisedAttack","floor":11.0},{"not_picked":["RobotSpaceExplorer:FreezingShield","RobotSpaceExplorer:SwiftStep"],"picked":"RobotSpaceExplorer:ScrapMissile","floor":12.0},{"not_picked":["RobotSpaceExplorer:Calculate","RobotSpaceExplorer:FranticSearch"],"picked":"RobotSpaceExplorer:HighVoltage","floor":13.0},{"not_picked":["RobotSpaceExplorer:Blaster","RobotSpaceExplorer:DroneSwarm"],"picked":"RobotSpaceExplorer:Scanner","floor":16.0},{"not_picked":["RobotSpaceExplorer:GlueShot+1","RobotSpaceExplorer:SwiftStep"],"picked":"RobotSpaceExplorer:PlasmaMissile","floor":18},{"not_picked":["RobotSpaceExplorer:MetalStrike+1","RobotSpaceExplorer:ShockKick+1"],"picked":"RobotSpaceExplorer:GearShield","floor":20},{"not_picked":["RobotSpaceExplorer:Counterblock+1","RobotSpaceExplorer:GearShield","RobotSpaceExplorer:SurgingStrike"],"picked":"SKIP","floor":21},{"not_picked":["RobotSpaceExplorer:IronShell","RobotSpaceExplorer:ImprovisedAttack"],"picked":"RobotSpaceExplorer:Explosion","floor":23},{"not_picked":["RobotSpaceExplorer:ScrapToss","RobotSpaceExplorer:Electroshield","RobotSpaceExplorer:FreezingShield"],"picked":"SKIP","floor":25},{"not_picked":["RobotSpaceExplorer:ScrapMissile+1","RobotSpaceExplorer:SwiftStep","RobotSpaceExplorer:ShovelStrike"],"picked":"SKIP","floor":28},{"not_picked":["RobotSpaceExplorer:Pulsar+1","RobotSpaceExplorer:StunGrenade","RobotSpaceExplorer:Arsenal"],"picked":"SKIP","floor":29},{"not_picked":["RobotSpaceExplorer:SurgingShield","RobotSpaceExplorer:MakeshiftVolley","RobotSpaceExplorer:Probe"],"picked":"SKIP","floor":32},{"not_picked":["RobotSpaceExplorer:GlueShot","RobotSpaceExplorer:ImprovisedAttack+1"],"picked":"RobotSpaceExplorer:FranticSearch+1","floor":37},{"not_picked":["RobotSpaceExplorer:ImprovisedAttack+1","RobotSpaceExplorer:GearShield","RobotSpaceExplorer:Smokescreen"],"picked":"SKIP","floor":38},{"not_picked":["RobotSpaceExplorer:Probe+1","RobotSpaceExplorer:FreezingShield","RobotSpaceExplorer:SlimeMissile+1"],"picked":"SKIP","floor":41},{"not_picked":["RobotSpaceExplorer:MiniBoosters+1","RobotSpaceExplorer:Jetpack"],"picked":"RobotSpaceExplorer:Fix+1","floor":42}],"player_experience":118034,"relics_obtained":[{"floor":6.0,"key":"Unceasing Top"},{"floor":6.0,"key":"Meat on the Bone"},{"floor":9.0,"key":"Anchor"},{"floor":11.0,"key":"Darkstone Periapt"},{"floor":11.0,"key":"Juzu Bracelet"},{"floor":13.0,"key":"RobotSpaceExplorer:PlasmaHourglass"},{"floor":13.0,"key":"Art of War"},{"floor":19,"key":"Enchiridion"},{"floor":23,"key":"Bronze Scales"},{"floor":23,"key":"Lantern"},{"floor":25,"key":"Omamori"},{"floor":25,"key":"RobotSpaceExplorer:BottledGravity"},{"floor":26,"key":"Matryoshka"},{"floor":28,"key":"The Courier"},{"floor":28,"key":"Ginger"},{"floor":36,"key":"War Paint"},{"floor":36,"key":"Molten Egg 2"},{"floor":36,"key":"Shovel"},{"floor":42,"key":"Bag of Preparation"},{"floor":42,"key":"Gambling Chip"}],"event_choices":[{"damage_healed":0.0,"max_hp_gain":0.0,"max_hp_loss":0.0,"gold_gain":75.0,"event_name":"World of Goop","player_choice":"Gather Gold","floor":2.0,"gold_loss":0.0,"damage_taken":11.0},{"damage_healed":0.0,"max_hp_gain":0.0,"max_hp_loss":0.0,"gold_gain":175.0,"event_name":"Liars Game","player_choice":"AGREE","floor":3.0,"gold_loss":0.0,"damage_taken":0.0,"cards_obtained":["Doubt"]},{"damage_healed":0.0,"max_hp_gain":0.0,"max_hp_loss":0.0,"gold_gain":78.0,"event_name":"Golden Wing","player_choice":"Gained Gold","floor":8.0,"gold_loss":0.0,"damage_taken":0.0},{"damage_healed":0.0,"max_hp_gain":0.0,"max_hp_loss":0.0,"gold_gain":0.0,"event_name":"Golden Idol","player_choice":"Ignored","floor":10.0,"gold_loss":0.0,"damage_taken":0.0},{"damage_healed":0,"gold_gain":0,"player_choice":"Obtained Book","damage_taken":16,"max_hp_gain":0,"max_hp_loss":0,"event_name":"Cursed Tome","floor":19,"gold_loss":0},{"damage_healed":0,"gold_gain":0,"player_choice":"Ignored","damage_taken":0,"max_hp_gain":0,"max_hp_loss":0,"event_name":"The Mausoleum","floor":22,"gold_loss":0},{"damage_healed":0,"gold_gain":0,"player_choice":"Ignored","damage_taken":0,"max_hp_gain":0,"max_hp_loss":0,"event_name":"Vampires","floor":31,"gold_loss":0},{"damage_healed":0,"gold_gain":0,"player_choice":"Upgraded","damage_taken":0,"max_hp_gain":0,"max_hp_loss":0,"event_name":"Upgrade Shrine","floor":39,"gold_loss":0,"cards_upgraded":["RobotSpaceExplorer:ToxicBomb"]}],"is_beta":false,"boss_relics":[{"not_picked":["SacredBark","Snecko Eye"],"picked":"SlaversCollar"},{"not_picked":["Fusion Hammer","RobotSpaceExplorer:Reprocessor"],"picked":"Calling Bell"}],"items_purged_floors":[5,14,30,40],"is_endless":false,"potions_floor_spawned":[1,11,12,20,28,32,35,37],"killed_by":"Writhing Mass","ascension_level":1}}