{"host":"vfh4a5lsno7fg1vy","time":1611160254,"event":{"mods":["BaseMod","Minty Spire (QoL Compilation)","StSLib","Synergy Search"],"gold_per_floor":[111,122,50,50,225,225,265,215,215,235,235,315,328,351,351,477,477,512,524,529,554,580,592,23,59,107,121,121,220,220,239,239,364,364,389,389,389],"floor_reached":36,"language":"KOR","playtime":1480,"items_purged":[],"score":500,"play_id":"b2c63ce8-c32b-42d7-80b4-242e73c599a7","local_time":"20210121013054","is_ascension_mode":true,"campfire_choices":[{"data":"Bash","floor":6.0,"key":"SMITH"},{"floor":11.0,"key":"DIG"},{"floor":15.0,"key":"DIG"},{"floor":23.0,"key":"REST"},{"floor":30,"key":"REST"},{"floor":32,"key":"REST"}],"circlet_count":0,"master_deck":["Strike_R","Strike_R","Strike_R","Strike_R","Strike_R","Defend_R","Defend_R","Defend_R","Defend_R","Bash+1","Flex","Thunderclap","Carnage","Uppercut","Infernal Blade","Armaments","Heavy Blade","CurseOfTheBell","Perfected Strike","Clothesline","Immolate","Armaments","The Bomb","Armaments+1","Dual Wield","Demon Form"],"relics":["Burning Blood","NeowsBlessing","Golden Idol","Shovel","Darkstone Periapt","StoneCalendar","Singing Bowl","Dream Catcher","Calling Bell","FossilizedHelix","Sundial","MawBank","Happy Flower","Pantograph","Centennial Puzzle","Ancient Tea Set","Busted Crown"],"acts_visited":["Exordium","TheCity","TheBeyond"],"potions_floor_usage":[31,33,33,36],"damage_taken":[{"damage":0.0,"enemies":"Jaw Worm","floor":1.0,"turns":1.0},{"damage":0.0,"enemies":"2 Louse","floor":2.0,"turns":1.0},{"damage":0.0,"enemies":"Gremlin Nob","floor":7.0,"turns":1.0},{"damage":13.0,"enemies":"Small Slimes","floor":10.0,"turns":3.0},{"damage":8.0,"enemies":"Blue Slaver","floor":13.0,"turns":3.0},{"damage":15.0,"enemies":"3 Louse","floor":14.0,"turns":3.0},{"damage":39.0,"enemies":"Hexaghost","floor":16.0,"turns":8.0},{"damage":6.0,"enemies":"Chosen","floor":18.0,"turns":4.0},{"damage":22.0,"enemies":"2 Thieves","floor":20.0,"turns":4.0},{"damage":33.0,"enemies":"Snake Plant","floor":21.0,"turns":4.0},{"damage":18.0,"enemies":"Snecko","floor":22.0,"turns":5.0},{"damage":46.0,"enemies":"Book of Stabbing","floor":25.0,"turns":6.0},{"damage":23,"enemies":"Centurion and Healer","floor":27,"turns":4},{"damage":23,"enemies":"Snake Plant","floor":31,"turns":4},{"damage":89,"enemies":"Collector","floor":33,"turns":9},{"damage":65,"enemies":"3 Darklings","floor":35,"turns":5}],"seed_played":"796604180097674218","potions_obtained":[{"floor":2.0,"key":"Dexterity Potion"},{"floor":13.0,"key":"SkillPotion"},{"floor":14.0,"key":"SteroidPotion"},{"floor":16.0,"key":"SpeedPotion"},{"floor":18.0,"key":"Dexterity Potion"},{"floor":22.0,"key":"GamblersBrew"},{"floor":31,"key":"BloodPotion"},{"floor":33,"key":"Block Potion"}],"is_trial":false,"path_per_floor":["M","M","$","?","?","R","E","?","T","M","R","T","M","M","R","B",null,"M","?","M","M","M","R","$","E","T","M","?","?","R","M","R","B",null,"M","M"],"character_chosen":"IRONCLAD","items_purchased":["Carnage","Happy Flower","The Bomb","Pantograph"],"campfire_rested":3,"item_purchase_floors":[3,24,24,24],"current_hp_per_floor":[80,80,80,60,60,60,66,66,66,59,59,59,57,48,48,17,88,88,88,72,45,35,62,62,24,24,9,9,9,39,22,50,11,96,39,0,0],"gold":389,"neow_bonus":"THREE_ENEMY_KILL","is_daily":false,"chose_seed":false,"campfire_upgraded":1,"win_rate":0.0,"timestamp":1611160254,"path_taken":["M","M","$","?","?","R","E","?","T","M","R","?","M","?","R","BOSS","M","?","M","?","M","R","$","E","T","M","?","?","R","M","R","BOSS","M","M"],"items_purchased_type":["Card","Relic","Card","Relic"],"build_version":"2020-12-22","purchased_purges":0,"victory":false,"max_hp_per_floor":[80,80,80,80,80,80,80,80,80,80,80,80,80,80,80,82,88,88,88,88,88,90,90,90,92,92,94,94,94,96,96,96,96,96,98,98,98],"card_choices":[{"not_picked":["Wild Strike","Body Slam"],"picked":"Flex","floor":1.0},{"not_picked":["Clash","Rampage"],"picked":"Thunderclap","floor":2.0},{"not_picked":["Seeing Red","Pommel Strike"],"picked":"Uppercut","floor":7.0},{"not_picked":["Pommel Strike","Spot Weakness"],"picked":"Infernal Blade","floor":10.0},{"not_picked":["Flex","True Grit"],"picked":"Armaments","floor":13.0},{"not_picked":["Havoc","Cleave"],"picked":"Heavy Blade","floor":14.0},{"not_picked":["Demon Form","Brutality","Fiend Fire"],"picked":"Singing Bowl","floor":16.0},{"not_picked":["Flex+1","Evolve"],"picked":"Perfected Strike","floor":18.0},{"not_picked":["Dropkick","Pommel Strike"],"picked":"Clothesline","floor":20.0},{"not_picked":["Anger","Wild Strike+1"],"picked":"Immolate","floor":21.0},{"not_picked":["Headbutt","Shockwave+1","Warcry"],"picked":"Singing Bowl","floor":22.0},{"not_picked":["Bloodletting","Burning Pact"],"picked":"Armaments","floor":23.0},{"not_picked":["Reckless Charge","Hemokinesis+1","True Grit"],"picked":"Singing Bowl","floor":25.0},{"not_picked":["Cleave","Seeing Red","Disarm"],"picked":"Singing Bowl","floor":27},{"not_picked":["Twin Strike","Iron Wave","Sword Boomerang"],"picked":"Singing Bowl","floor":30},{"not_picked":["Uppercut","Shrug It Off"],"picked":"Armaments+1","floor":31},{"not_picked":["Havoc+1","Headbutt"],"picked":"Dual Wield","floor":32},{"not_picked":["Offering","Fiend Fire"],"picked":"Demon Form","floor":33},{"not_picked":["Iron Wave"],"picked":"Singing Bowl","floor":35}],"player_experience":217090,"relics_obtained":[{"floor":7.0,"key":"Shovel"},{"floor":9.0,"key":"Darkstone Periapt"},{"floor":11.0,"key":"StoneCalendar"},{"floor":12.0,"key":"Singing Bowl"},{"floor":15.0,"key":"Dream Catcher"},{"floor":17.0,"key":"FossilizedHelix"},{"floor":17.0,"key":"Sundial"},{"floor":17.0,"key":"MawBank"},{"floor":25.0,"key":"Centennial Puzzle"},{"floor":26.0,"key":"Ancient Tea Set"}],"event_choices":[{"damage_healed":0.0,"max_hp_gain":0.0,"max_hp_loss":0.0,"gold_gain":0.0,"event_name":"Golden Idol","player_choice":"Take Damage","floor":4.0,"gold_loss":0.0,"damage_taken":20.0,"relics_obtained":["Golden Idol"]},{"damage_healed":0.0,"max_hp_gain":0.0,"max_hp_loss":0.0,"gold_gain":175.0,"event_name":"Liars Game","player_choice":"AGREE","floor":5.0,"gold_loss":0.0,"damage_taken":0.0,"cards_obtained":["Doubt"]},{"cards_removed":["Doubt"],"damage_healed":0.0,"max_hp_gain":0.0,"max_hp_loss":0.0,"gold_gain":0.0,"event_name":"The Cleric","player_choice":"Card Removal","floor":8.0,"gold_loss":50.0,"damage_taken":0.0},{"damage_healed":0.0,"max_hp_gain":0.0,"max_hp_loss":0.0,"gold_gain":0.0,"event_name":"The Woman in Blue","player_choice":"Bought 0 Potions","floor":19.0,"gold_loss":0.0,"damage_taken":0.0},{"damage_healed":0,"gold_gain":0,"player_choice":"Ignored","damage_taken":0,"max_hp_gain":0,"max_hp_loss":0,"event_name":"Vampires","floor":28,"gold_loss":0},{"damage_healed":0,"gold_gain":99,"player_choice":"Stole From Cult","damage_taken":0,"max_hp_gain":0,"max_hp_loss":0,"event_name":"Nest","floor":29,"gold_loss":0}],"is_beta":false,"boss_relics":[{"not_picked":["Runic Cube","Runic Dome"],"picked":"Calling Bell"},{"not_picked":["SacredBark","Fusion Hammer"],"picked":"Busted Crown"}],"items_purged_floors":[],"is_endless":false,"potions_floor_spawned":[2,13,14,16,18,22,31,33],"killed_by":"3 Shapes","ascension_level":2}}