{"host":"1tl36azeqm6yhdgj","time":1611141552,"event":{"mods":["AchievementEnabler","BaseMod","Minty Spire (QoL Compilation)","StSLib","The IronCluck","everything is the same but u backflip on backflip"],"gold_per_floor":[129,156,185,197,229,241,285,297,309,337,382,394,417,449,461,549,561,586,598,624,648,672,684,684],"floor_reached":23,"language":"ENG","playtime":778,"items_purged":[],"score":404,"play_id":"83436b01-cfe6-4d9d-8a29-cfb784d3e04c","local_time":"20210120061912","is_ascension_mode":true,"campfire_choices":[{"data":"Intimidate","floor":6,"key":"SMITH"},{"floor":12,"key":"REST"},{"floor":15,"key":"REST"}],"circlet_count":0,"master_deck":["AscendersBane","Strike_R","Strike_R","Strike_R","Strike_R","Defend_R","Defend_R","Defend_R","Defend_R","Bash","Shrug It Off","Cleave","Intimidate+1","Rage","Double Tap","Flex","Dropkick","Fire Breathing","Battle Trance","Juggernaut","Inflame","Thunderclap","Anger"],"relics":["Burning Blood","MawBank","White Beast Statue","Letter Opener","Black Star"],"acts_visited":["Exordium","TheCity"],"potions_floor_usage":[11,13,16,18,20,21,22,23,23],"damage_taken":[{"damage":2,"enemies":"Cultist","floor":1,"turns":4},{"damage":10,"enemies":"2 Louse","floor":2,"turns":3},{"damage":6,"enemies":"Jaw Worm","floor":3,"turns":5},{"damage":23,"enemies":"Large Slime","floor":5,"turns":7},{"damage":42,"enemies":"3 Sentries","floor":7,"turns":9},{"damage":5,"enemies":"Looter","floor":10,"turns":4},{"damage":18,"enemies":"Lagavulin","floor":11,"turns":5},{"damage":21,"enemies":"Red Slaver","floor":13,"turns":4},{"damage":6,"enemies":"Blue Slaver","floor":14,"turns":4},{"damage":33,"enemies":"Slime Boss","floor":16,"turns":7},{"damage":4,"enemies":"Chosen","floor":18,"turns":5},{"damage":27,"enemies":"3 Byrds","floor":20,"turns":5},{"damage":20,"enemies":"Snecko","floor":21,"turns":5},{"damage":20,"enemies":"Chosen and Byrds","floor":22,"turns":5},{"damage":25,"enemies":"Slavers","floor":23,"turns":2}],"seed_played":"7135045927457363672","potions_obtained":[{"floor":10,"key":"PowerPotion"},{"floor":11,"key":"BloodPotion"},{"floor":13,"key":"PowerPotion"},{"floor":14,"key":"EssenceOfSteel"},{"floor":16,"key":"Strength Potion"},{"floor":18,"key":"FearPotion"},{"floor":20,"key":"Energy Potion"},{"floor":21,"key":"Explosive Potion"},{"floor":22,"key":"BlessingOfTheForge"}],"is_trial":false,"path_per_floor":["M","M","M","?","M","R","E","$","T","M","E","R","M","M","R","B",null,"M","?","M","M","M","E"],"character_chosen":"IRONCLAD","items_purchased":[],"campfire_rested":2,"item_purchase_floors":[],"current_hp_per_floor":[72,68,68,73,56,56,20,20,20,21,9,33,34,34,58,31,68,70,70,49,35,21,0,0],"gold":684,"neow_bonus":"RANDOM_COMMON_RELIC","is_daily":false,"chose_seed":false,"campfire_upgraded":1,"win_rate":0.0,"timestamp":1611141552,"path_taken":["M","M","?","?","M","R","E","?","T","M","E","R","M","M","R","BOSS","M","?","M","M","M","E"],"items_purchased_type":[],"build_version":"2020-12-22","purchased_purges":0,"victory":false,"max_hp_per_floor":[75,75,75,80,80,80,80,80,80,80,80,80,80,80,80,80,80,80,80,80,80,80,80,80],"card_choices":[{"not_picked":["True Grit","Armaments"],"picked":"Shrug It Off","floor":1},{"not_picked":["Iron Wave","Clothesline"],"picked":"Cleave","floor":2},{"not_picked":["Anger","Metallicize"],"picked":"Intimidate","floor":3},{"not_picked":["Sever Soul","Pommel Strike"],"picked":"Rage","floor":5},{"not_picked":["Infernal Blade","Headbutt"],"picked":"Double Tap","floor":7},{"not_picked":["Heavy Blade","Burning Pact"],"picked":"Flex","floor":10},{"not_picked":["Metallicize","Rage"],"picked":"Dropkick","floor":11},{"not_picked":["Carnage","Rampage"],"picked":"Fire Breathing","floor":13},{"not_picked":["Iron Wave","Fire Breathing"],"picked":"Battle Trance","floor":14},{"not_picked":["Reaper","Bludgeon"],"picked":"Juggernaut","floor":16},{"not_picked":["Cleave","Blood for Blood"],"picked":"Inflame","floor":18},{"not_picked":["Shockwave","Rage"],"picked":"Thunderclap","floor":20},{"not_picked":["Sword Boomerang","Pommel Strike"],"picked":"Anger","floor":21},{"not_picked":["Hemokinesis","Dual Wield","Perfected Strike+1"],"picked":"SKIP","floor":22}],"player_experience":2005986,"relics_obtained":[{"floor":7,"key":"White Beast Statue"},{"floor":11,"key":"Letter Opener"}],"event_choices":[{"damage_healed":0,"gold_gain":0,"player_choice":"Donut","damage_taken":0,"max_hp_gain":5,"max_hp_loss":0,"event_name":"Big Fish","floor":4,"gold_loss":0},{"cards_removed":["Strike_R"],"damage_healed":0,"gold_gain":0,"player_choice":"Elegance","damage_taken":0,"max_hp_gain":0,"max_hp_loss":0,"event_name":"Back to Basics","floor":19,"gold_loss":0}],"is_beta":false,"boss_relics":[{"not_picked":["Pandora\u0027s Box","Runic Pyramid"],"picked":"Black Star"}],"items_purged_floors":[],"is_endless":false,"potions_floor_spawned":[10,11,13,14,16,18,20,21,22],"killed_by":"Slavers","ascension_level":19}}