{"host":"uceopoba4zvqsgiy","time":1611110951,"event":{"mods":["Act Like it!","BaseMod","Better Skull","Better Third Choice","Elementarium","Evolution","GifTheSpireLib","Hermit","Humility","Infinite Spire","Jorbs\u0027s Wanderer Trilogy","Marked Mod","Minty Spire (QoL Compilation)","Potionbrewer","Replay The Spire","Robot Space Explorer","Shade Mod","Spicy Shops","StSLib","Stuff the Spire","The Blue Laboratory","The Caster","The Cursed","The Dragon Tamer","The Hierophant","The Judge","The Jungle","Wandering Minibosses"],"gold_per_floor":[114,329,349,250,250,250,279,303,303,336,301,311,330,347,347,448,448,417,417,417],"floor_reached":19,"language":"ENG","playtime":1124,"items_purged":[],"score":263,"play_id":"aface8d5-c596-439e-95dc-451463fabffb","local_time":"20210120131911","is_ascension_mode":true,"campfire_choices":[{"floor":6,"key":"REST"},{"data":"Neutralize","floor":6,"key":"SMITH"},{"floor":15,"key":"REST"},{"data":"Malaise","floor":15,"key":"SMITH"}],"circlet_count":0,"master_deck":["Dagger Spray","Dagger Spray","Strike_G","Strike_G","Strike_G","Defend_G","Defend_G","Defend_G","Defend_G","Defend_G","Survivor","Neutralize+1","Languid","Deadly Poison","Deadly Poison","Malaise+1","Envenom"],"relics":["Ring of the Snake","EVO:Axolotl","NeowsBlessing","StuffTheSpire:HeavyRock","Bag of Marbles","Replay:Baseball","ReplayTheSpireMod:CursedCoin","Molten Egg 2","infinitespire:Magic Flask","Lantern","ReplayFunnel","Kunai","StuffTheSpire:SapphireSignet","SacredBark"],"acts_visited":["Exordium","TheCity"],"potions_floor_usage":[10,16,16],"damage_taken":[{"damage":0,"enemies":"Jaw Worm","floor":1,"turns":1},{"damage":0,"enemies":"Cultist","floor":3,"turns":1},{"damage":0,"enemies":"Lagavulin","floor":7,"turns":1},{"damage":24,"enemies":"3 Sentries","floor":10,"turns":11},{"damage":0,"enemies":"Small Slimes","floor":12,"turns":1},{"damage":0,"enemies":"Blue Slaver","floor":13,"turns":3},{"damage":1,"enemies":"Lots of Slimes","floor":14,"turns":3},{"damage":18,"enemies":"Hexaghost","floor":16,"turns":15},{"damage":42,"enemies":"2 Thieves","floor":18,"turns":4}],"seed_played":"-53424556201373215","potions_obtained":[{"floor":3,"key":"Block Potion"},{"floor":10,"key":"blueLaboratory:ArtistsPotion"},{"floor":13,"key":"blueLaboratory:TrueEctoplasm"},{"floor":16,"key":"Strength Potion"}],"is_trial":false,"path_per_floor":["M","?","M","$","?","R","E","T","T","E","?","M","M","M","R","B",null,"M","?"],"character_chosen":"THE_SILENT","items_purchased":["ReplayTheSpireMod:CursedCoin","Molten Egg 2"],"campfire_rested":2,"item_purchase_floors":[4,4],"current_hp_per_floor":[63,4,4,4,4,25,25,25,25,1,18,18,18,17,38,20,58,16,0,0],"gold":417,"neow_bonus":"THREE_ENEMY_KILL","is_daily":false,"chose_seed":false,"campfire_upgraded":2,"win_rate":0.0,"timestamp":1611110951,"path_taken":["M","?","?","$","?","R","E","?","T","E","?","?","?","M","R","BOSS","M","?"],"items_purchased_type":["Relic","Relic"],"build_version":"2020-12-22","purchased_purges":0,"victory":false,"max_hp_per_floor":[70,70,70,70,70,70,70,70,70,70,70,70,70,70,70,70,70,70,70,70],"card_choices":[{"not_picked":["Hidden Blade","Masterful Stab","Outmaneuver"],"picked":"SKIP","floor":1},{"not_picked":["StuffTheSpire:ClusterCrunch","Underhanded Strike","ReplayTheSpireMod:Shiv Toss"],"picked":"SKIP","floor":3},{"not_picked":["Sucker Punch+1","Underhanded Strike+1","Concentrate"],"picked":"SKIP","floor":7},{"not_picked":["Acrobatics","StuffTheSpire:Incursion"],"picked":"Deadly Poison","floor":10},{"not_picked":["Blade Dance","PiercingWail","Masterful Stab+1"],"picked":"SKIP","floor":12},{"not_picked":["Dash+1","Endless Agony+1"],"picked":"Deadly Poison","floor":13},{"not_picked":["Acrobatics","Underhanded Strike+1"],"picked":"Malaise","floor":14},{"not_picked":["Night Terror","Unload+1"],"picked":"Envenom","floor":16},{"not_picked":["Poisoned Stab+1","Finisher+1","Terror"],"picked":"SKIP","floor":18}],"player_experience":1707317,"relics_obtained":[{"floor":5,"key":"infinitespire:Magic Flask"},{"floor":7,"key":"Lantern"},{"floor":8,"key":"ReplayFunnel"},{"floor":9,"key":"Kunai"},{"floor":10,"key":"StuffTheSpire:SapphireSignet"}],"event_choices":[{"damage_healed":0,"gold_gain":215,"player_choice":"RE RE RE GO GO ","damage_taken":67,"relics_obtained":["StuffTheSpire:HeavyRock","Bag of Marbles","Replay:Baseball"],"max_hp_gain":0,"max_hp_loss":0,"event_name":"betterSkull:BetterSkull","floor":2,"gold_loss":0,"cards_upgraded":[]},{"damage_healed":17,"gold_gain":0,"player_choice":"Healed","damage_taken":0,"max_hp_gain":0,"max_hp_loss":0,"event_name":"The Cleric","floor":11,"gold_loss":35}],"is_beta":false,"boss_relics":[{"not_picked":["Runic Pyramid","StuffTheSpire:RunicConfusion"],"picked":"SacredBark"}],"items_purged_floors":[],"is_endless":false,"potions_floor_spawned":[3,10,13,16],"ascension_level":6}}