{"host":"bc298c4gavna5tx2","time":1611153396,"event":{"mods":["ATMod(°¢èªMod)","Act Like it!","BaseMod","Challenge The Spire","Minty Spire (QoL Compilation)","MostiFishMod","Quarter Circle Forward PUNCH!","Quick Restart","Replay The Spire","Spicy Shops","StSLib","¡¾¹¦ÄÜMod¡¿»ìãçÖ®»·ÐÞ¸´²¹¶¡"],"gold_per_floor":[114,126,126,201,201,234,245,280,303,303,336,336,100,114,114,216,216,227,246,246,259,259,259,293,19,46,99,99,113,144,160,160,262,362,378,426,426,476,491,526,526,561,561,561,129,129,141,141,141,141,141,141,26,61,61],"floor_reached":56,"language":"ZHS","playtime":1298,"items_purged":[],"score":1835,"play_id":"adf08980-8d5e-4453-b2fb-dbdc5458c23e","local_time":"20210120223636","is_ascension_mode":true,"campfire_choices":[{"data":"Entrench","floor":12,"key":"SMITH"},{"data":"MostiFishMod:SephirahHod","floor":23,"key":"SMITH"},{"floor":28,"key":"RECALL"},{"data":"Limit Break","floor":32,"key":"SMITH"},{"data":"Limit Break","floor":41,"key":"SMITH"},{"data":"AT_FamilyPortrait","floor":46,"key":"SMITH"},{"data":"AT_BodySlamDance","floor":49,"key":"SMITH"},{"data":"ReplayTheSpireMod:Trickstab","floor":52,"key":"SMITH"}],"circlet_count":0,"master_deck":["Strike_R","Strike_R+1","Strike_R","Strike_R","Defend_R","Defend_R","Defend_R","Defend_R+1","AT_MachinaRedman+1","AT_BodySlamDance+1","Entrench+1","Massacre+1","Demon Form+1","AT_FamilyPortrait+1","MostiFishMod:SephirahHod+1","Replay:Undeath\u0027s Touch+1","Doubt","Limit Break+1","Limit Break+1","Berserk","Iron Wave+1","ReplayTheSpireMod:Trickstab+1","Injury"],"relics":["Burning Blood","AT_ATBox","DaveBox","PatriotShield","NeowsBlessing","SynthV:TestCard","King of Hearts","Boot","AT_RedTearstoneRing","qcfpunch:Red_Headband","MostiFishMod:Hod","Pocketwatch","StrikeDummy","Ancient Tea Set","AT_SunfireAegis","Replay:Mystery Machine","AT_BladeRuinedKing","Replay:Wanted Poster","MostiFishMod:Haymaker","Toy Ornithopter","StoneCalendar","AT_ForceNature","PreservedInsect","Sling","Unceasing Top","ReplayTheSpireMod:Lightbulb"],"acts_visited":["Exordium","TheCity","TheBeyond","TheEnding"],"potions_floor_usage":[11,16,27,55,55,55,55,55,55,55,55,55],"damage_taken":[{"damage":0,"enemies":"Cultist","floor":1,"turns":1},{"damage":0,"enemies":"2 Louse","floor":2,"turns":1},{"damage":0,"enemies":"Lagavulin","floor":6,"turns":1},{"damage":0,"enemies":"Small Slimes","floor":7,"turns":1},{"damage":0,"enemies":"3 Sentries","floor":8,"turns":1},{"damage":12,"enemies":"Gremlin Nob","floor":11,"turns":2},{"damage":0,"enemies":"Exordium Wildlife","floor":14,"turns":1},{"damage":0,"enemies":"Fading Forest","floor":16,"turns":6},{"damage":0,"enemies":"Shell Parasite","floor":18,"turns":1},{"damage":0,"enemies":"2 Thieves","floor":19,"turns":1},{"damage":0,"enemies":"Snecko","floor":21,"turns":1},{"damage":0,"enemies":"Gremlin Leader","floor":24,"turns":1},{"damage":0,"enemies":"Replay:Snechameleon","floor":27,"turns":2},{"damage":0,"enemies":"Cultist and Chosen","floor":29,"turns":1},{"damage":0,"enemies":"Gremlin Leader","floor":30,"turns":1},{"damage":0,"enemies":"Shelled Parasite and Fungi","floor":31,"turns":1},{"damage":0,"enemies":"Automaton","floor":33,"turns":2},{"damage":0,"enemies":"3 Shapes","floor":35,"turns":1},{"damage":0,"enemies":"Mind Bloom Boss Battle","floor":38,"turns":3},{"damage":0,"enemies":"Orb Walker","floor":39,"turns":1},{"damage":0,"enemies":"Giant Head","floor":40,"turns":2},{"damage":0,"enemies":"R_Hoarder","floor":42,"turns":2},{"damage":0,"enemies":"Jaw Worm Horde","floor":47,"turns":1},{"damage":0,"enemies":"Replay:Hell Engine","floor":50,"turns":2},{"damage":0,"enemies":"Shield and Spear","floor":54,"turns":1},{"damage":32,"enemies":"The Heart","floor":55,"turns":4}],"seed_played":"-431330741613620581","potions_obtained":[{"floor":6,"key":"Strength Potion"},{"floor":7,"key":"Death Potion"},{"floor":14,"key":"Dexterity Potion"},{"floor":18,"key":"Adrenaline Potion"},{"floor":21,"key":"Fire Potion"},{"floor":29,"key":"Dexterity Potion"},{"floor":31,"key":"PowerPotion"},{"floor":36,"key":"EntropicBrew"},{"floor":42,"key":"BlessingOfTheForge"}],"is_trial":false,"path_per_floor":["M","M","?","?","?","E","M","E","T","?","E","R","$","M","R","B",null,"M","M","?","M","?","R","E","$","T","E","R","M","E","M","R","B",null,"M","?","?","?","M","E","R","E","T","?","$","R","M","?","R","B",null,"R","$","E","B",null],"character_chosen":"IRONCLAD","items_purchased":["AT_FamilyPortrait","StrikeDummy","Ancient Tea Set","AT_ForceNature","PreservedInsect","Sling","Unceasing Top"],"campfire_rested":0,"item_purchase_floors":[13,25,25,45,45,45,53],"current_hp_per_floor":[78,80,80,69,69,75,80,80,80,64,58,58,58,64,80,80,80,80,80,80,80,80,80,80,80,80,80,80,80,80,80,80,80,80,80,60,60,66,72,78,78,80,80,80,80,80,80,80,80,80,80,80,80,80,54],"gold":61,"neow_bonus":"THREE_ENEMY_KILL","is_daily":false,"chose_seed":false,"campfire_upgraded":7,"win_rate":0.0,"timestamp":1611153396,"path_taken":["M","?","?","?","?","E","M","E","T","?","E","R","$","?","R","BOSS","M","M","?","?","?","R","E","$","T","E","R","M","E","M","R","BOSS","M","?","?","?","M","E","R","E","T","?","$","R","?","?","R","BOSS","R","$","E","BOSS"],"items_purchased_type":["Card","Relic","Relic","Relic","Relic","Relic","Relic"],"build_version":"2020-12-22","purchased_purges":0,"victory":true,"max_hp_per_floor":[80,80,80,80,80,80,80,80,80,80,80,80,80,80,80,80,80,80,80,80,80,80,80,80,80,80,80,80,80,80,80,80,80,80,80,80,80,80,80,80,80,80,80,80,80,80,80,80,80,80,80,80,80,80,80],"card_choices":[{"not_picked":["Flex","Anger"],"picked":"AT_BodySlamDance","floor":1},{"not_picked":["Intimidate","Cleave","ReplayTheSpireMod:Corrosion Curse","Thunderclap"],"picked":"Entrench","floor":2},{"not_picked":["Flex","Armaments","Warcry","Headbutt","Twin Strike"],"picked":"SKIP","floor":6},{"not_picked":["Flex","AT_IchimonjiDouble","Disarm","Shrug It Off","Spot Weakness"],"picked":"SKIP","floor":7},{"not_picked":["Thunderclap","Power Through","ReplayTheSpireMod:Strike From Hell","Cleave","Pummel"],"picked":"SKIP","floor":8},{"not_picked":["Headbutt","Infernal Blade","Whirlwind","Pommel Strike"],"picked":"Demon Form","floor":11},{"not_picked":["Flex","Whirlwind","Fire Breathing","Battle Trance","Blood for Blood"],"picked":"SKIP","floor":14},{"not_picked":["MostiFishMod:FireWorks","Barricade","Exhume","MostiFishMod:TemporaryOutbreak"],"picked":"MostiFishMod:OrdinaryWorld","floor":16},{"not_picked":["Anger","AT_BodySlamDance+1","Warcry+1","Fire Breathing"],"picked":"Replay:Undeath\u0027s Touch+1","floor":18},{"not_picked":["Heavy Blade+1","Anger+1","Whirlwind","Dual Wield","Intimidate"],"picked":"SKIP","floor":19},{"not_picked":["AT_BodySlamDance","Twin Strike","Sentinel+1","True Grit","Perfected Strike"],"picked":"SKIP","floor":21},{"not_picked":["Body Slam","Twin Strike+1","Metallicize+1","Corruption"],"picked":"Limit Break","floor":24},{"not_picked":["AT_DiedThrough","Shrug It Off","Uppercut","Ghostly Armor+1","Power Through"],"picked":"SKIP","floor":27},{"not_picked":["Flex","Wild Strike","Thunderclap","Sever Soul","ReplayTheSpireMod:Corrosion Curse"],"picked":"SKIP","floor":29},{"not_picked":["Infernal Blade","AT_CaressingTears","Headbutt+1","Clash","Power Through"],"picked":"SKIP","floor":30},{"not_picked":["Hemokinesis","Intimidate","Thunderclap","Battle Trance+1"],"picked":"Limit Break","floor":31},{"not_picked":["AT_Dispersion","Double Tap","MostiFishMod:Mania","Eclipse"],"picked":"Berserk","floor":33},{"not_picked":["Perfected Strike+1","Carnage+1","Flame Barrier+1","Rage","Cleave+1"],"picked":"SKIP","floor":35},{"not_picked":["Brutality","AT_BodySlamDance","Pommel Strike","AT_IchimonjiDouble+1"],"picked":"Iron Wave+1","floor":39},{"not_picked":["Infernal Blade","Twin Strike+1","Sentinel+1","ReplayTheSpireMod:LeadingStrike","Sword Boomerang"],"picked":"SKIP","floor":40},{"not_picked":["MostiFishMod:Mania","Warcry","Seeing Red+1","Anger+1","AT_ShrugMaster"],"picked":"SKIP","floor":42},{"not_picked":["AT_LightSaberMaster","AT_EmpoweredMortalDraw","ReplayTheSpireMod:Uncanny Aura","Bandage Up"],"picked":"ReplayTheSpireMod:Trickstab","floor":44},{"not_picked":["Uppercut","Disarm+1","Body Slam","Iron Wave+1","AT_BodySlamDance+1"],"picked":"SKIP","floor":47},{"not_picked":["Havoc+1","Anger+1","Pommel Strike+1","AT_BodySlamDance","Dropkick+1"],"picked":"SKIP","floor":54}],"player_experience":99356,"relics_obtained":[{"floor":1,"key":"SynthV:TestCard"},{"floor":6,"key":"King of Hearts"},{"floor":8,"key":"Boot"},{"floor":9,"key":"AT_RedTearstoneRing"},{"floor":11,"key":"qcfpunch:Red_Headband"},{"floor":24,"key":"Pocketwatch"},{"floor":26,"key":"AT_SunfireAegis"},{"floor":27,"key":"Replay:Mystery Machine"},{"floor":30,"key":"AT_BladeRuinedKing"},{"floor":38,"key":"MostiFishMod:Haymaker"},{"floor":40,"key":"Toy Ornithopter"},{"floor":42,"key":"StoneCalendar"},{"floor":54,"key":"ReplayTheSpireMod:Lightbulb"}],"event_choices":[{"damage_healed":0,"gold_gain":0,"player_choice":"Grow","damage_taken":0,"max_hp_gain":0,"max_hp_loss":0,"event_name":"Living Wall","floor":3,"gold_loss":0,"cards_upgraded":["AT_MachinaRedman"]},{"damage_healed":0,"gold_gain":75,"player_choice":"Gather Gold","damage_taken":11,"max_hp_gain":0,"max_hp_loss":0,"event_name":"World of Goop","floor":4,"gold_loss":0},{"damage_healed":0,"gold_gain":0,"player_choice":"Entered Light","damage_taken":16,"max_hp_gain":0,"max_hp_loss":0,"event_name":"Shining Light","floor":10,"gold_loss":0,"cards_upgraded":["Strike_R","Defend_R"]},{"cards_removed":["Strike_R"],"damage_healed":0,"gold_gain":0,"player_choice":"Purged","damage_taken":0,"max_hp_gain":0,"max_hp_loss":0,"event_name":"Purifier","floor":20,"gold_loss":0},{"damage_healed":0,"gold_gain":0,"player_choice":"Ignored","damage_taken":0,"max_hp_gain":0,"max_hp_loss":0,"event_name":"Tomb of Lord Red Mask","floor":37,"gold_loss":0},{"damage_healed":0,"gold_gain":0,"player_choice":"Fight","damage_taken":0,"max_hp_gain":0,"max_hp_loss":0,"event_name":"MindBloom","floor":38,"gold_loss":0},{"damage_healed":0,"gold_gain":0,"player_choice":"Memory 1","damage_taken":0,"max_hp_gain":0,"max_hp_loss":0,"event_name":"SensoryStone","floor":44,"gold_loss":0},{"cards_removed":["MostiFishMod:OrdinaryWorld"],"damage_healed":0,"gold_gain":0,"player_choice":"Removed Attack","damage_taken":0,"max_hp_gain":0,"max_hp_loss":0,"event_name":"Falling","floor":48,"gold_loss":0}],"is_beta":false,"boss_relics":[{"not_picked":["Mark of Pain","Snecko Eye"],"picked":"MostiFishMod:Hod"},{"not_picked":["Painkiller Herb","FixedStarFall"],"picked":"Replay:Wanted Poster"}],"items_purged_floors":[],"is_endless":false,"potions_floor_spawned":[6,7,14,18,21,29,31,35,42],"ascension_level":6}}