{"host":"92108ef2q9tm8rod","time":1611162010,"event":{"mods":["BaseMod","Defuse TimeMaze Blight","Minty Spire (QoL Compilation)","StSLib","The Jungle"],"gold_per_floor":[111,73,73,73,73,73,107,118,118,137,137,148,165,90,90,195,195,210,210,67,87,100,100,114,114,137,137,157,171,206,223,223,323,323,334,353,366,366,416,442,442,442,442,455,218,0,32,51,51,51],"floor_reached":51,"language":"ENG","playtime":2143,"items_purged":["True Grit"],"score":779,"play_id":"1b030068-5f7f-48da-9c18-12abdd29adfb","local_time":"20210120170010","daily_mods":["SealedDeck","Colorless Cards","Heirloom"],"is_ascension_mode":false,"campfire_choices":[{"data":"Armaments","floor":6,"key":"SMITH"},{"data":"Madness","floor":11,"key":"SMITH"},{"data":"Madness","floor":15,"key":"SMITH"},{"data":"Perfected Strike","floor":23,"key":"SMITH"},{"data":"Perfected Strike","floor":25,"key":"SMITH"},{"floor":32,"key":"REST"},{"data":"Perfected Strike","floor":41,"key":"SMITH"},{"data":"Flame Barrier","floor":49,"key":"SMITH"}],"circlet_count":0,"master_deck":["Madness+1","Madness+1","Flame Barrier+1","Twin Strike+1","Perfected Strike+1","Perfected Strike+1","Twin Strike+1","Twin Strike","Rampage","Intimidate","Master of Strategy","Twin Strike+1","Inflame+1","Swift Strike+1","Twin Strike","Perfected Strike+1","Dark Shackles+1","Rage+1"],"relics":["Black Blood","Charon\u0027s Ashes","Dream Catcher","HornCleat","SlaversCollar","Oddly Smooth Stone","Juzu Bracelet","The Courier","Calipers","Unceasing Top","Toxic Egg 2","TheAbacus","Whetstone","Red Mask","Pantograph"],"acts_visited":["Exordium","Exordium","TheBeyond"],"potions_floor_usage":[16,24,31,33,50,50,50],"damage_taken":[{"damage":0,"enemies":"Cultist","floor":1,"turns":2},{"damage":5,"enemies":"Gremlin Nob","floor":7,"turns":4},{"damage":0,"enemies":"2 Louse","floor":8,"turns":2},{"damage":0,"enemies":"Small Slimes","floor":10,"turns":2},{"damage":0,"enemies":"Blue Slaver","floor":12,"turns":2},{"damage":1,"enemies":"Red Slaver","floor":13,"turns":2},{"damage":16,"enemies":"Slime Boss","floor":16,"turns":9},{"damage":0,"enemies":"Shell Parasite","floor":18,"turns":3},{"damage":3,"enemies":"theJungle:MUSHROOMGANG","floor":21,"turns":2},{"damage":8,"enemies":"theJungle:Lyon","floor":22,"turns":4},{"damage":0,"enemies":"theJungle:JungleHuntersEncounter","floor":24,"turns":3},{"damage":15,"enemies":"theJungle:2_Flameangoes","floor":28,"turns":3},{"damage":7,"enemies":"Snake Plant","floor":29,"turns":3},{"damage":18,"enemies":"theJungle:2_Phrogs","floor":30,"turns":4},{"damage":0,"enemies":"theJungle:Lyon","floor":31,"turns":2},{"damage":31,"enemies":"theJungle:FunGuy","floor":33,"turns":7},{"damage":5,"enemies":"3 Darklings","floor":35,"turns":3},{"damage":11,"enemies":"Orb Walker","floor":36,"turns":2},{"damage":9,"enemies":"3 Darklings","floor":37,"turns":3},{"damage":0,"enemies":"Mind Bloom Boss Battle","floor":39,"turns":4},{"damage":16,"enemies":"Reptomancer","floor":40,"turns":4},{"damage":16,"enemies":"Maw","floor":44,"turns":6},{"damage":0,"enemies":"Giant Head","floor":47,"turns":4},{"damage":0,"enemies":"Sphere and 2 Shapes","floor":48,"turns":3},{"damage":11,"enemies":"Time Eater","floor":50,"turns":5}],"seed_played":"-1767549308315898409","potions_obtained":[{"floor":7,"key":"Swift Potion"},{"floor":10,"key":"Regen Potion"},{"floor":12,"key":"Energy Potion"},{"floor":21,"key":"ColorlessPotion"},{"floor":24,"key":"Fruit Juice"},{"floor":29,"key":"GamblersBrew"},{"floor":33,"key":"ElixirPotion"},{"floor":35,"key":"SteroidPotion"}],"is_trial":true,"path_per_floor":["M","$","?","?","?","R","E","M","T","M","R","M","M","$","R","B",null,"M","?","$","M","M","R","M","R","T","?","M","M","E","M","R","B",null,"M","M","M","?","?","E","R","?","T","M","$","?","E","M","R","B",null],"character_chosen":"IRONCLAD","items_purchased":["Rampage","Oddly Smooth Stone","TheAbacus","Whetstone"],"campfire_rested":1,"item_purchase_floors":[2,20,45,45],"current_hp_per_floor":[80,80,80,80,85,85,85,85,85,85,85,85,85,85,85,75,85,85,85,85,85,83,83,90,90,90,90,81,80,68,74,90,65,90,90,90,90,90,90,86,86,86,86,82,82,82,90,90,90,90],"gold":51,"neow_bonus":"","is_daily":false,"chose_seed":false,"campfire_upgraded":7,"win_rate":0.0,"timestamp":1611162010,"path_taken":["M","$","?","?","?","R","E","?","T","M","R","M","M","?","R","BOSS","M","?","$","?","M","R","M","R","T","?","M","M","E","M","R","BOSS","M","M","M","?","?","E","R","?","T","M","$","?","E","M","R","BOSS"],"items_purchased_type":["Card","Relic","Relic","Relic"],"build_version":"2020-12-22","purchased_purges":1,"victory":true,"max_hp_per_floor":[80,80,80,80,85,85,85,85,85,85,85,85,85,85,85,85,85,85,85,85,85,85,85,90,90,90,90,90,90,90,90,90,90,90,90,90,90,90,90,90,90,90,90,90,90,90,90,90,90,90],"card_choices":[{"not_picked":["Havoc","Clash","True Grit"],"picked":"SKIP","floor":1},{"not_picked":["Warcry","Flex","Panache"],"picked":"SKIP","floor":7},{"not_picked":["Shrug It Off","Uppercut","Clothesline"],"picked":"SKIP","floor":8},{"not_picked":["Warcry","Sever Soul","Pummel"],"picked":"SKIP","floor":10},{"not_picked":["Bloodletting","Pommel Strike","Warcry"],"picked":"SKIP","floor":12},{"not_picked":["Heavy Blade","Sword Boomerang"],"picked":"Intimidate","floor":13},{"not_picked":["Impervious","Exhume"],"picked":"Master of Strategy","floor":16},{"not_picked":["Anger","Ghostly Armor","Clothesline"],"picked":"SKIP","floor":18},{"not_picked":["Dark Embrace+1","Dropkick","Ghostly Armor"],"picked":"SKIP","floor":21},{"not_picked":["Shrug It Off","Armaments+1"],"picked":"Twin Strike+1","floor":22},{"not_picked":["True Grit","Cleave"],"picked":"Inflame+1","floor":24},{"not_picked":["Fire Breathing","Reckless Charge","Flex"],"picked":"SKIP","floor":28},{"not_picked":["Cleave","Headbutt","Sword Boomerang"],"picked":"SKIP","floor":29},{"not_picked":["Power Through+1","Thinking Ahead","Dropkick"],"picked":"SKIP","floor":30},{"not_picked":["Perfected Strike+1","Clash"],"picked":"Swift Strike+1","floor":31},{"not_picked":["Jack Of All Trades+1","Flex","Battle Trance"],"picked":"SKIP","floor":35},{"not_picked":["Sever Soul","Warcry+1"],"picked":"Twin Strike","floor":36},{"not_picked":["Dropkick+1","Havoc+1","Clothesline+1"],"picked":"SKIP","floor":37},{"not_picked":["Infernal Blade","Whirlwind+1"],"picked":"Perfected Strike","floor":39},{"not_picked":["Warcry+1","Feel No Pain+1","Pommel Strike"],"picked":"SKIP","floor":40},{"not_picked":["Pommel Strike+1","Uppercut+1"],"picked":"Dark Shackles+1","floor":44},{"not_picked":["Wild Strike","Sword Boomerang"],"picked":"Rage+1","floor":47},{"not_picked":["Rage+1","Wild Strike+1","Perfected Strike"],"picked":"SKIP","floor":48}],"player_experience":3317462,"relics_obtained":[{"floor":7,"key":"Dream Catcher"},{"floor":9,"key":"HornCleat"},{"floor":26,"key":"Juzu Bracelet"},{"floor":30,"key":"The Courier"},{"floor":39,"key":"Calipers"},{"floor":40,"key":"Unceasing Top"},{"floor":43,"key":"Toxic Egg 2"},{"floor":47,"key":"Pantograph"}],"event_choices":[{"damage_healed":0,"gold_gain":0,"player_choice":"Ignored","damage_taken":0,"max_hp_gain":0,"max_hp_loss":0,"event_name":"Golden Wing","floor":3,"gold_loss":0},{"damage_healed":0,"gold_gain":0,"player_choice":"Fled","damage_taken":0,"max_hp_gain":0,"max_hp_loss":0,"event_name":"Scrap Ooze","floor":4,"gold_loss":0},{"damage_healed":0,"gold_gain":0,"player_choice":"Donut","damage_taken":0,"max_hp_gain":5,"max_hp_loss":0,"event_name":"Big Fish","floor":5,"gold_loss":0},{"cards_removed":["Armaments"],"damage_healed":5,"gold_gain":0,"player_choice":"Offered Common","damage_taken":0,"max_hp_gain":0,"max_hp_loss":0,"event_name":"Bonfire Elementals","floor":19,"gold_loss":0},{"cards_removed":["Armaments"],"damage_healed":5,"gold_gain":0,"player_choice":"Offered Special","damage_taken":0,"max_hp_gain":0,"max_hp_loss":0,"event_name":"Bonfire Elementals","floor":19,"gold_loss":0},{"damage_healed":0,"gold_gain":0,"player_choice":"Ignored","damage_taken":0,"max_hp_gain":0,"max_hp_loss":0,"event_name":"Mysterious Sphere","floor":38,"gold_loss":0},{"damage_healed":0,"gold_gain":0,"player_choice":"Fight","damage_taken":0,"max_hp_gain":0,"max_hp_loss":0,"event_name":"MindBloom","floor":39,"gold_loss":0},{"damage_healed":0,"gold_gain":0,"player_choice":"Bought 0 Potions","damage_taken":0,"max_hp_gain":0,"max_hp_loss":0,"event_name":"The Woman in Blue","floor":42,"gold_loss":0},{"damage_healed":0,"gold_gain":0,"player_choice":"Paid","damage_taken":0,"relics_obtained":["Red Mask"],"max_hp_gain":0,"max_hp_loss":0,"event_name":"Tomb of Lord Red Mask","floor":46,"gold_loss":218}],"is_beta":false,"boss_relics":[{"not_picked":["Sozu","Runic Dome"],"picked":"SlaversCollar"},{"not_picked":["Velvet Choker","Mark of Pain"],"picked":"Black Blood"}],"items_purged_floors":[14],"is_endless":false,"potions_floor_spawned":[7,10,12,21,24,29,33,35,37,40],"ascension_level":0}}