{"host":"gzk4gkgy3zij1c51","time":1611185073,"event":{"mods":["BaseMod","Colored Map","Downfall","Highlight Path","Marked Mod","Minty Spire (QoL Compilation)","Relic Stats","StSLib","everything is the same but u backflip on backflip"],"gold_per_floor":[99,113,126,42,56,91,91,116,566,566,581,120,20,39,59,160,160,160,176,276,295,314,314,314,326,226,32,32,44,69,25,42,145,145,45,58,58,75,75,75,75,75,89,105,120,137,137,148,164,164,164,164],"floor_reached":50,"language":"ENG","playtime":5954,"items_purged":["downfall:Icky"],"score":555,"play_id":"0d5b76ed-6cd4-45a8-95ca-48e6913beb85","local_time":"20210120232433","is_ascension_mode":false,"campfire_choices":[{"data":"bronze:WhirlingStrike","floor":1.0,"key":"SMITH"},{"floor":13.0,"key":"REST"},{"floor":18.0,"key":"RECALL"},{"floor":26.0,"key":"REST"},{"data":"1","floor":35,"key":"LIFT"},{"data":"2","floor":40,"key":"LIFT"},{"floor":47,"key":"REST"}],"circlet_count":0,"master_deck":["bronze:Strike","bronze:Strike","bronze:Defend","bronze:Defend","bronze:Defend","bronze:Defend","bronze:Replicate","bronze:Goto","bronze:WhirlingStrike+1","bronze:Shield","bronze:Philosophize","bronze:ChildClass","bronze:Deprecate","bronze:WildBeam","bronze:Shell","bronze:Library+1","bronze:Allocate","downfall:Icky","downfall:Icky","bronze:InfiniteBeams+1","bronze:FineTuning","bronze:TinkerersToolbox","bronze:FollowUp","bronze:ItsAFeature+1","bronze:FollowUp","bronze:Repair","bronze:ForLoop","bronze:ForceShield","bronze:TinkerersToolbox","bronze:SpaghettiCode","bronze:BuggyMess","bronze:Format","J.A.X.","bronze:Optimize+1","bronze:Library+1","bronze:ClassDefault+1","bronze:ForceShield","bronze:BuggyMess","bronze:HyperBeam","expansioncontent:DashGenerateEvil+1","bronze:Flail","bronze:Repulsor+1","Bandage Up+1","bronze:Overheat","bronze:Mutator+1","bronze:Boost","bronze:CloningBeam","downfall:Icky","bronze:Branch+1","bronze:ClassDefault+1","bronze:Repair+1"],"relics":["bronze:BronzeCore","Frozen Egg 2","Bottled Tornado","Sundial","bronze:BottledCode","Orrery","downfall:HeartBlessingGreen","Snecko Eye","MutagenicStrength","White Beast Statue","downfall:HeartBlessingRed","Girya","Bag of Preparation","PreservedInsect","Philosopher\u0027s Stone","downfall:HeartBlessingBlue","Mummified Hand"],"acts_visited":["Exordium","TheCity","TheBeyond"],"potions_floor_usage":[36,44,45,46,50],"damage_taken":[{"damage":0.0,"enemies":"2 Louse","floor":2.0,"turns":3.0},{"damage":2.0,"enemies":"Jaw Worm","floor":3.0,"turns":3.0},{"damage":0.0,"enemies":"downfall:FleeingMerchant","floor":4.0,"turns":4.0},{"damage":0.0,"enemies":"Cultist","floor":5.0,"turns":3.0},{"damage":40.0,"enemies":"Lagavulin","floor":6.0,"turns":7.0},{"damage":15.0,"enemies":"Gremlin Nob","floor":8.0,"turns":4.0},{"damage":7.0,"enemies":"Lots of Slimes","floor":11.0,"turns":3.0},{"damage":0.0,"enemies":"downfall:FleeingMerchant","floor":12.0,"turns":4.0},{"damage":10.0,"enemies":"Exordium Thugs","floor":14.0,"turns":3.0},{"damage":4.0,"enemies":"Gremlin Gang","floor":15.0,"turns":4.0},{"damage":23.0,"enemies":"DF_ARCHETYPE_STREAMLINE","floor":16.0,"turns":8.0},{"damage":9.0,"enemies":"Shell Parasite","floor":19.0,"turns":8.0},{"damage":27.0,"enemies":"downfall:Augmenter","floor":20.0,"turns":8.0},{"damage":2.0,"enemies":"Chosen","floor":21.0,"turns":5.0},{"damage":34.0,"enemies":"Snake Plant","floor":22.0,"turns":5.0},{"damage":0.0,"enemies":"Shelled Parasite and Fungi","floor":25.0,"turns":4.0},{"damage":0.0,"enemies":"downfall:FleeingMerchant","floor":27.0,"turns":4.0},{"damage":3.0,"enemies":"Snecko","floor":29.0,"turns":3.0},{"damage":22.0,"enemies":"Slavers","floor":30.0,"turns":3.0},{"damage":7.0,"enemies":"downfall:FleeingMerchant","floor":31.0,"turns":3.0},{"damage":4.0,"enemies":"Centurion and Healer","floor":32.0,"turns":4.0},{"damage":19.0,"enemies":"SI_MIRROR_ARCHETYPE","floor":33.0,"turns":8.0},{"damage":8,"enemies":"Orb Walker","floor":36,"turns":3},{"damage":3,"enemies":"3 Shapes","floor":38,"turns":2},{"damage":33,"enemies":"Jaw Worm Horde","floor":43,"turns":3},{"damage":17,"enemies":"Spire Growth","floor":44,"turns":3},{"damage":12,"enemies":"4 Shapes","floor":45,"turns":3},{"damage":0,"enemies":"Writhing Mass","floor":46,"turns":4},{"damage":97,"enemies":"Transient","floor":48,"turns":5},{"damage":0,"enemies":"Jaw Worm Horde","floor":49,"turns":1},{"damage":42,"enemies":"WA_ARCHETYPE_DIVINITY","floor":50,"turns":5}],"seed_played":"4268154103019771041","potions_obtained":[{"floor":3.0,"key":"LiquidMemories"},{"floor":11.0,"key":"GamblersBrew"},{"floor":14.0,"key":"Fire Potion"},{"floor":16.0,"key":"EssenceOfSteel"},{"floor":20.0,"key":"FearPotion"},{"floor":21.0,"key":"SteroidPotion"},{"floor":22.0,"key":"CultistPotion"},{"floor":25.0,"key":"AttackPotion"},{"floor":27.0,"key":"bronze:CleanCodePotion"},{"floor":30.0,"key":"LiquidBronze"},{"floor":31.0,"key":"DuplicationPotion"},{"floor":32.0,"key":"AttackPotion"},{"floor":33.0,"key":"sneckomod:MuddlingPotion"},{"floor":36,"key":"GamblersBrew"},{"floor":38,"key":"PowerPotion"},{"floor":44,"key":"sneckomod:MuddlingPotion"},{"floor":45,"key":"Block Potion"},{"floor":46,"key":"bronze:CleanCodePotion"}],"is_trial":false,"path_per_floor":["R","M","M","$","M","E","T","E","?","?","M","$","R","M","M","B",null,"R","M","?","M","M","?","T","M","R","$","T","M","E","$","M","B",null,"R","M","?","M","?","R","T","$","M","M","M","M","R","M","M","B"],"character_chosen":"THE_AUTOMATON","items_purchased":["bronze:Deprecate","bronze:WildBeam","bronze:TinkerersToolbox","bronze:FollowUp","bronze:ItsAFeature+1","Orrery","expansioncontent:DashGenerateEvil","Bandage Up","Bag of Preparation","PreservedInsect"],"campfire_rested":3,"item_purchase_floors":[4,4,12,12,12,12,27,31,31,31],"current_hp_per_floor":[70,70,68,68,68,28,28,13,13,13,6,6,24,42,45,29,60,60,58,38,46,12,12,12,22,40,47,47,44,22,15,11,2,60,70,62,62,63,63,63,63,63,30,19,7,7,28,30,30,0,0,0],"gold":164,"neow_bonus":"THREE_CARDS","is_daily":false,"chose_seed":false,"campfire_upgraded":1,"win_rate":0.0,"timestamp":1611185073,"path_taken":["R","M","M","$","M","E","T","E","?","?","M","?","R","M","M","BOSS","R","M","?","M","M","?","T","?","R","?","?","M","E","$","M","BOSS","R","M","?","M","?","R","T","$","?","M","M","?","R","M","M","BOSS"],"items_purchased_type":["Card","Card","Card","Card","Card","Relic","Card","Card","Relic","Relic"],"build_version":"2020-12-22","purchased_purges":1,"victory":false,"max_hp_per_floor":[70,70,70,70,70,70,70,70,70,60,60,60,60,60,60,60,60,60,60,60,60,60,60,60,60,60,60,60,60,60,60,60,60,60,70,70,70,70,70,70,70,70,70,70,70,70,70,70,70,70,70,70],"relic_stats":{"counters":[31,130],"Sundial":[4],"Mummified Hand":[76],"Snecko Eye":[142,151,143,136],"PreservedInsect":0,"Bag of Preparation":[22],"obtain_stats":[{"Girya":30,"bronze:BronzeCore":0,"downfall:HeartBlessingRed":26,"downfall:HeartBlessingGreen":13,"PreservedInsect":31,"Bag of Preparation":31,"Frozen Egg 2":6,"Bottled Tornado":7,"White Beast Statue":24,"bronze:BottledCode":10,"Sundial":8,"downfall:HeartBlessingBlue":35,"Mummified Hand":41,"MutagenicStrength":20,"Orrery":12,"Snecko Eye":17,"Philosopher\u0027s Stone":34},{"Girya":19,"bronze:BronzeCore":0,"downfall:HeartBlessingRed":16,"downfall:HeartBlessingGreen":8,"PreservedInsect":20,"Bag of Preparation":20,"Frozen Egg 2":5,"Bottled Tornado":5,"White Beast Statue":15,"bronze:BottledCode":6,"Sundial":6,"downfall:HeartBlessingBlue":22,"Mummified Hand":24,"MutagenicStrength":13,"Orrery":8,"Snecko Eye":11,"Philosopher\u0027s Stone":22},{"Girya":86,"bronze:BronzeCore":0,"downfall:HeartBlessingRed":76,"downfall:HeartBlessingGreen":31,"PreservedInsect":89,"Bag of Preparation":89,"Frozen Egg 2":20,"Bottled Tornado":20,"White Beast Statue":72,"bronze:BottledCode":24,"Sundial":24,"downfall:HeartBlessingBlue":101,"Mummified Hand":106,"MutagenicStrength":62,"Orrery":31,"Snecko Eye":46,"Philosopher\u0027s Stone":101}]},"card_choices":[{"not_picked":["bronze:ChildClass","bronze:CloningBeam"],"picked":"bronze:WhirlingStrike","floor":0.0},{"not_picked":["bronze:WhirlingStrike","bronze:BitShift"],"picked":"bronze:Shield","floor":2.0},{"not_picked":["bronze:WhirlingStrike","bronze:MaxOutput"],"picked":"bronze:Philosophize","floor":3.0},{"not_picked":["bronze:BugBarrage","bronze:Iterate"],"picked":"bronze:ChildClass","floor":4.0},{"not_picked":["bronze:Shield","bronze:BitShift"],"picked":"bronze:Shell","floor":5.0},{"not_picked":["bronze:Repulsor+1","bronze:FineTuning"],"picked":"bronze:Library+1","floor":6.0},{"not_picked":["bronze:Invalidate","bronze:WhirlingStrike"],"picked":"bronze:Allocate","floor":8.0},{"not_picked":["bronze:Boost","bronze:DelayedGuard"],"picked":"bronze:InfiniteBeams+1","floor":11.0},{"not_picked":["bronze:OilSpill","bronze:WildBeam"],"picked":"bronze:FineTuning","floor":12.0},{"not_picked":["bronze:Separator","bronze:BronzeOrb"],"picked":"bronze:FollowUp","floor":12.0},{"not_picked":["bronze:CutThrough","bronze:BuggyMess"],"picked":"bronze:Repair","floor":12.0},{"not_picked":["bronze:BuggyMess","bronze:Overload"],"picked":"bronze:ForLoop","floor":12.0},{"not_picked":["bronze:CutThrough","bronze:WildBeam"],"picked":"bronze:ForceShield","floor":12.0},{"not_picked":["bronze:CutThrough","bronze:Overload"],"picked":"bronze:TinkerersToolbox","floor":12.0},{"not_picked":["bronze:Invalidate","bronze:DelayedSlice","bronze:BugBarrage"],"picked":"SKIP","floor":14.0},{"not_picked":["bronze:FineTuning","bronze:Separator","bronze:Frontload"],"picked":"SKIP","floor":15.0},{"not_picked":["bronze:Assembly","bronze:Library+1"],"picked":"bronze:SpaghettiCode","floor":16.0},{"not_picked":["bronze:Invalidate","bronze:CutThrough"],"picked":"bronze:BuggyMess","floor":19.0},{"not_picked":["bronze:BuggyMess+1","bronze:FineTuning"],"picked":"bronze:Format","floor":20.0},{"not_picked":[],"picked":"J.A.X.","floor":20.0},{"not_picked":["bronze:BugBarrage","bronze:Separator"],"picked":"bronze:ClassDefault+1","floor":21.0},{"not_picked":["bronze:CutThrough","bronze:Frontload"],"picked":"bronze:ForceShield","floor":22.0},{"not_picked":["bronze:Shell+1","bronze:WhirlingStrike"],"picked":"bronze:HyperBeam","floor":25.0},{"not_picked":["bronze:Constructor","bronze:WhirlingStrike","bronze:Branch"],"picked":"SKIP","floor":27.0},{"not_picked":["bronze:DelayedGuard","bronze:WhirlingStrike"],"picked":"bronze:Flail","floor":29.0},{"not_picked":["bronze:DelayedSlice","bronze:NullPointer+1","bronze:DelayedGuard"],"picked":"SKIP","floor":30.0},{"not_picked":["bronze:Frontload+1","bronze:Shield"],"picked":"bronze:Repulsor+1","floor":31.0},{"not_picked":["bronze:GetLatest","bronze:ItsAFeature+1"],"picked":"bronze:Overheat","floor":32.0},{"not_picked":["bronze:TinkerersToolbox","bronze:Virus"],"picked":"bronze:Mutator+1","floor":33.0},{"not_picked":["bronze:ChildClass+1","bronze:ForLoop+1"],"picked":"bronze:Boost","floor":36},{"not_picked":["bronze:Frontload","bronze:BugBarrage"],"picked":"bronze:CloningBeam","floor":38},{"not_picked":["bronze:ItsAFeature+1","bronze:WildBeam+1"],"picked":"bronze:Branch+1","floor":43},{"not_picked":["bronze:GetLatest+1","bronze:FollowUp+1","bronze:ChosenStrike"],"picked":"SKIP","floor":44},{"not_picked":["bronze:Invalidate+1","bronze:OilSpill","bronze:Allocate+1"],"picked":"SKIP","floor":45},{"not_picked":["bronze:Iterate","bronze:GetLatest+1"],"picked":"bronze:ClassDefault+1","floor":46},{"not_picked":["bronze:Shield+1","bronze:MaxOutput+1"],"picked":"bronze:Repair+1","floor":48},{"not_picked":["bronze:Terminator+1","bronze:Overload","bronze:Optimize+1"],"picked":"SKIP","floor":49}],"player_experience":1033103,"relics_obtained":[{"floor":6.0,"key":"Frozen Egg 2"},{"floor":7.0,"key":"Bottled Tornado"},{"floor":8.0,"key":"Sundial"},{"floor":20.0,"key":"MutagenicStrength"},{"floor":24.0,"key":"White Beast Statue"},{"floor":30.0,"key":"Girya"},{"floor":41,"key":"Mummified Hand"}],"event_choices":[],"is_beta":false,"boss_relics":[{"not_picked":["Busted Crown","bronze:MakeshiftBattery"],"picked":"Snecko Eye"},{"not_picked":["bronze:PlatinumCore","Velvet Choker"],"picked":"Philosopher\u0027s Stone"}],"items_purged_floors":[12],"is_endless":false,"potions_floor_spawned":[3,11,14,16,20,21,22,25,27,29,30,31,32,33,36,38,43,44,45,46,48,49],"killed_by":"WA_ARCHETYPE_DIVINITY","ascension_level":0}}