{"host":"hbel9g7s7ibv8po6","time":1611120920,"event":{"mods":["Act Like it!","BaseMod","Duelist Mod","Minty Spire (QoL Compilation)","StSLib"],"gold_per_floor":[136,136,136,156,156,189,189,218,291,319,154,154,154],"floor_reached":12,"language":"ENG","playtime":675,"items_purged":["Pain"],"score":149,"play_id":"10d3a5c8-a15c-44c3-b515-d28b570ca3c8","local_time":"20210120133520","is_ascension_mode":true,"campfire_choices":[{"data":"theDuelist:VendreadNightmare","floor":7.0,"key":"SMITH"}],"circlet_count":0,"master_deck":["theDuelist:ArchfiendZombieSkull","theDuelist:ArmoredZombie","theDuelist:ArmoredZombie","theDuelist:ArmoredZombie","theDuelist:ClownZombie","theDuelist:PatricianDarkness","theDuelist:ShallowGrave","theDuelist:SkullConductor","theDuelist:TutanMask","theDuelist:MayakashiReturn","theDuelist:TributeDoomed","theDuelist:VendreadNightmare+1","theDuelist:GhostrickJiangshi","theDuelist:YukiMusume","theDuelist:CorrodingShark","theDuelist:SoulAbsorbingBone","theDuelist:TributeDoomed","theDuelist:Mispolymerization","theDuelist:BurningSkullHead"],"relics":["theDuelist:MillenniumPuzzle","theDuelist:CardPoolRelic","theDuelist:CardPoolBasicRelic","theDuelist:BoosterPackPoolRelic","theDuelist:CardPoolAddRelic","theDuelist:CardPoolMinusRelic","theDuelist:CardPoolSaveRelic","theDuelist:CardPoolOptionsRelic","NeowsBlessing","WarpedTongs","Blood Vial","Bag of Preparation","theDuelist:YugiMirror","Ornamental Fan"],"acts_visited":["Exordium"],"potions_floor_usage":[],"damage_taken":[{"damage":0.0,"enemies":"2 Louse","floor":1.0,"turns":1.0},{"damage":2.0,"enemies":"Cultist","floor":4.0,"turns":1.0},{"damage":1.0,"enemies":"Lagavulin","floor":6.0,"turns":2.0},{"damage":23.0,"enemies":"Gremlin Nob","floor":8.0,"turns":3.0},{"damage":42.0,"enemies":"3 Sentries","floor":10.0,"turns":8.0},{"damage":17,"enemies":"Lagavulin","floor":12,"turns":4}],"seed_played":"5696870303721831169","potions_obtained":[{"floor":1.0,"key":"SteroidPotion"},{"floor":8.0,"key":"theDuelist:TokenPotionB"},{"floor":10.0,"key":"theDuelist:FreezingPotion"}],"is_trial":false,"path_per_floor":["M","?","?","M","?","E","R","E","T","E","$","E"],"character_chosen":"THE_DUELIST","items_purchased":["theDuelist:BurningSkullHead"],"campfire_rested":0,"item_purchase_floors":[11],"current_hp_per_floor":[80,80,80,78,78,77,77,56,56,16,16,1,1],"gold":154,"neow_bonus":"THREE_ENEMY_KILL","is_daily":false,"chose_seed":false,"campfire_upgraded":1,"win_rate":0.0,"timestamp":1611120920,"path_taken":["M","?","?","?","?","E","R","E","T","E","$","E"],"items_purchased_type":["Card"],"build_version":"2020-12-22","purchased_purges":1,"victory":false,"max_hp_per_floor":[80,80,80,80,80,80,80,80,80,80,80,80,80],"card_choices":[{"not_picked":["theDuelist:AntiFusionDevice","theDuelist:PyramidWonders","theDuelist:Wasteland","theDuelist:ZombiePowerStruggle"],"picked":"theDuelist:MayakashiReturn","floor":1.0},{"not_picked":["theDuelist:FireReaper","theDuelist:VendreadCore","theDuelist:GhostrickSpecter","theDuelist:Wightprincess"],"picked":"theDuelist:TributeDoomed","floor":4.0},{"not_picked":["theDuelist:Relinkuriboh","theDuelist:FossilDragon","theDuelist:ShiranuiSpectralsword","theDuelist:PMCaptor"],"picked":"theDuelist:CorrodingShark","floor":6.0},{"not_picked":["theDuelist:GhostReaper","theDuelist:Kasha","theDuelist:Wightprincess","theDuelist:ZombieTiger"],"picked":"theDuelist:SoulAbsorbingBone","floor":8.0},{"not_picked":["theDuelist:AntiFusionDevice","theDuelist:GhostrickBreak","theDuelist:GhostrickVanish","theDuelist:VendreadReunion"],"picked":"theDuelist:Mispolymerization","floor":10.0}],"player_experience":129688,"relics_obtained":[{"floor":6.0,"key":"Blood Vial"},{"floor":8.0,"key":"Bag of Preparation"},{"floor":9.0,"key":"theDuelist:YugiMirror"},{"floor":10.0,"key":"Ornamental Fan"}],"event_choices":[{"damage_healed":0.0,"max_hp_gain":0.0,"max_hp_loss":0.0,"gold_gain":0.0,"event_name":"Egyptian Village","player_choice":"Leave","duelist":true,"floor":2.0,"gold_loss":0.0,"damage_taken":0.0},{"damage_healed":0.0,"max_hp_gain":0.0,"max_hp_loss":0.0,"gold_gain":0.0,"event_name":"Accursed Blacksmith","player_choice":"Rummage","floor":3.0,"gold_loss":0.0,"damage_taken":0.0,"relics_obtained":["WarpedTongs"],"cards_obtained":["Pain"]},{"damage_healed":0.0,"max_hp_gain":0.0,"max_hp_loss":0.0,"gold_gain":0.0,"event_name":"Match and Keep!","player_choice":"3 cards matched","floor":5.0,"gold_loss":0.0,"damage_taken":0.0,"cards_obtained":["theDuelist:VendreadNightmare","theDuelist:GhostrickJiangshi","theDuelist:YukiMusume"]}],"is_beta":false,"boss_relics":[],"items_purged_floors":[11],"is_endless":false,"potions_floor_spawned":[1,8,10],"killed_by":"Lagavulin","ascension_level":5}}