{"host":"fkig9nrckec4xsh0","time":1611179855,"event":{"mods":["BaseMod","Colored Map","Minty Spire (QoL Compilation)","Quick Restart","Replay The Spire","StSLib"],"gold_per_floor":[115,265,321,82,98,111,111,136,136,136,192,192,192],"floor_reached":12,"language":"ENG","playtime":410,"items_purged":["Doubt"],"score":152,"play_id":"e1ba0eeb-86b1-4f8f-a64f-96f0385b2bbb","local_time":"20210120165735","is_ascension_mode":true,"campfire_choices":[{"data":"Combust","floor":7,"key":"SMITH"}],"circlet_count":0,"master_deck":["AscendersBane","Strike_R","Strike_R","Strike_R","Strike_R","Strike_R","Defend_R","Defend_R","Defend_R","Defend_R","Bash","Cleave","Shrug It Off","True Grit","Combust+1","Barricade+1","Dark Embrace"],"relics":["Burning Blood","NeowsBlessing","Juzu Bracelet","ReplayTheSpireMod:TigerMarble","Prayer Wheel","Eternal Feather","Peace Pipe"],"acts_visited":["Exordium"],"potions_floor_usage":[8,8,11,12],"damage_taken":[{"damage":0,"enemies":"2 Louse","floor":1,"turns":2},{"damage":0,"enemies":"Small Slimes","floor":5,"turns":1},{"damage":0,"enemies":"Jaw Worm","floor":6,"turns":1},{"damage":6,"enemies":"3 Sentries","floor":8,"turns":4},{"damage":47,"enemies":"Gremlin Nob","floor":11,"turns":5},{"damage":44,"enemies":"Gremlin Nob","floor":12,"turns":4}],"seed_played":"6337580983997814424","potions_obtained":[{"floor":3,"key":"Block Potion"},{"floor":3,"key":"GamblersBrew"},{"floor":5,"key":"Adrenaline Potion"},{"floor":8,"key":"Block Potion"},{"floor":11,"key":"Energy Potion"}],"is_trial":false,"path_per_floor":["M","?","?","$","M","M","R","E","T","?","?","E"],"character_chosen":"IRONCLAD","items_purchased":["ReplayTheSpireMod:TigerMarble"],"campfire_rested":0,"item_purchase_floors":[4],"current_hp_per_floor":[74,74,44,44,50,56,56,68,68,68,27,0,0],"gold":192,"neow_bonus":"THREE_ENEMY_KILL","is_daily":false,"chose_seed":false,"campfire_upgraded":1,"win_rate":0.0,"timestamp":1611179855,"path_taken":["M","?","?","$","M","M","R","E","T","?","?","E"],"items_purchased_type":["Relic"],"build_version":"2020-12-22","purchased_purges":1,"victory":false,"max_hp_per_floor":[75,75,75,75,75,75,75,75,75,75,75,75,75],"card_choices":[{"not_picked":["ReplayTheSpireMod:Strike From Hell","Second Wind"],"picked":"Cleave","floor":1},{"not_picked":["Seeing Red","Rage"],"picked":"Shrug It Off","floor":3},{"not_picked":["Iron Wave","Entrench"],"picked":"True Grit","floor":5},{"not_picked":["Infernal Blade","Iron Wave"],"picked":"Combust","floor":6},{"not_picked":["Headbutt","Thunderclap"],"picked":"Barricade","floor":8},{"not_picked":["Replay:Undeath\u0027s Touch","Pommel Strike"],"picked":"Dark Embrace","floor":11}],"player_experience":372551,"relics_obtained":[{"floor":3,"key":"Juzu Bracelet"},{"floor":8,"key":"Prayer Wheel"},{"floor":9,"key":"Eternal Feather"}],"event_choices":[{"damage_healed":0,"gold_gain":150,"player_choice":"AGREE","damage_taken":0,"max_hp_gain":0,"max_hp_loss":0,"event_name":"Liars Game","floor":2,"gold_loss":0,"cards_obtained":["Doubt"]},{"damage_healed":0,"gold_gain":0,"player_choice":"Grow","damage_taken":0,"max_hp_gain":0,"max_hp_loss":0,"event_name":"Living Wall","floor":10,"gold_loss":0,"cards_upgraded":["Barricade"]},{"damage_healed":0,"gold_gain":0,"player_choice":"Searched \u00272\u0027 times","damage_taken":0,"relics_obtained":["Peace Pipe"],"max_hp_gain":0,"max_hp_loss":0,"event_name":"Dead Adventurer","floor":11,"gold_loss":0}],"is_beta":false,"boss_relics":[],"items_purged_floors":[4],"is_endless":false,"potions_floor_spawned":[5,8,11],"killed_by":"Gremlin Nob","ascension_level":20}}