{"host":"l60rmjjsfi0fipmi","time":1611114743,"event":{"mods":["BaseMod","Colored Map","DeckTracker","Highlight Path","Minty Spire (QoL Compilation)","StSLib","The Cursed","The Servant 0.9.4"],"gold_per_floor":[113,126,143,20,39,39,71,89,116,16,48,48,48,65,65,163,163,179,195,195,114,128,128,140,140,167,167,187,187,214,233,233,332,332,344,444,455,465,484,484,534,545,545,545,556,556,556],"floor_reached":46,"language":"ENG","playtime":2680,"items_purged":["Defend_G","Strike_G"],"score":595,"play_id":"96fc0847-a818-4549-b167-b70f2ef40984","local_time":"20210119225223","is_ascension_mode":true,"campfire_choices":[{"data":"Dagger Spray","floor":6,"key":"SMITH"},{"floor":12,"key":"REST"},{"data":"Dodge and Roll","floor":15,"key":"SMITH"},{"data":"After Image","floor":23,"key":"SMITH"},{"floor":25,"key":"REST"},{"data":"PiercingWail","floor":29,"key":"SMITH"},{"floor":32,"key":"REST"},{"floor":40,"key":"REST"},{"floor":44,"key":"REST"}],"circlet_count":0,"master_deck":["Survivor","Neutralize","Endless Agony","Bouncing Flask+1","Dagger Spray+1","Backflip","Quick Slash","Dodge and Roll+1","Bane","After Image+1","Adrenaline","Phantasmal Killer","Corpse Explosion","Endless Agony","Bullet Time","Eviscerate","Riddle With Holes","Infinite Blades","Well Laid Plans","PiercingWail+1","Choke","Outmaneuver","Footwork+1","Catalyst"],"relics":["Ring of the Snake","Vajra","Bag of Preparation","Happy Flower","Pandora\u0027s Box","Bronze Scales","Blood Vial","SlaversCollar","Ice Cream","Pear"],"acts_visited":["Exordium","TheCity","TheBeyond"],"potions_floor_usage":[7,16,42,42,46],"damage_taken":[{"damage":0,"enemies":"2 Louse","floor":1,"turns":2},{"damage":0,"enemies":"Small Slimes","floor":2,"turns":3},{"damage":6,"enemies":"Jaw Worm","floor":3,"turns":4},{"damage":1,"enemies":"2 Fungi Beasts","floor":5,"turns":4},{"damage":22,"enemies":"Gremlin Nob","floor":7,"turns":4},{"damage":1,"enemies":"Exordium Thugs","floor":8,"turns":7},{"damage":22,"enemies":"Lagavulin","floor":11,"turns":6},{"damage":0,"enemies":"Blue Slaver","floor":14,"turns":3},{"damage":30,"enemies":"Slime Boss","floor":16,"turns":8},{"damage":2,"enemies":"Shell Parasite","floor":18,"turns":3},{"damage":6,"enemies":"2 Thieves","floor":19,"turns":2},{"damage":19,"enemies":"Snake Plant","floor":22,"turns":4},{"damage":0,"enemies":"Centurion and Healer","floor":24,"turns":4},{"damage":0,"enemies":"Cultist and Chosen","floor":28,"turns":4},{"damage":21,"enemies":"Book of Stabbing","floor":30,"turns":5},{"damage":0,"enemies":"Chosen and Byrds","floor":31,"turns":4},{"damage":52,"enemies":"Collector","floor":33,"turns":7},{"damage":9,"enemies":"3 Darklings","floor":35,"turns":5},{"damage":21,"enemies":"Orb Walker","floor":37,"turns":4},{"damage":14,"enemies":"Jaw Worm Horde","floor":38,"turns":3},{"damage":0,"enemies":"Sphere and 2 Shapes","floor":39,"turns":3},{"damage":26,"enemies":"Mind Bloom Boss Battle","floor":41,"turns":5},{"damage":11,"enemies":"Spire Growth","floor":42,"turns":6},{"damage":37,"enemies":"4 Shapes","floor":45,"turns":6},{"damage":21,"enemies":"Transient","floor":46,"turns":4}],"seed_played":"-4898756332373463279","potions_obtained":[{"floor":1,"key":"Strength Potion"},{"floor":5,"key":"Weak Potion"},{"floor":7,"key":"FearPotion"},{"floor":16,"key":"Explosive Potion"},{"floor":18,"key":"SteroidPotion"},{"floor":24,"key":"EssenceOfSteel"},{"floor":35,"key":"GhostInAJar"},{"floor":45,"key":"BlessingOfTheForge"}],"is_trial":false,"path_per_floor":["M","M","M","$","M","R","E","M","T","$","E","R","?","M","R","B",null,"M","M","?","$","M","R","M","R","T","?","M","R","E","M","R","B",null,"M","?","M","M","M","R","?","M","T","R","M","M"],"character_chosen":"THE_SILENT","items_purchased":["Backflip","Well Laid Plans"],"campfire_rested":5,"item_purchase_floors":[4,21],"current_hp_per_floor":[77,77,71,71,70,70,48,47,47,47,25,48,48,48,48,18,62,60,54,54,54,35,35,35,58,58,58,58,58,37,39,62,12,61,54,54,35,23,25,48,24,15,25,51,16,0,0],"gold":556,"neow_bonus":"TEN_PERCENT_HP_BONUS","is_daily":false,"chose_seed":false,"campfire_upgraded":4,"win_rate":0.0,"timestamp":1611114743,"path_taken":["M","M","M","$","M","R","E","M","T","$","E","R","?","M","R","BOSS","M","M","?","$","M","R","M","R","T","?","M","R","E","M","R","BOSS","M","?","M","?","M","R","?","M","T","R","M","M"],"items_purchased_type":["Card","Card"],"build_version":"2020-12-22","purchased_purges":2,"victory":false,"max_hp_per_floor":[77,77,77,77,77,77,77,77,77,77,77,77,77,77,77,77,77,77,77,77,77,77,77,77,77,77,77,77,77,77,77,77,77,77,77,77,77,77,77,77,77,77,87,87,87,87,87],"card_choices":[{"not_picked":["Deadly Poison","Eviscerate"],"picked":"Endless Agony","floor":1},{"not_picked":["Infinite Blades","Finisher"],"picked":"Bouncing Flask","floor":2},{"not_picked":["All Out Attack","Dodge and Roll"],"picked":"Dagger Spray","floor":3},{"not_picked":["Deadly Poison","Poisoned Stab"],"picked":"Quick Slash","floor":5},{"not_picked":["Footwork","PiercingWail"],"picked":"Backflip","floor":7},{"not_picked":["Caltrops","Flying Knee"],"picked":"Dodge and Roll","floor":8},{"not_picked":["Slice","Blade Dance"],"picked":"Bane","floor":11},{"not_picked":["Sucker Punch","Prepared","Deadly Poison"],"picked":"SKIP","floor":14},{"not_picked":["Unload","Doppelganger"],"picked":"After Image","floor":16},{"not_picked":["Bane","PiercingWail"],"picked":"Infinite Blades","floor":18},{"not_picked":["Dodge and Roll","Backflip","Acrobatics"],"picked":"SKIP","floor":19},{"not_picked":["Acrobatics+1","Cloak And Dagger+1"],"picked":"PiercingWail","floor":22},{"not_picked":["Flying Knee","Underhanded Strike","Prepared"],"picked":"SKIP","floor":24},{"not_picked":["Backflip+1","Prepared","Terror"],"picked":"SKIP","floor":28},{"not_picked":["Backstab+1","Accuracy","Eviscerate+1"],"picked":"SKIP","floor":30},{"not_picked":["Blur","Underhanded Strike","Bane"],"picked":"SKIP","floor":31},{"not_picked":["Leg Sweep+1","Escape Plan+1","All Out Attack"],"picked":"SKIP","floor":35},{"not_picked":["Slice","Poisoned Stab","Cloak And Dagger"],"picked":"SKIP","floor":37},{"not_picked":["Sucker Punch","Dagger Spray","Poisoned Stab+1"],"picked":"SKIP","floor":38},{"not_picked":["Slice+1","Deflect","Leg Sweep+1"],"picked":"SKIP","floor":39},{"not_picked":["Acrobatics+1","Cloak And Dagger"],"picked":"Footwork+1","floor":41},{"not_picked":["Acrobatics","Poisoned Stab+1"],"picked":"Catalyst","floor":42},{"not_picked":["Blade Dance+1","Malaise","Dagger Throw+1"],"picked":"SKIP","floor":45}],"player_experience":510143,"relics_obtained":[{"floor":7,"key":"Vajra"},{"floor":9,"key":"Bag of Preparation"},{"floor":11,"key":"Happy Flower"},{"floor":26,"key":"Bronze Scales"},{"floor":30,"key":"Blood Vial"},{"floor":41,"key":"Ice Cream"},{"floor":43,"key":"Pear"}],"event_choices":[{"damage_healed":0,"gold_gain":0,"player_choice":"Grow","damage_taken":0,"max_hp_gain":0,"max_hp_loss":0,"event_name":"Living Wall","floor":13,"gold_loss":0,"cards_upgraded":["Bouncing Flask"]},{"damage_healed":0,"gold_gain":0,"player_choice":"Ignored","damage_taken":0,"max_hp_gain":0,"max_hp_loss":0,"event_name":"Vampires","floor":20,"gold_loss":0},{"damage_healed":0,"gold_gain":0,"cards_transformed":["Eviscerate","Backflip"],"player_choice":"Became Test Subject","damage_taken":0,"max_hp_gain":0,"max_hp_loss":0,"event_name":"Drug Dealer","floor":27,"gold_loss":0,"cards_obtained":["Choke","Outmaneuver"]},{"damage_healed":0,"gold_gain":100,"player_choice":"Pray","damage_taken":0,"max_hp_gain":0,"max_hp_loss":0,"event_name":"Golden Shrine","floor":36,"gold_loss":0},{"damage_healed":0,"gold_gain":0,"player_choice":"Fight","damage_taken":0,"max_hp_gain":0,"max_hp_loss":0,"event_name":"MindBloom","floor":41,"gold_loss":0}],"is_beta":false,"boss_relics":[{"not_picked":["Empty Cage","Calling Bell"],"picked":"Pandora\u0027s Box"},{"not_picked":["Tiny House","Black Star"],"picked":"SlaversCollar"}],"items_purged_floors":[4,10],"is_endless":false,"potions_floor_spawned":[1,5,7,16,18,19,24,35,45],"killed_by":"Transient","ascension_level":5}}