{"host":"56d873i5r3uhle0q","time":1611146889,"event":{"mods":["100% Spire Juice","Act Like it!","Aspiration","BaseMod","Block Reminder","Conspire","Gensokyo","Hermit","Hubris","Infinite Spire","Jedi Mod","Lobotomy","Marisa????????","Marked Mod","Minty Spire (QoL Compilation)","Replay The Spire","StSLib","The Animator","The Bug Knight","The Cursed","The Marked","The Servant 0.9.4","everything is the same but u backflip on backflip","vexMod","??????REMEMod"],"gold_per_floor":[114,41,41,41,58,58,69,281,305,305,318,334,354,130,130,130,130],"floor_reached":16,"language":"ENG","playtime":1037,"items_purged":[],"score":94,"play_id":"df9ab875-55ea-4c9d-b70e-da0a2c2bb3ca","local_time":"20210120054809","is_ascension_mode":false,"campfire_choices":[{"data":"Chrysalis","floor":6,"key":"SMITH"},{"data":"MarkedMod:ChiBlock","floor":10,"key":"SMITH"},{"floor":15,"key":"REST"}],"circlet_count":0,"master_deck":["Strike_P","Strike_P+1","Strike_P","Strike_P+1","Defend_P","Defend_P","Defend_P","Defend_P","Vigilance","Chrysalis+1","BigBird","MarkedMod:ChiBlock+1","Woodsman","HappyTeddy","Replay:DivineShield","ForeignInfluence","MentalFortress"],"relics":["PureWater","REME_ComplimentaryCards","CogitoBucket","Gensokyo:Mercy","Whetstone","Toolbox"],"acts_visited":["Gensokyo:Gensokyo"],"potions_floor_usage":[12,12],"damage_taken":[{"damage":0,"enemies":"Gensokyo:2_Kodama","floor":1,"turns":5},{"damage":8,"enemies":"Gensokyo:Gryphon","floor":5,"turns":4},{"damage":10,"enemies":"Gensokyo:3_Fairies","floor":7,"turns":10},{"damage":0,"enemies":"Gensokyo:2_Rabbits","floor":8,"turns":5},{"damage":31,"enemies":"Gensokyo:LivingMonolith","floor":11,"turns":5},{"damage":20,"enemies":"Gensokyo:Python_and_Kodama","floor":12,"turns":5},{"damage":19,"enemies":"Gensokyo:Kitsune","floor":13,"turns":5},{"damage":62,"enemies":"Gensokyo:Kokoro","floor":16,"turns":13}],"seed_played":"-3711020846084429370","potions_obtained":[{"floor":1,"key":"SkillPotion"},{"floor":8,"key":"Adrenaline Potion"}],"is_trial":false,"path_per_floor":["M","COS","?","?","M","R","M","M","T","R","M","M","M","$","R","B"],"character_chosen":"WATCHER","items_purchased":["Toolbox","MentalFortress"],"campfire_rested":1,"item_purchase_floors":[14,14],"current_hp_per_floor":[72,72,72,72,64,64,54,54,54,54,29,27,14,14,35,0,0],"gold":130,"neow_bonus":"","is_daily":false,"chose_seed":false,"campfire_upgraded":2,"win_rate":0.0,"timestamp":1611146889,"path_taken":["M","COS","?","?","M","R","M","M","T","R","M","?","M","$","R","BOSS"],"items_purchased_type":["Relic","Card"],"build_version":"2020-12-22","purchased_purges":0,"victory":false,"max_hp_per_floor":[72,72,72,72,72,72,72,72,72,72,72,72,72,72,72,72,72],"card_choices":[{"not_picked":["WallGazer","OSAHOGD"],"picked":"BigBird","floor":1},{"not_picked":["TalkToTheHand","BattleHymn","ClearTheMind"],"picked":"SKIP","floor":1},{"not_picked":["MarkedMod:FirstStrike","Indignation","TalkToTheHand"],"picked":"SKIP","floor":5},{"not_picked":["Ragnarok","REME_WorshipGod"],"picked":"MarkedMod:ChiBlock","floor":7},{"not_picked":["FollowUp","Halt","JustLucky"],"picked":"SKIP","floor":7},{"not_picked":["Scorched","Yin"],"picked":"Woodsman","floor":8},{"not_picked":["Replay:Battleflow","Halt","FlurryOfBlows"],"picked":"SKIP","floor":8},{"not_picked":["OSAHOGD","SpiderBud"],"picked":"HappyTeddy","floor":11},{"not_picked":["REME_Repentance","Replay:ManipulateFuture"],"picked":"Replay:DivineShield","floor":11},{"not_picked":["Perseverance","EmptyBody","Conclude"],"picked":"SKIP","floor":12},{"not_picked":["Perseverance","EmptyBody","Conclude"],"picked":"SKIP","floor":12},{"not_picked":["ConjureBlade","FollowUp"],"picked":"ForeignInfluence","floor":13}],"player_experience":569919,"relics_obtained":[{"floor":9,"key":"Whetstone"}],"event_choices":[],"is_beta":false,"boss_relics":[],"items_purged_floors":[],"is_endless":false,"potions_floor_spawned":[1,8],"killed_by":"Gensokyo:Kokoro","ascension_level":0}}