{"host":"dnd25fcf5l5puhl9","time":1611186653,"event":{"mods":["AchievementEnabler","Act Like it!","BaseMod","BetterRewards","Conspire","Hermit","Hubris","Infinite Spire","Minty Spire (QoL Compilation)","Replay The Spire","Shop Mod","StSLib","SuperFastMode","vexMod"],"gold_per_floor":[112,287,287,44,59,88,88,63,90,120,134,145,176,188,188,284,284,300,310,310,329,329,357,368,368,368],"floor_reached":25,"language":"PTB","playtime":1036,"items_purged":["Doubt"],"score":377,"play_id":"0f428448-a999-4a63-acc0-babab32d5ca2","local_time":"20210120215053","is_ascension_mode":true,"campfire_choices":[{"data":"Apotheosis","floor":7,"key":"SMITH"},{"floor":15,"key":"DIG"}],"circlet_count":0,"master_deck":["AscendersBane","Strike_R","Strike_R","Strike_R","Strike_R","Strike_R","Defend_R","Defend_R","Defend_R","Defend_R","Bash","Shrug It Off","Apotheosis+1","conspire:Charge","Inflame+1","Immolate","Demon Form","Pommel Strike+1","Spot Weakness","Inflame"],"relics":["Burning Blood","King of Hearts","hubris:OldNail","ReplayFunnel","Turnip","infinitespire:EmpoweringShard","vexMod:TanglingVine","hubris:Towel","infinitespire:PuzzleCube"],"acts_visited":["Exordium","TheCity"],"potions_floor_usage":[10,16,16,23,25],"damage_taken":[{"damage":10,"enemies":"2 Louse","floor":1,"turns":4},{"damage":4,"enemies":"Jaw Worm","floor":5,"turns":6},{"damage":4,"enemies":"Replay:BlueRogue","floor":6,"turns":8},{"damage":13,"enemies":"Lagavulin","floor":10,"turns":6},{"damage":0,"enemies":"conspire:RoseBush","floor":11,"turns":4},{"damage":6,"enemies":"2 Fungi Beasts","floor":12,"turns":4},{"damage":19,"enemies":"Replay:BlueRogue","floor":13,"turns":7},{"damage":5,"enemies":"Blue Slaver","floor":14,"turns":4},{"damage":38,"enemies":"Hexaghost","floor":16,"turns":8},{"damage":8,"enemies":"Shell Parasite","floor":18,"turns":5},{"damage":16,"enemies":"conspire:FuzzyDice","floor":19,"turns":5},{"damage":17,"enemies":"Snecko","floor":21,"turns":4},{"damage":41,"enemies":"Book of Stabbing","floor":23,"turns":5},{"damage":10,"enemies":"conspire:HollyBat","floor":24,"turns":8},{"damage":10,"enemies":"Nightmare","floor":25,"turns":4}],"seed_played":"6613743700528460112","potions_obtained":[{"floor":1,"key":"Fruit Juice"},{"floor":10,"key":"DuplicationPotion"},{"floor":13,"key":"LifebloodPotion"},{"floor":18,"key":"SkillPotion"},{"floor":24,"key":"EssenceOfSteel"}],"is_trial":false,"path_per_floor":["M","?","?","$","M","E","R","?","T","E","M","M","E","M","R","B",null,"M","M","?","M","?","E","M","NM"],"character_chosen":"IRONCLAD","items_purchased":["AttackPotion","Apotheosis"],"campfire_rested":0,"item_purchase_floors":[0,4],"current_hp_per_floor":[68,68,68,68,70,72,72,72,72,70,76,76,63,64,64,32,72,70,60,60,49,49,14,10,0,0],"gold":368,"neow_bonus":"","is_daily":false,"chose_seed":false,"campfire_upgraded":1,"win_rate":0.0,"timestamp":1611186653,"path_taken":["M","?","?","$","M","E","R","?","T","E","M","M","E","M","R","BOSS","M","M","?","M","?","E","M","NM"],"items_purchased_type":["Potion","Card"],"build_version":"2020-12-22","purchased_purges":1,"victory":false,"max_hp_per_floor":[80,80,80,80,80,80,80,80,80,85,85,85,85,85,85,85,85,85,85,85,85,85,85,85,85,85],"card_choices":[{"not_picked":["Warcry","Massacre"],"picked":"Shrug It Off","floor":1},{"not_picked":["Run Through","Replay:Undeath\u0027s Touch","Headbutt"],"picked":"SKIP","floor":5},{"not_picked":["Defy Death","Battle Trance"],"picked":"conspire:Charge","floor":6},{"not_picked":["Wild Strike","True Grit","Heavy Blade"],"picked":"SKIP","floor":10},{"not_picked":["hubris:SharpeningStone","ReplayTheSpireMod:Strike From Hell"],"picked":"Inflame","floor":11},{"not_picked":["Headbutt","Cleave"],"picked":"Immolate","floor":12},{"not_picked":["Pummel","Whirlwind","Havoc"],"picked":"SKIP","floor":13},{"not_picked":["Run Through","Cleave","Sever Soul"],"picked":"SKIP","floor":14},{"not_picked":["Hemogenesis","Berserk"],"picked":"Demon Form","floor":16},{"not_picked":["Combust","Cleave"],"picked":"Pommel Strike+1","floor":18},{"not_picked":["ReplayTheSpireMod:Corrosion Curse","hubris:ReadiedAction+1"],"picked":"Spot Weakness","floor":19},{"not_picked":["Shockwave","Flex","Reckless Charge"],"picked":"SKIP","floor":21},{"not_picked":["Pommel Strike","Perfected Strike","Seeing Red"],"picked":"SKIP","floor":23},{"not_picked":["Armaments+1","hubris:ReadiedAction"],"picked":"Inflame","floor":24}],"player_experience":445122,"relics_obtained":[{"floor":6,"key":"King of Hearts"},{"floor":9,"key":"hubris:OldNail"},{"floor":10,"key":"ReplayFunnel"},{"floor":13,"key":"Turnip"},{"floor":15,"key":"infinitespire:EmpoweringShard"},{"floor":23,"key":"infinitespire:PuzzleCube"}],"event_choices":[{"damage_healed":0,"gold_gain":175,"player_choice":"AGREE","damage_taken":0,"max_hp_gain":0,"max_hp_loss":0,"event_name":"Liars Game","floor":2,"gold_loss":0,"cards_obtained":["Doubt"]}],"is_beta":false,"boss_relics":[{"not_picked":["Sozu","Abe\u0027s Treasure"],"picked":"vexMod:TanglingVine"}],"items_purged_floors":[4],"is_endless":true,"potions_floor_spawned":[1,10,13,18,24],"killed_by":"Nightmare","ascension_level":11}}