{"host":"gqhy17d1xpb1p3ki","time":1611109596,"event":{"mods":["BaseMod","Colored Map","Downfall","Hermit","Marisa????????","Minty Spire (QoL Compilation)","StSLib","The Animator","The Cursed","The Servant 0.9.4"],"gold_per_floor":[99,110,126,126,144,173,173,206,206,381,381,381,399,9,26,122,122,122,135,149,149,149,149,199,199,215,215,233,233,247,347,364,364,364],"floor_reached":33,"language":"ENG","playtime":13009,"items_purged":["animator:Curse_Greed"],"score":259,"play_id":"485662c4-7e38-4c0d-b0ae-8bcb60d9c94c","local_time":"20210119212636","is_ascension_mode":false,"campfire_choices":[{"data":"UpSweep","floor":1,"key":"SMITH"},{"floor":9,"key":"REST"},{"data":"LuminesStrike","floor":12,"key":"SMITH"},{"data":"MagicChant","floor":18,"key":"SMITH"},{"data":"EnergyRecoil","floor":23,"key":"SMITH"}],"circlet_count":0,"master_deck":["Strike_MRS","Strike_MRS","Strike_MRS","Defend_MRS","Defend_MRS","Defend_MRS","MasterSpark","UpSweep+1","EventHorizon","GrandCross","PropBag","DoubleSpark","LuminesStrike+1","OortCloud","MagicChant+1","Acceleration","TreasureHunter","OpenUniverse","EnergyRecoil+1","EarthLightRay","AsteroidBelt","RitualDagger+1","MysteriousBeam","ChargingUp"],"relics":["MiniHakkero","Letter Opener","HandmadeGrimoire","Blue Candle","Pen Nib","Bronze Scales","Empty Cage","Art of War","Centennial Puzzle","Mercury Hourglass"],"acts_visited":["Exordium","TheCity"],"potions_floor_usage":[16,16,21,26,33],"damage_taken":[{"damage":1,"enemies":"Cultist","floor":2,"turns":3},{"damage":0,"enemies":"Small Slimes","floor":3,"turns":2},{"damage":5,"enemies":"2 Louse","floor":5,"turns":3},{"damage":26,"enemies":"Lagavulin","floor":6,"turns":6},{"damage":39,"enemies":"3 Sentries","floor":8,"turns":9},{"damage":3,"enemies":"Red Slaver","floor":13,"turns":2},{"damage":0,"enemies":"downfall:FleeingMerchant","floor":14,"turns":4},{"damage":1,"enemies":"Exordium Wildlife","floor":15,"turns":2},{"damage":24,"enemies":"DF_ARCHETYPE_STREAMLINE","floor":16,"turns":9},{"damage":13,"enemies":"Shell Parasite","floor":19,"turns":3},{"damage":12,"enemies":"3 Byrds","floor":20,"turns":3},{"damage":0,"enemies":"Centurion and Healer","floor":21,"turns":1},{"damage":11,"enemies":"Sentry and Sphere","floor":26,"turns":4},{"damage":0,"enemies":"Chosen and Byrds","floor":28,"turns":2},{"damage":24,"enemies":"Cultist and Chosen","floor":30,"turns":6},{"damage":12,"enemies":"Snecko","floor":32,"turns":4},{"damage":28,"enemies":"SI_MIRROR_ARCHETYPE","floor":33,"turns":4}],"seed_played":"3326859708580077256","potions_obtained":[{"floor":2,"key":"Fire Potion"},{"floor":8,"key":"SkillPotion"},{"floor":15,"key":"Dexterity Potion"},{"floor":16,"key":"SmokeBomb"},{"floor":20,"key":"ColorlessPotion"},{"floor":28,"key":"sneckomod:MuddlingPotion"},{"floor":29,"key":"CultistPotion"}],"is_trial":false,"path_per_floor":["R","M","M","?","M","E","T","E","R","?","?","R","M","$","M","B",null,"R","M","M","M","?","R","T","?","M","?","M","?","M","?","M","B"],"character_chosen":"MARISA","items_purchased":["Pen Nib","Bronze Scales"],"campfire_rested":1,"item_purchase_floors":[14,14],"current_hp_per_floor":[82,81,81,81,76,50,50,11,35,35,35,35,32,32,31,7,82,82,69,57,57,57,57,57,57,46,46,52,52,32,32,24,0,0],"gold":364,"neow_bonus":"TEN_PERCENT_HP_BONUS","is_daily":false,"chose_seed":false,"campfire_upgraded":4,"win_rate":0.0,"timestamp":1611109596,"path_taken":["R","M","?","?","M","E","T","E","R","?","?","R","M","$","M","BOSS","R","M","M","M","?","R","T","?","M","?","?","?","M","?","M","BOSS"],"items_purchased_type":["Relic","Relic"],"build_version":"2020-12-22","purchased_purges":1,"victory":false,"max_hp_per_floor":[82,82,82,82,82,82,82,82,82,82,82,82,82,82,82,82,82,82,82,82,82,82,82,82,82,82,82,82,82,82,82,82,82,82],"card_choices":[{"not_picked":["AsteroidBelt","GalacticHalo"],"picked":"EventHorizon","floor":2},{"not_picked":["SporeBomb","SprinkleStarSeal"],"picked":"GrandCross","floor":3},{"not_picked":["Acceleration","MaximisePower"],"picked":"PropBag","floor":5},{"not_picked":["ChargingUp","EventHorizon"],"picked":"DoubleSpark","floor":6},{"not_picked":["WitchOfGreed","ShootingEcho"],"picked":"LuminesStrike","floor":8},{"not_picked":["AsteroidBelt","DC"],"picked":"OortCloud","floor":13},{"not_picked":["GravityBeat","WitchOfGreed"],"picked":"MagicChant","floor":14},{"not_picked":["GasGiant","WitchLeyline"],"picked":"Acceleration","floor":15},{"not_picked":["CasketOfStar","FinalSpark"],"picked":"TreasureHunter","floor":16},{"not_picked":["MysteriousBeam+1","AsteroidBelt"],"picked":"OpenUniverse","floor":19},{"not_picked":["DoubleSpark","GrandCross"],"picked":"EnergyRecoil","floor":20},{"not_picked":["Acceleration","SporeBomb"],"picked":"EarthLightRay","floor":26},{"not_picked":["DarkSpark","MilkyWay+1"],"picked":"AsteroidBelt","floor":28},{"not_picked":["DC","BinaryStars"],"picked":"MysteriousBeam","floor":30},{"not_picked":["MagicChant","DoubleSpark"],"picked":"ChargingUp","floor":32}],"player_experience":350505,"relics_obtained":[{"floor":6,"key":"Letter Opener"},{"floor":7,"key":"HandmadeGrimoire"},{"floor":8,"key":"Blue Candle"},{"floor":24,"key":"Centennial Puzzle"}],"event_choices":[{"cards_removed":["Writhe"],"damage_healed":0,"gold_gain":0,"player_choice":"Elegance","damage_taken":0,"max_hp_gain":0,"max_hp_loss":0,"event_name":"Back to Basics","floor":25,"gold_loss":0}],"is_beta":false,"boss_relics":[{"not_picked":["Velvet Choker","Pandora\u0027s Box"],"picked":"Empty Cage"}],"items_purged_floors":[14],"is_endless":false,"potions_floor_spawned":[2,8,15,16,20,21,28],"killed_by":"SI_MIRROR_ARCHETYPE","ascension_level":0}}