{"host":"3y2rtlgteqp2nuo3","time":1611141179,"event":{"mods":["2.2 Compatiblity","AchievementEnabler","BaseMod","Colored Map","DeckTracker","Highlight Path","Keyboard Shortcuts","Minty Spire (QoL Compilation)","Permanent Neow","Quick Restart","StSLib","SuperFastMode","everything is the same but u backflip on backflip"],"gold_per_floor":[119,133,145,95,270,270,71,71,71,91,108,119,119,131,131,131,131],"floor_reached":16,"language":"KOR","playtime":306,"items_purged":["Doubt"],"score":160,"play_id":"06b485f1-fde7-4197-a91f-71ac37f9279a","local_time":"20210120201259","is_ascension_mode":true,"campfire_choices":[{"data":"Sucker Punch","floor":6.0,"key":"SMITH"},{"data":"Neutralize","floor":8.0,"key":"SMITH"},{"data":"Underhanded Strike","floor":13.0,"key":"SMITH"},{"data":"Masterful Stab","floor":15,"key":"SMITH"}],"circlet_count":0,"master_deck":["AscendersBane","Strike_G","Strike_G","Strike_G","Defend_G","Defend_G","Defend_G","Defend_G","Survivor","Neutralize+1","Sucker Punch+1","Underhanded Strike+1","Catalyst","Bandage Up","Unload","Masterful Stab+1","Blade Dance+1"],"relics":["Ring of the Snake","Toxic Egg 2"],"acts_visited":["Exordium"],"potions_floor_usage":[],"damage_taken":[{"damage":0.0,"enemies":"Jaw Worm","floor":1.0,"turns":4.0},{"damage":0.0,"enemies":"Small Slimes","floor":2.0,"turns":4.0},{"damage":0.0,"enemies":"Cultist","floor":3.0,"turns":3.0},{"damage":0.0,"enemies":"Blue Slaver","floor":10.0,"turns":4.0},{"damage":0.0,"enemies":"Large Slime","floor":11.0,"turns":5.0},{"damage":6.0,"enemies":"2 Fungi Beasts","floor":12.0,"turns":3.0},{"damage":27,"enemies":"Gremlin Gang","floor":14,"turns":4},{"damage":0,"enemies":"Slime Boss","floor":16,"turns":3}],"seed_played":"4433646319005329949","potions_obtained":[{"floor":2.0,"key":"SneckoOil"},{"floor":11.0,"key":"Block Potion"},{"floor":12.0,"key":"EssenceOfSteel"}],"is_trial":false,"path_per_floor":["M","M","M","?","?","R","$","R","T","M","M","M","R","M","R","B"],"character_chosen":"THE_SILENT","items_purchased":["Catalyst","Bandage Up"],"campfire_rested":0,"item_purchase_floors":[7,7],"current_hp_per_floor":[44,44,44,44,44,44,44,44,44,48,52,50,50,27,27,31,31],"gold":131,"neow_bonus":"REMOVE_TWO","is_daily":false,"chose_seed":false,"campfire_upgraded":4,"win_rate":0.0,"timestamp":1611141179,"path_taken":["M","M","M","?","?","R","$","R","T","M","M","M","R","M","R","BOSS"],"items_purchased_type":["Card","Card"],"build_version":"2020-12-22","purchased_purges":1,"victory":false,"max_hp_per_floor":[66,66,66,66,66,66,66,66,66,66,66,66,66,66,66,66,66],"card_choices":[{"not_picked":["Bane","Acrobatics"],"picked":"Sucker Punch","floor":1.0},{"not_picked":["Bane","Sucker Punch","Acrobatics"],"picked":"SKIP","floor":2.0},{"not_picked":["Bane","Catalyst"],"picked":"Underhanded Strike","floor":3.0},{"not_picked":["Concentrate+1","Unload","Flying Knee"],"picked":"SKIP","floor":10.0},{"not_picked":["Concentrate+1","Flying Knee"],"picked":"Unload","floor":10.0},{"not_picked":["Dagger Spray","Sucker Punch"],"picked":"Masterful Stab","floor":11.0},{"not_picked":["Skewer","Flying Knee","Setup+1"],"picked":"SKIP","floor":12.0},{"not_picked":["Skewer","Riddle With Holes"],"picked":"Blade Dance+1","floor":14}],"player_experience":701187,"relics_obtained":[{"floor":9.0,"key":"Toxic Egg 2"}],"event_choices":[{"cards_removed":["Strike_G"],"damage_healed":0.0,"max_hp_gain":0.0,"max_hp_loss":0.0,"gold_gain":0.0,"event_name":"The Cleric","player_choice":"Card Removal","floor":4.0,"gold_loss":50.0,"damage_taken":0.0},{"damage_healed":0.0,"max_hp_gain":0.0,"max_hp_loss":0.0,"gold_gain":175.0,"event_name":"Liars Game","player_choice":"AGREE","floor":5.0,"gold_loss":0.0,"damage_taken":0.0,"cards_obtained":["Doubt"]}],"is_beta":false,"boss_relics":[],"items_purged_floors":[7],"is_endless":false,"potions_floor_spawned":[2,11,12],"killed_by":"Slime Boss","ascension_level":14}}