{"host":"qekv59dthhdg54sz","time":1611137745,"event":{"mods":["AchievementEnabler","BaseMod","Colored Map","DeckTracker","KOR Keyword Fix","Minty Spire (QoL Compilation)","Rare Cards Sparkle","StSLib","SuperFastMode"],"gold_per_floor":[116,130,130,55,25,25,45,62,62,62,95,95,95,121,121,192,192,208,224,224,242,242,242,242,276,299,330,358,370,398,410,422,434,434],"floor_reached":33,"language":"KOR","playtime":740,"items_purged":["Defend_P"],"score":550,"play_id":"0bd54947-35ee-443f-a19e-d5bcb288ef4a","local_time":"20210120191545","is_ascension_mode":true,"campfire_choices":[{"data":"Vigilance","floor":6.0,"key":"SMITH"},{"data":"PathToVictory","floor":10.0,"key":"SMITH"},{"floor":12.0,"key":"REST"},{"floor":15.0,"key":"REST"},{"floor":23.0,"key":"REST"},{"floor":32.0,"key":"REST"}],"circlet_count":0,"master_deck":["AscendersBane","Strike_P+1","Strike_P+1","Strike_P+1","Defend_P+1","Defend_P+1","Defend_P+1","Eruption+1","Vigilance+1","LessonLearned+1","EmptyFist+1","PathToVictory+1","FollowUp+1","Scrawl+1","MentalFortress+1","ConjureBlade+1","PathToVictory"],"relics":["PureWater","Darkstone Periapt","Happy Flower","War Paint","Runic Pyramid","Dream Catcher","MawBank"],"acts_visited":["Exordium","TheCity"],"potions_floor_usage":[33,33],"damage_taken":[{"damage":2.0,"enemies":"2 Louse","floor":1.0,"turns":4.0},{"damage":16.0,"enemies":"Jaw Worm","floor":2.0,"turns":5.0},{"damage":0.0,"enemies":"Cultist","floor":7.0,"turns":3.0},{"damage":0.0,"enemies":"Exordium Wildlife","floor":8.0,"turns":3.0},{"damage":16.0,"enemies":"Gremlin Nob","floor":11.0,"turns":3.0},{"damage":40.0,"enemies":"3 Sentries","floor":14.0,"turns":9.0},{"damage":16.0,"enemies":"Hexaghost","floor":16.0,"turns":8.0},{"damage":3.0,"enemies":"2 Thieves","floor":18.0,"turns":3.0},{"damage":18.0,"enemies":"3 Byrds","floor":19.0,"turns":4.0},{"damage":21.0,"enemies":"Shelled Parasite and Fungi","floor":21.0,"turns":4.0},{"damage":12.0,"enemies":"Slavers","floor":25.0,"turns":5.0},{"damage":6.0,"enemies":"Centurion and Healer","floor":27.0,"turns":5.0},{"damage":0.0,"enemies":"3 Cultists","floor":28.0,"turns":4.0},{"damage":6.0,"enemies":"Cultist and Chosen","floor":30.0,"turns":3.0},{"damage":50,"enemies":"Automaton","floor":33,"turns":6}],"seed_played":"-3850857607614985317","potions_obtained":[{"floor":5.0,"key":"Strength Potion"},{"floor":5.0,"key":"Ancient Potion"},{"floor":11.0,"key":"SpeedPotion"},{"floor":14.0,"key":"Fruit Juice"},{"floor":21.0,"key":"Block Potion"},{"floor":28.0,"key":"Energy Potion"}],"is_trial":false,"path_per_floor":["M","M","?","$","?","R","M","M","T","R","E","R","$","E","R","B",null,"M","M","?","M","?","R","?","E","T","M","M","?","M","?","R","B"],"character_chosen":"WATCHER","items_purchased":[],"campfire_rested":4,"item_purchase_floors":[],"current_hp_per_floor":[59,43,43,43,43,43,43,43,43,43,27,47,47,7,27,11,54,51,33,33,12,26,46,46,34,34,28,28,28,22,22,42,0,0],"gold":434,"neow_bonus":"ONE_RANDOM_RARE_CARD","is_daily":false,"chose_seed":false,"campfire_upgraded":2,"win_rate":0.0,"timestamp":1611137745,"path_taken":["M","M","?","$","?","R","M","?","T","R","E","R","$","E","R","BOSS","M","M","?","M","?","R","?","E","T","M","M","?","M","?","R","BOSS"],"items_purchased_type":[],"build_version":"2020-12-22","purchased_purges":1,"victory":false,"max_hp_per_floor":[68,68,68,68,68,68,68,68,68,68,68,68,68,68,68,68,68,68,68,68,68,68,68,68,68,68,68,68,68,68,68,68,73,73],"card_choices":[{"not_picked":["CutThroughFate","Halt"],"picked":"EmptyFist","floor":1.0},{"not_picked":["Crescendo","FlyingSleeves","Vengeance"],"picked":"SKIP","floor":2.0},{"not_picked":["Consecrate","ClearTheMind","WindmillStrike"],"picked":"SKIP","floor":7.0},{"not_picked":["Wireheading","WaveOfTheHand"],"picked":"PathToVictory","floor":8.0},{"not_picked":["Omniscience","Protect"],"picked":"FollowUp","floor":11.0},{"not_picked":["Conclude","FlurryOfBlows","FollowUp"],"picked":"SKIP","floor":14.0},{"not_picked":["Brilliance","Judgement"],"picked":"Scrawl","floor":16.0},{"not_picked":["SashWhip","Protect","Sanctity"],"picked":"SKIP","floor":18.0},{"not_picked":["SashWhip","FearNoEvil"],"picked":"MentalFortress","floor":19.0},{"not_picked":["DeceiveReality","Consecrate","JustLucky+1"],"picked":"SKIP","floor":21.0},{"not_picked":["WaveOfTheHand","Ragnarok"],"picked":"ConjureBlade","floor":25.0},{"not_picked":["Prostrate","SashWhip+1","Consecrate"],"picked":"SKIP","floor":27.0},{"not_picked":["EmptyFist","Wireheading","BowlingBash"],"picked":"SKIP","floor":28.0},{"not_picked":["Consecrate","CarveReality","Crescendo"],"picked":"SKIP","floor":30.0},{"not_picked":["Alpha","Pray"],"picked":"PathToVictory","floor":32.0}],"player_experience":787553,"relics_obtained":[{"floor":9.0,"key":"Darkstone Periapt"},{"floor":11.0,"key":"Happy Flower"},{"floor":14.0,"key":"War Paint"},{"floor":25.0,"key":"Dream Catcher"},{"floor":26.0,"key":"MawBank"}],"event_choices":[{"cards_removed":["Strike_P"],"damage_healed":0.0,"max_hp_gain":0.0,"max_hp_loss":0.0,"gold_gain":0.0,"event_name":"Living Wall","player_choice":"Forget","floor":3.0,"gold_loss":0.0,"damage_taken":0.0},{"damage_healed":0.0,"max_hp_gain":0.0,"max_hp_loss":0.0,"gold_gain":0.0,"event_name":"The Woman in Blue","player_choice":"Bought 2 Potions","floor":5.0,"gold_loss":0.0,"damage_taken":0.0},{"damage_healed":0.0,"max_hp_gain":0.0,"max_hp_loss":0.0,"gold_gain":0.0,"event_name":"Cursed Tome","player_choice":"Ignored","floor":20.0,"gold_loss":0.0,"damage_taken":0.0},{"damage_healed":14.0,"max_hp_gain":0.0,"max_hp_loss":0.0,"gold_gain":0.0,"event_name":"The Library","player_choice":"Heal","floor":22.0,"gold_loss":0.0,"damage_taken":0.0},{"damage_healed":0.0,"max_hp_gain":0.0,"max_hp_loss":0.0,"gold_gain":0.0,"event_name":"Vampires","player_choice":"Ignored","floor":24.0,"gold_loss":0.0,"damage_taken":0.0},{"damage_healed":0.0,"max_hp_gain":0.0,"max_hp_loss":0.0,"gold_gain":0.0,"event_name":"Ghosts","player_choice":"Ignored","floor":29.0,"gold_loss":0.0,"damage_taken":0.0},{"damage_healed":0.0,"max_hp_gain":0.0,"max_hp_loss":0.0,"gold_gain":0.0,"event_name":"The Mausoleum","player_choice":"Ignored","floor":31.0,"gold_loss":0.0,"damage_taken":0.0}],"is_beta":false,"boss_relics":[{"not_picked":["Black Star","SacredBark"],"picked":"Runic Pyramid"}],"items_purged_floors":[4],"is_endless":false,"potions_floor_spawned":[7,11,14,19,21,28],"killed_by":"Automaton","ascension_level":20}}