{"host":"nbmmy2ys5j9alw05","time":1611150185,"event":{"mods":["AchievementEnabler","BaseMod","Bestiary","Better Vampires","Colored Map","Colored Powertips","Googly Eyes","Minty Spire (QoL Compilation)","Quick Restart","StSLib","The Hierophant","The IronCluck","everything is the same but u backflip on backflip"],"gold_per_floor":[111,169,169,94,91,91,91,81,81,81,81,81,81,86,86,196,196,235,97,121,88,89,89,89,89,89,73,73],"floor_reached":27,"language":"ENG","playtime":673,"items_purged":["hierophant:Defend_Hierophant"],"score":221,"play_id":"5257969d-0b65-49da-a6d5-2ad8d5e2b2e4","local_time":"20210120054305","is_ascension_mode":true,"campfire_choices":[{"data":"hierophant:OrnateBuckler","floor":6,"key":"SMITH"},{"floor":10,"key":"REST"},{"data":"hierophant:RustyCrate","floor":12,"key":"SMITH"},{"data":"hierophant:WrathOfGod","floor":15,"key":"SMITH"},{"floor":23,"key":"REST"}],"circlet_count":0,"master_deck":["hierophant:Strike_Hierophant","hierophant:Strike_Hierophant","hierophant:Strike_Hierophant","hierophant:Punish","hierophant:Defend_Hierophant","hierophant:Defend_Hierophant","hierophant:Defend_Hierophant","hierophant:ChurchCoffers","hierophant:WrathOfGod+1","hierophant:OrnateBuckler+1","hierophant:RustyCrate+1","hierophant:Doubloon","hierophant:Doubloon","hierophant:Cornucopia","hierophant:Invocation","hierophant:OrnateBuckler","hierophant:AuricShield+1"],"relics":["hierophant:PropheticMaskRelic","Golden Idol","Letter Opener","Fusion Hammer","Juzu Bracelet"],"acts_visited":["Exordium","TheCity"],"potions_floor_usage":[16,18,21],"damage_taken":[{"damage":17,"enemies":"Jaw Worm","floor":1,"turns":6},{"damage":10,"enemies":"2 Louse","floor":5,"turns":1},{"damage":10,"enemies":"Small Slimes","floor":8,"turns":1},{"damage":0,"enemies":"Red Slaver","floor":14,"turns":1},{"damage":51,"enemies":"Slime Boss","floor":16,"turns":6},{"damage":15,"enemies":"2 Thieves","floor":18,"turns":1},{"damage":4,"enemies":"Spheric Guardian","floor":20,"turns":1},{"damage":36,"enemies":"Shelled Parasite and Fungi","floor":21,"turns":4},{"damage":15,"enemies":"Centurion and Healer","floor":22,"turns":2},{"damage":1,"enemies":"Cultist and Chosen","floor":27,"turns":2}],"seed_played":"7319956536961713909","potions_obtained":[{"floor":1,"key":"BlessingOfTheForge"},{"floor":5,"key":"Energy Potion"},{"floor":16,"key":"Swift Potion"}],"is_trial":false,"path_per_floor":["M","?","?","$","M","R","?","M","T","R","?","R","?","M","R","B",null,"M","$","M","M","M","R","?","$","T","M"],"character_chosen":"HIEROPHANT","items_purchased":["hierophant:Invocation"],"campfire_rested":2,"item_purchase_floors":[19],"current_hp_per_floor":[58,58,40,40,30,30,30,20,20,42,67,67,67,67,67,16,75,60,60,56,20,5,27,27,27,27,26,26],"gold":73,"neow_bonus":"ONE_RANDOM_RARE_CARD","is_daily":false,"chose_seed":false,"campfire_upgraded":3,"win_rate":0.0,"timestamp":1611150185,"path_taken":["M","?","?","$","?","R","?","M","T","R","?","R","?","?","R","BOSS","M","$","?","M","M","R","?","$","T","M"],"items_purchased_type":["Card"],"build_version":"2020-12-22","purchased_purges":1,"victory":false,"max_hp_per_floor":[75,75,75,75,75,75,75,75,75,75,75,75,75,75,75,75,75,75,75,75,75,75,75,75,75,75,75,75],"card_choices":[{"not_picked":["hierophant:RepressedViolence","hierophant:HammerAndAnvil"],"picked":"hierophant:OrnateBuckler","floor":1},{"not_picked":["hierophant:HammerAndAnvil","hierophant:Flagellation","hierophant:FlamingChariot"],"picked":"SKIP","floor":5},{"not_picked":["hierophant:Charity","hierophant:PassingBell"],"picked":"hierophant:RustyCrate","floor":8},{"not_picked":["hierophant:Kindle","hierophant:MorningPrayer","hierophant:Zeal"],"picked":"SKIP","floor":14},{"not_picked":["hierophant:Remorse","hierophant:Dazzle","hierophant:FieryStrike"],"picked":"SKIP","floor":18},{"not_picked":["hierophant:Martyrdom+1","hierophant:Shelter+1","hierophant:AuricBeam+1"],"picked":"SKIP","floor":20},{"not_picked":["hierophant:Doubloon+1","hierophant:RustyCrate"],"picked":"hierophant:OrnateBuckler","floor":21},{"not_picked":["hierophant:FieryStrike","hierophant:Community"],"picked":"hierophant:AuricShield+1","floor":22}],"player_experience":507013,"relics_obtained":[{"floor":9,"key":"Letter Opener"},{"floor":26,"key":"Juzu Bracelet"}],"event_choices":[{"damage_healed":0,"gold_gain":58,"player_choice":"Gained Gold","damage_taken":0,"max_hp_gain":0,"max_hp_loss":0,"event_name":"Golden Wing","floor":2,"gold_loss":0},{"damage_healed":0,"gold_gain":0,"player_choice":"Take Damage","damage_taken":18,"relics_obtained":["Golden Idol"],"max_hp_gain":0,"max_hp_loss":0,"event_name":"Golden Idol","floor":3,"gold_loss":0},{"damage_healed":0,"gold_gain":0,"player_choice":"Fled","damage_taken":0,"max_hp_gain":0,"max_hp_loss":0,"event_name":"Scrap Ooze","floor":7,"gold_loss":0},{"damage_healed":25,"gold_gain":0,"player_choice":"Banana","damage_taken":0,"max_hp_gain":0,"max_hp_loss":0,"event_name":"Big Fish","floor":11,"gold_loss":0},{"damage_healed":0,"gold_gain":0,"cards_transformed":["hierophant:Strike_Hierophant"],"player_choice":"Transformed","damage_taken":0,"max_hp_gain":0,"max_hp_loss":0,"event_name":"Transmorgrifier","floor":13,"gold_loss":0,"cards_obtained":["hierophant:Cornucopia"]},{"damage_healed":0,"gold_gain":0,"player_choice":"Bought 0 Potions","damage_taken":0,"max_hp_gain":0,"max_hp_loss":0,"event_name":"The Woman in Blue","floor":24,"gold_loss":0}],"is_beta":false,"boss_relics":[{"not_picked":["Coffee Dripper","Pandora\u0027s Box"],"picked":"Fusion Hammer"}],"items_purged_floors":[4],"is_endless":false,"potions_floor_spawned":[1,5,16],"killed_by":"Cultist and Chosen","ascension_level":2}}