{"host":"fkig9nrckec4xsh0","time":1611182728,"event":{"mods":["BaseMod","Colored Map","Minty Spire (QoL Compilation)","Quick Restart","Replay The Spire","StSLib"],"gold_per_floor":[118,118,118,128,72,102,102,137,137,168,168,212,212,44,44,140,140,154,154,24,39,62,62,62,62,110,126,126,126,126,169,196,208,208],"floor_reached":33,"language":"ENG","playtime":1499,"items_purged":[],"score":628,"play_id":"a5b04e2b-a8a8-4c31-9fee-bd252e84f34d","local_time":"20210120174528","is_ascension_mode":true,"campfire_choices":[{"floor":11,"key":"REST"},{"data":"Uppercut","floor":13,"key":"SMITH"},{"data":"Mind Blast","floor":15,"key":"SMITH"},{"floor":23,"key":"REST"},{"data":"Mind Blast","floor":25,"key":"SMITH"},{"data":"Demon Form","floor":30,"key":"SMITH"}],"circlet_count":0,"master_deck":["AscendersBane","Strike_R","Strike_R+1","Strike_R","Defend_R","Defend_R","Defend_R+1","Defend_R","Bash","Anger+1","Cleave","ReplayTheSpireMod:Corrosion Curse+1","Uppercut+1","Intimidate","Disarm","Disarm","Mind Blast+1","Demon Form+1","Havoc+1","Mind Blast+1","Shockwave","Demon Form","Thunderclap","Sword Boomerang","Replay:Undeath\u0027s Touch"],"relics":["Burning Blood","NeowsBlessing","Replay:Bottled Flurry","Golden Idol","Vajra","Regal Pillow","Pocketwatch","Omamori","ReplayTheSpireMod:CursedCoin","Blue Doll","SlaversCollar","Calipers","Simple Rune","MawBank"],"acts_visited":["Exordium","TheCity"],"potions_floor_usage":[8,8,16,21,31,32],"damage_taken":[{"damage":0.0,"enemies":"2 Louse","floor":1.0,"turns":1.0},{"damage":0.0,"enemies":"Jaw Worm","floor":4.0,"turns":1.0},{"damage":0.0,"enemies":"Lagavulin","floor":6.0,"turns":1.0},{"damage":32,"enemies":"3 Sentries","floor":8,"turns":7},{"damage":33,"enemies":"Gremlin Nob","floor":10,"turns":4},{"damage":22,"enemies":"Lagavulin","floor":12,"turns":4},{"damage":37,"enemies":"Fading Forest","floor":16,"turns":13},{"damage":11,"enemies":"3 Byrds","floor":18,"turns":7},{"damage":16,"enemies":"Shell Parasite","floor":21,"turns":3},{"damage":21,"enemies":"Snake Plant","floor":22,"turns":4},{"damage":17,"enemies":"Chosen and Byrds","floor":27,"turns":6},{"damage":19,"enemies":"Book of Stabbing","floor":31,"turns":5},{"damage":17,"enemies":"Snecko","floor":32,"turns":4},{"damage":15,"enemies":"Slavers","floor":33,"turns":2}],"seed_played":"-7244429102169645178","potions_obtained":[{"floor":1.0,"key":"Swift Potion"},{"floor":4.0,"key":"ColorlessPotion"},{"floor":12,"key":"Strength Potion"},{"floor":18,"key":"DistilledChaos"},{"floor":22,"key":"EssenceOfSteel"},{"floor":31,"key":"ColorlessPotion"}],"is_trial":false,"path_per_floor":["M","?","?","M","$","E","?","E","T","E","R","E","R","$","R","B",null,"M","?","$","M","M","R","?","R","T","M","PTL","PTL","R","E","M","E"],"character_chosen":"IRONCLAD","items_purchased":["ReplayTheSpireMod:Corrosion Curse+1","ReplayTheSpireMod:CursedCoin","Blue Doll","Disarm","Mind Blast","Havoc+1","Mind Blast"],"campfire_rested":2,"item_purchase_floors":[5,14,14,14,14,20,20],"current_hp_per_floor":[74,74,74,75,75,75,68,42,42,15,50,34,34,34,34,11,54,49,49,49,39,24,59,59,59,59,48,48,48,48,35,24,9,9],"gold":208,"neow_bonus":"THREE_ENEMY_KILL","is_daily":false,"chose_seed":false,"campfire_upgraded":4,"win_rate":0.0,"timestamp":1611182728,"path_taken":["M","?","?","?","$","E","?","E","T","E","R","E","R","$","R","BOSS","M","?","?","M","M","R","?","R","T","M","PTL","PTL","R","E","M","E"],"items_purchased_type":["Card","Relic","Relic","Card","Card","Card","Card"],"build_version":"2020-12-22","purchased_purges":0,"victory":false,"max_hp_per_floor":[75,75,75,75,75,75,68,68,68,68,68,68,68,68,68,68,68,68,68,68,68,68,68,68,68,68,68,68,68,68,68,68,68,68],"card_choices":[{"not_picked":["Dark Embrace","Headbutt"],"picked":"Anger","floor":1.0},{"not_picked":["Body Slam","Run Through"],"picked":"Cleave","floor":4.0},{"not_picked":["Cleave","Clothesline"],"picked":"Uppercut","floor":6},{"not_picked":["Armaments","Perfected Strike"],"picked":"Intimidate","floor":8},{"not_picked":["True Grit","ReplayTheSpireMod:Strike From Hell","Flame Barrier"],"picked":"SKIP","floor":10},{"not_picked":["Power Through","Seeing Red"],"picked":"Iron Wave","floor":12},{"not_picked":["Demonic Infusion","Barricade"],"picked":"Demon Form","floor":16},{"not_picked":["Massacre","Armaments","Clash+1"],"picked":"SKIP","floor":18},{"not_picked":["Perfected Strike","Cleave"],"picked":"Shockwave","floor":21},{"not_picked":["Replay:Undeath\u0027s Touch","Headbutt"],"picked":"Demon Form","floor":22},{"not_picked":["ReplayTheSpireMod:Strike From Hell","True Grit"],"picked":"Thunderclap","floor":27},{"not_picked":["Corruption","Warcry"],"picked":"Sword Boomerang","floor":31},{"not_picked":["True Grit","Twin Strike"],"picked":"Replay:Undeath\u0027s Touch","floor":32}],"player_experience":376449,"relics_obtained":[{"floor":6,"key":"Replay:Bottled Flurry"},{"floor":8,"key":"Vajra"},{"floor":9,"key":"Regal Pillow"},{"floor":10,"key":"Pocketwatch"},{"floor":12,"key":"Omamori"},{"floor":26,"key":"Simple Rune"},{"floor":31,"key":"MawBank"}],"event_choices":[{"cards_removed":["Strike_R"],"damage_healed":0.0,"max_hp_gain":0.0,"max_hp_loss":0.0,"gold_gain":0.0,"event_name":"Living Wall","player_choice":"Forget","floor":2.0,"gold_loss":0.0,"damage_taken":0.0},{"damage_healed":0.0,"max_hp_gain":0.0,"max_hp_loss":0.0,"gold_gain":0.0,"event_name":"Upgrade Shrine","player_choice":"Upgraded","floor":3.0,"gold_loss":0.0,"damage_taken":0.0,"cards_upgraded":["Anger"]},{"damage_healed":0,"gold_gain":0,"player_choice":"Lose Max HP","damage_taken":0,"relics_obtained":["Golden Idol"],"max_hp_gain":0,"max_hp_loss":7,"event_name":"Golden Idol","floor":7,"gold_loss":0},{"cards_removed":["Iron Wave"],"damage_healed":0,"gold_gain":0,"player_choice":"Gave Card","damage_taken":0,"relics_obtained":["Calipers"],"max_hp_gain":0,"max_hp_loss":0,"event_name":"WeMeetAgain","floor":19,"gold_loss":0},{"cards_removed":["Strike_R"],"damage_healed":0,"gold_gain":0,"player_choice":"Purged","damage_taken":0,"max_hp_gain":0,"max_hp_loss":0,"event_name":"Purifier","floor":24,"gold_loss":0}],"is_beta":false,"boss_relics":[{"not_picked":["Sozu","Runic Dome"],"picked":"SlaversCollar"}],"items_purged_floors":[],"is_endless":false,"potions_floor_spawned":[1,4,12,18,22,31],"killed_by":"Slavers","ascension_level":20}}