{"host":"g5ztulhog0otympt","time":1611162440,"event":{"mods":["AchievementEnabler","BaseMod","Downfall","Hermit","Minty Spire (QoL Compilation)","StSLib","The Cursed"],"gold_per_floor":[109,109,61,61,80,80,80,80,80,80,97,111,123,123,123,227,227,246,103,103,23,23,56,75,75,75],"floor_reached":25,"language":"ENG","playtime":391,"items_purged":[],"score":209,"play_id":"d11bddd0-e9aa-4690-b9a3-64a067b01fc6","local_time":"20210120190720","is_ascension_mode":false,"campfire_choices":[{"floor":6,"key":"REST"},{"data":"Zap","floor":8,"key":"SMITH"},{"data":"Defend_B","floor":10,"key":"SMITH"},{"floor":15,"key":"REST"}],"circlet_count":0,"master_deck":["Strike_B","Strike_B","Strike_B","Strike_B","Defend_B","Defend_B","Defend_B","Defend_B+1","Zap+1","Dualcast+1","Gash+1","Hello World","Auto Shields","Amplify","All For One","Gash","FTL","Writhe","Seek"],"relics":["Cracked Core","Shuriken","HornCleat","Bronze Scales","Ice Cream","Bag of Marbles"],"acts_visited":["Exordium","TheCity"],"potions_floor_usage":[16,16,23],"damage_taken":[{"damage":8,"enemies":"Jaw Worm","floor":1,"turns":3},{"damage":0,"enemies":"2 Louse","floor":5,"turns":1},{"damage":0,"enemies":"Small Slimes","floor":11,"turns":3},{"damage":8,"enemies":"Red Slaver","floor":12,"turns":4},{"damage":8,"enemies":"Lots of Slimes","floor":13,"turns":4},{"damage":26,"enemies":"Hexaghost","floor":16,"turns":6},{"damage":8,"enemies":"Spheric Guardian","floor":18,"turns":4},{"damage":47,"enemies":"Gremlin Leader","floor":23,"turns":6},{"damage":20,"enemies":"2 Thieves","floor":24,"turns":2},{"damage":0,"enemies":"Centurion and Healer","floor":25,"turns":1}],"seed_played":"6604212348617529273","potions_obtained":[{"floor":5,"key":"Fire Potion"},{"floor":11,"key":"FearPotion"},{"floor":13,"key":"Block Potion"},{"floor":16,"key":"Dexterity Potion"},{"floor":18,"key":"hexamod:SoulburnPotion"},{"floor":24,"key":"FocusPotion"}],"is_trial":false,"path_per_floor":["M","?","$","?","M","R","?","R","T","R","M","M","M","$","R","B",null,"M","$","?","$","?","E","M","M"],"character_chosen":"DEFECT","items_purchased":["Gash","Bronze Scales","FTL"],"campfire_rested":2,"item_purchase_floors":[3,19,21],"current_hp_per_floor":[74,62,62,62,62,82,82,82,82,82,82,74,66,66,82,56,82,74,74,74,74,74,27,7,7,7],"gold":75,"neow_bonus":"TEN_PERCENT_HP_BONUS","is_daily":false,"chose_seed":false,"campfire_upgraded":2,"win_rate":0.0,"timestamp":1611162440,"path_taken":["M","?","$","?","M","R","?","R","T","R","M","M","?","?","R","BOSS","M","$","?","?","?","E","M","M"],"items_purchased_type":["Card","Relic","Card"],"build_version":"2020-12-22","purchased_purges":0,"victory":false,"max_hp_per_floor":[82,82,82,82,82,82,82,82,82,82,82,82,82,82,82,82,82,82,82,82,82,82,82,82,82,82],"card_choices":[{"not_picked":["Go for the Eyes","Heatsinks","Sweeping Beam"],"picked":"SKIP","floor":1},{"not_picked":["Barrage","FTL","Reprogram"],"picked":"SKIP","floor":5},{"not_picked":["Hologram","Ball Lightning"],"picked":"Hello World","floor":11},{"not_picked":["Steam Power","Hologram"],"picked":"Auto Shields","floor":12},{"not_picked":["Barrage","Turbo"],"picked":"Amplify","floor":13},{"not_picked":["Hyperbeam","Machine Learning"],"picked":"All For One","floor":16},{"not_picked":["Rip and Tear","Barrage+1"],"picked":"Gash","floor":18},{"not_picked":["Blizzard","Reboot"],"picked":"Seek","floor":23},{"not_picked":["Redo","Fusion","Streamline"],"picked":"SKIP","floor":24}],"player_experience":111348,"relics_obtained":[{"floor":9,"key":"HornCleat"},{"floor":23,"key":"Bag of Marbles"}],"event_choices":[{"damage_healed":0,"gold_gain":0,"player_choice":"Success","damage_taken":12,"relics_obtained":["Shuriken"],"max_hp_gain":0,"max_hp_loss":0,"event_name":"Scrap Ooze","floor":2,"gold_loss":0},{"damage_healed":0,"gold_gain":0,"player_choice":"Grow","damage_taken":0,"max_hp_gain":0,"max_hp_loss":0,"event_name":"Living Wall","floor":4,"gold_loss":0,"cards_upgraded":["Gash"]},{"damage_healed":0,"gold_gain":0,"player_choice":"Upgraded","damage_taken":0,"max_hp_gain":0,"max_hp_loss":0,"event_name":"Upgrade Shrine","floor":7,"gold_loss":0,"cards_upgraded":["Dualcast"]},{"damage_healed":0,"gold_gain":0,"player_choice":"Opened","damage_taken":0,"relics_obtained":["Ice Cream"],"max_hp_gain":0,"max_hp_loss":0,"event_name":"The Mausoleum","floor":22,"gold_loss":0,"cards_obtained":["Writhe"]}],"is_beta":false,"boss_relics":[{"not_picked":["Runic Pyramid","Coffee Dripper","Runic Dome"]}],"items_purged_floors":[],"is_endless":false,"potions_floor_spawned":[5,11,13,16,18,24],"killed_by":"Centurion and Healer","ascension_level":0}}