{"host":"1tl36azeqm6yhdgj","time":1611140766,"event":{"mods":["AchievementEnabler","BaseMod","Minty Spire (QoL Compilation)","StSLib","The IronCluck","everything is the same but u backflip on backflip"],"gold_per_floor":[110,129,129,43,62,95,95,95,95,95,95,95,20,51,51,128,128,148,63,63,63,63,96,96,110,110,110,122,140,157,170,170,245,245,256,73,73,73,86,121,121,146,200,180,195,195,39,52,52,52,52],"floor_reached":50,"language":"ENG","playtime":2296,"items_purged":["Regret"],"score":1148,"play_id":"64156a29-f321-496c-b4eb-6c5b0b8c7b71","local_time":"20210120060606","is_ascension_mode":true,"campfire_choices":[{"data":"Spot Weakness","floor":7.0,"key":"SMITH"},{"data":"Seeing Red","floor":10.0,"key":"SMITH"},{"floor":15.0,"key":"REST"},{"floor":27.0,"key":"REST"},{"floor":32.0,"key":"REST"},{"data":"Barricade","floor":41.0,"key":"SMITH"},{"floor":46.0,"key":"RECALL"},{"floor":49.0,"key":"REST"}],"circlet_count":0,"master_deck":["AscendersBane","Strike_R+1","Strike_R","Defend_R","Defend_R","Defend_R","Defend_R+1","Bash","Clash","Shrug It Off+1","Feel No Pain","Carnage","Spot Weakness+1","Seeing Red+1","Warcry+1","Barricade+1","Flex","Heavy Blade+1","Disarm","Infernal Blade","Juggernaut","Carnage+1","Dramatic Entrance+1","Reckless Charge+1","Madness","Madness","Juggernaut","Warcry+1","Body Slam+1","Cleave+1","Iron Wave+1","Flash of Steel+1"],"relics":["Black Blood","NeowsBlessing","Molten Egg 2","Lantern","Dead Branch","Ornamental Fan","Letter Opener","Meat on the Bone","War Paint","InkBottle","SacredBark","TungstenRod","Pear"],"acts_visited":["Exordium","TheCity","TheBeyond"],"potions_floor_usage":[50],"damage_taken":[{"damage":0.0,"enemies":"Small Slimes","floor":1.0,"turns":1.0},{"damage":0.0,"enemies":"Cultist","floor":2.0,"turns":1.0},{"damage":0.0,"enemies":"Jaw Worm","floor":5.0,"turns":1.0},{"damage":24.0,"enemies":"3 Sentries","floor":6.0,"turns":13.0},{"damage":23.0,"enemies":"Lagavulin","floor":14.0,"turns":5.0},{"damage":25.0,"enemies":"Slime Boss","floor":16.0,"turns":7.0},{"damage":17.0,"enemies":"Shell Parasite","floor":18.0,"turns":4.0},{"damage":44.0,"enemies":"Slavers","floor":23.0,"turns":6.0},{"damage":25.0,"enemies":"Spheric Guardian","floor":25.0,"turns":9.0},{"damage":20.0,"enemies":"3 Cultists","floor":28.0,"turns":5.0},{"damage":4.0,"enemies":"Centurion and Healer","floor":29.0,"turns":7.0},{"damage":21.0,"enemies":"Snecko","floor":30.0,"turns":7.0},{"damage":36.0,"enemies":"Shelled Parasite and Fungi","floor":31.0,"turns":4.0},{"damage":47.0,"enemies":"Automaton","floor":33.0,"turns":9.0},{"damage":47.0,"enemies":"3 Darklings","floor":35.0,"turns":4.0},{"damage":13.0,"enemies":"Orb Walker","floor":39.0,"turns":4.0},{"damage":0.0,"enemies":"Reptomancer","floor":40.0,"turns":3.0},{"damage":62.0,"enemies":"Nemesis","floor":42.0,"turns":7.0},{"damage":35.0,"enemies":"Maw","floor":45.0,"turns":7.0},{"damage":6.0,"enemies":"Transient","floor":48.0,"turns":6.0},{"damage":86,"enemies":"Awakened One","floor":50,"turns":3}],"seed_played":"5360651580794928285","potions_obtained":[{"floor":6.0,"key":"PowerPotion"},{"floor":23.0,"key":"AttackPotion"},{"floor":28.0,"key":"Explosive Potion"},{"floor":31.0,"key":"Block Potion"},{"floor":39.0,"key":"Regen Potion"},{"floor":42.0,"key":"Weak Potion"},{"floor":44.0,"key":"Ancient Potion"}],"is_trial":false,"path_per_floor":["M","M","?","$","M","E","R","?","T","R","?","?","$","E","R","B",null,"M","?","?","?","?","E","?","M","T","R","M","M","M","M","R","B",null,"M","$","?","?","M","E","R","E","T","?","M","R","$","M","R","B"],"character_chosen":"IRONCLAD","items_purchased":["Feel No Pain","Dramatic Entrance+1","Reckless Charge+1","Flash of Steel+1","SkillPotion"],"campfire_rested":4,"item_purchase_floors":[4,36,36,47,47],"current_hp_per_floor":[74,75,75,75,75,57,57,57,57,57,57,34,34,17,39,20,61,56,56,56,56,56,36,36,35,35,57,61,69,60,48,70,47,68,45,45,31,31,42,54,54,71,71,71,60,60,60,66,85,0,0],"gold":52,"neow_bonus":"THREE_ENEMY_KILL","is_daily":false,"chose_seed":false,"campfire_upgraded":3,"win_rate":0.0,"timestamp":1611140766,"path_taken":["M","M","?","?","M","E","R","?","T","R","?","?","$","E","R","BOSS","M","?","?","?","?","E","?","M","T","R","M","M","M","?","R","BOSS","M","$","?","?","?","E","R","E","T","?","?","R","$","M","R","BOSS"],"items_purchased_type":["Card","Card","Card","Card","Potion"],"build_version":"2020-12-22","purchased_purges":1,"victory":false,"max_hp_per_floor":[75,75,75,75,75,75,75,75,75,75,75,75,75,75,75,75,75,75,75,75,75,75,75,75,75,75,75,75,75,75,75,75,75,75,75,75,75,75,75,75,75,85,85,85,85,85,85,85,85,85,85],"card_choices":[{"not_picked":["Heavy Blade","Dark Embrace"],"picked":"Clash","floor":1.0},{"not_picked":["Perfected Strike","Second Wind"],"picked":"Shrug It Off","floor":2.0},{"not_picked":["Blood for Blood","Sword Boomerang"],"picked":"Carnage","floor":5.0},{"not_picked":["Clash+1","Flex"],"picked":"Spot Weakness","floor":6.0},{"not_picked":["Twin Strike+1","Battle Trance"],"picked":"Warcry","floor":14.0},{"not_picked":["Fiend Fire+1","Brutality"],"picked":"Barricade","floor":16.0},{"not_picked":["Entrench","Combust+1"],"picked":"Flex","floor":18.0},{"not_picked":["Clash+1","Perfected Strike+1","Barricade"],"picked":"SKIP","floor":23.0},{"not_picked":["Feel No Pain","Clothesline+1"],"picked":"Heavy Blade+1","floor":25.0},{"not_picked":["Sword Boomerang+1","Ghostly Armor"],"picked":"Disarm","floor":28.0},{"not_picked":["Havoc","Heavy Blade+1","Twin Strike+1"],"picked":"SKIP","floor":29.0},{"not_picked":["Wild Strike+1","Flame Barrier"],"picked":"Infernal Blade","floor":30.0},{"not_picked":["Havoc","Combust","Searing Blow+1"],"picked":"SKIP","floor":31.0},{"not_picked":["Brutality","Fiend Fire+1"],"picked":"Juggernaut","floor":33.0},{"not_picked":["Sever Soul+1","Havoc"],"picked":"Carnage+1","floor":35.0},{"not_picked":["Headbutt+1","Pommel Strike+1"],"picked":"Warcry+1","floor":39.0},{"not_picked":["Clash+1","Warcry"],"picked":"Body Slam+1","floor":40.0},{"not_picked":["Warcry","Twin Strike+1"],"picked":"Cleave+1","floor":42.0},{"not_picked":["Headbutt+1","Evolve"],"picked":"Iron Wave+1","floor":45.0},{"not_picked":["Carnage+1","Havoc","Blood for Blood+1"],"picked":"SKIP","floor":48.0}],"player_experience":2003690,"relics_obtained":[{"floor":6.0,"key":"Molten Egg 2"},{"floor":9.0,"key":"Lantern"},{"floor":14.0,"key":"Ornamental Fan"},{"floor":23.0,"key":"War Paint"},{"floor":26.0,"key":"InkBottle"},{"floor":40.0,"key":"TungstenRod"},{"floor":42.0,"key":"Pear"}],"event_choices":[{"cards_removed":["Strike_R"],"damage_healed":0.0,"max_hp_gain":0.0,"max_hp_loss":0.0,"gold_gain":0.0,"event_name":"Bonfire Elementals","player_choice":"Offered Basic","floor":3.0,"gold_loss":0.0,"damage_taken":0.0},{"damage_healed":0.0,"max_hp_gain":0.0,"max_hp_loss":0.0,"gold_gain":0.0,"cards_transformed":["Strike_R"],"event_name":"Living Wall","player_choice":"Change","floor":8.0,"gold_loss":0.0,"damage_taken":0.0,"cards_obtained":["Seeing Red"]},{"damage_healed":0.0,"max_hp_gain":0.0,"max_hp_loss":0.0,"gold_gain":0.0,"event_name":"Big Fish","player_choice":"Box","floor":11.0,"gold_loss":0.0,"damage_taken":0.0,"relics_obtained":["Dead Branch"],"cards_obtained":["Regret"]},{"damage_healed":0.0,"max_hp_gain":0.0,"max_hp_loss":0.0,"gold_gain":0.0,"event_name":"Shining Light","player_choice":"Entered Light","floor":12.0,"gold_loss":0.0,"damage_taken":23.0,"cards_upgraded":["Shrug It Off","Strike_R"]},{"damage_healed":0.0,"max_hp_gain":0.0,"max_hp_loss":0.0,"gold_gain":0.0,"event_name":"Addict","player_choice":"Obtained Relic","floor":19.0,"gold_loss":85.0,"damage_taken":0.0,"relics_obtained":["Letter Opener"]},{"damage_healed":0.0,"max_hp_gain":0.0,"max_hp_loss":0.0,"gold_gain":0.0,"event_name":"The Mausoleum","player_choice":"Opened","floor":20.0,"gold_loss":0.0,"damage_taken":0.0,"relics_obtained":["Meat on the Bone"],"cards_obtained":["Writhe"]},{"damage_healed":0.0,"max_hp_gain":0.0,"max_hp_loss":0.0,"gold_gain":0.0,"event_name":"Cursed Tome","player_choice":"Ignored","floor":21.0,"gold_loss":0.0,"damage_taken":0.0},{"damage_healed":0.0,"max_hp_gain":0.0,"max_hp_loss":0.0,"gold_gain":0.0,"event_name":"Vampires","player_choice":"Ignored","floor":22.0,"gold_loss":0.0,"damage_taken":0.0},{"cards_removed":["Writhe"],"damage_healed":0.0,"max_hp_gain":0.0,"max_hp_loss":0.0,"gold_gain":0.0,"event_name":"Back to Basics","player_choice":"Elegance","floor":24.0,"gold_loss":0.0,"damage_taken":0.0},{"damage_healed":0.0,"max_hp_gain":0.0,"max_hp_loss":0.0,"gold_gain":0.0,"event_name":"Winding Halls","player_choice":"Embrace Madness","floor":37.0,"gold_loss":0.0,"damage_taken":14.0,"cards_obtained":["Madness","Madness"]},{"damage_healed":0.0,"max_hp_gain":0.0,"max_hp_loss":0.0,"gold_gain":0.0,"cards_transformed":["Strike_R"],"event_name":"Transmorgrifier","player_choice":"Transformed","floor":38.0,"gold_loss":0.0,"damage_taken":0.0,"cards_obtained":["Juggernaut"]},{"damage_healed":0.0,"max_hp_gain":0.0,"max_hp_loss":0.0,"gold_gain":0.0,"event_name":"The Woman in Blue","player_choice":"Bought 1 Potion","floor":44.0,"gold_loss":0.0,"damage_taken":0.0}],"is_beta":false,"boss_relics":[{"not_picked":["Runic Dome","Velvet Choker"],"picked":"Black Blood"},{"not_picked":["Philosopher\u0027s Stone","Sozu"],"picked":"SacredBark"}],"items_purged_floors":[13],"is_endless":false,"potions_floor_spawned":[6,23,28,31,39,42],"killed_by":"Awakened One","ascension_level":19}}