{"host":"jyuuog6ydc2s7nd8","time":1611126748,"event":{"mods":["BaseMod","Better Vampires","Minty Spire (QoL Compilation)","Shop Mod","StSLib","The Hierophant","The Servant 0.9.4","TheBandit","[IsaacMod]ÒÔÈö¼âËþ"],"gold_per_floor":[112,112,112,127,127,158,158,192,215,215,230,264,284,301,301,376,376,396,696,586,511,530,556,570,485,485,519,569,569,196,214,214,288,288,308,608,608,371,391,391,234,234,234,262,262,287,312,331,331,331,331,331,331,16,16,16],"floor_reached":55,"language":"ZHS","playtime":1407,"items_purged":["Defend_R","Strike_R","Strike_R","BloodyBrimstone+1","Metallicize+1","Juggernaut"],"score":2683,"play_id":"ef773327-3921-4e99-8563-ecd5fd108a09","local_time":"20210120151228","is_ascension_mode":true,"campfire_choices":[{"data":"Pommel Strike","floor":7.0,"key":"SMITH"},{"data":"Battle Trance","floor":10.0,"key":"SMITH"},{"data":"Bash","floor":15.0,"key":"SMITH"},{"data":"Power Through","floor":29.0,"key":"SMITH"},{"data":"Second Wind","floor":32.0,"key":"SMITH"},{"data":"Dark Embrace","floor":40.0,"key":"SMITH"},{"data":"Body Slam","floor":42.0,"key":"SMITH"},{"floor":49.0,"key":"RECALL"},{"data":"Barricade","floor":53,"key":"SMITH"}],"circlet_count":0,"master_deck":["AscendersBane","Shrug It Off","Pommel Strike+1","Battle Trance+1","Power Through+1","Second Wind+1","Thunderclap+1","Bloodletting+1","Body Slam+1","Dark Embrace+1","Feel No Pain+1","Barricade+1"],"relics":["HushsDoor","Empty Cage","SatanicBible","Dream Catcher","GnawedLeaf","Happy Flower","DoctorsRemote","Mark of Pain","GuppysHead","Blue Candle","Pantograph","HornCleat","Bronze Scales","AnarchistCookbook","Astrolabe","Incubus","HowToJump","Bottled Lightning","Toxic Egg 2","Magic Flower","Girya","TheBean"],"acts_visited":["Exordium","TheCity","TheBeyond","TheEnding"],"potions_floor_usage":[],"damage_taken":[{"damage":0.0,"enemies":"2 Louse","floor":1.0,"turns":4.0},{"damage":0.0,"enemies":"Jaw Worm","floor":4.0,"turns":4.0},{"damage":0.0,"enemies":"Gremlin Nob","floor":6.0,"turns":3.0},{"damage":0.0,"enemies":"3 Sentries","floor":8.0,"turns":2.0},{"damage":0.0,"enemies":"Cultist","floor":11.0,"turns":2.0},{"damage":0.0,"enemies":"Gremlin Nob","floor":12.0,"turns":2.0},{"damage":0.0,"enemies":"Looter","floor":13.0,"turns":3.0},{"damage":0.0,"enemies":"2 Fungi Beasts","floor":14.0,"turns":3.0},{"damage":0.0,"enemies":"The Guardian","floor":16.0,"turns":8.0},{"damage":0.0,"enemies":"Shell Parasite","floor":18.0,"turns":1.0},{"damage":0.0,"enemies":"3 Byrds","floor":22.0,"turns":2.0},{"damage":0.0,"enemies":"Slavers","floor":23.0,"turns":1.0},{"damage":8.0,"enemies":"Centurion and Healer","floor":24.0,"turns":3.0},{"damage":0.0,"enemies":"Gremlin Leader","floor":27.0,"turns":3.0},{"damage":0.0,"enemies":"Snecko","floor":31.0,"turns":3.0},{"damage":0.0,"enemies":"Champ","floor":33.0,"turns":4.0},{"damage":0.0,"enemies":"3 Darklings","floor":35.0,"turns":2.0},{"damage":0.0,"enemies":"3 Shapes","floor":39.0,"turns":2.0},{"damage":0.0,"enemies":"Giant Head","floor":44.0,"turns":1.0},{"damage":3.0,"enemies":"Reptomancer","floor":46.0,"turns":2.0},{"damage":6.0,"enemies":"Mind Bloom Boss Battle","floor":47.0,"turns":2.0},{"damage":0.0,"enemies":"3 Darklings","floor":48.0,"turns":3.0},{"damage":3.0,"enemies":"Awakened One","floor":50.0,"turns":5.0},{"damage":9,"enemies":"Donu and Deca","floor":51,"turns":2},{"damage":13,"enemies":"Shield and Spear","floor":55,"turns":2}],"seed_played":"6868855826567204457","potions_obtained":[{"floor":1.0,"key":"SpeedPotion"},{"floor":8.0,"key":"Energy Potion"},{"floor":13.0,"key":"Swift Potion"},{"floor":16.0,"key":"Swift Potion"},{"floor":31.0,"key":"Weak Potion"},{"floor":39.0,"key":"FairyPotion"},{"floor":44.0,"key":"FearPotion"}],"is_trial":false,"path_per_floor":["M","?","T","M","?","E","R","E","T","R","M","E","M","M","R","B",null,"M","?","?","$","M","E","M","?","T","E","?","R","$","M","R","B",null,"M","?","?","$","M","R","$","R","T","E","?","E","?","M","R","B","B",null,"R","$","E"],"character_chosen":"IRONCLAD","items_purchased":["GuppysHead","AnarchistCookbook","Incubus","Body Slam","Dark Embrace","HowToJump","TheBean"],"campfire_rested":0,"item_purchase_floors":[17,30,34,38,38,41,54],"current_hp_per_floor":[68,68,68,68,46,46,46,46,46,46,46,46,46,46,46,46,50,50,50,50,50,48,45,37,37,37,37,37,37,37,37,37,39,12,12,12,12,12,12,12,12,12,12,12,12,9,6,6,6,9,3,10,10,10,0,0],"gold":16,"neow_bonus":"BOSS_RELIC","is_daily":false,"chose_seed":false,"campfire_upgraded":8,"win_rate":0.0,"timestamp":1611126748,"path_taken":["M","?","?","?","?","E","R","E","T","R","?","E","M","M","R","BOSS","M","?","?","$","M","E","M","?","T","E","?","R","$","M","R","BOSS","M","?","?","$","M","R","$","R","T","E","?","E","?","M","R","BOSS","BOSS","R","$","E"],"items_purchased_type":["Relic","Relic","Relic","Card","Card","Relic","Relic"],"build_version":"2020-12-22","purchased_purges":6,"victory":false,"max_hp_per_floor":[75,75,75,72,72,72,72,72,72,72,72,69,69,69,69,66,51,51,51,51,51,48,45,45,45,45,42,42,42,42,42,42,39,12,12,12,12,12,12,12,12,12,12,12,12,12,12,12,12,12,12,12,12,12,12,12],"card_choices":[{"not_picked":[],"picked":"BloodyBrimstone","floor":0.0},{"not_picked":["Clash","Iron Wave"],"picked":"Shrug It Off","floor":1.0},{"not_picked":["Clash","Anger","Twin Strike"],"picked":"SKIP","floor":4.0},{"not_picked":["Inflame","Clash"],"picked":"Pommel Strike","floor":6.0},{"not_picked":["Brutality","Dual Wield"],"picked":"Battle Trance","floor":8.0},{"not_picked":["Flex","Burning Pact","Twin Strike"],"picked":"SKIP","floor":11.0},{"not_picked":["Shrug It Off","Headbutt"],"picked":"Power Through","floor":12.0},{"not_picked":["Reckless Charge","Combust","Thunderclap"],"picked":"SKIP","floor":13.0},{"not_picked":["Heavy Blade","Sword Boomerang","Flex"],"picked":"SKIP","floor":14.0},{"not_picked":["Flex","Clothesline","Cleave"],"picked":"SKIP","floor":18.0},{"not_picked":["Clash","Infernal Blade","Disarm"],"picked":"SKIP","floor":22.0},{"not_picked":["Clash","Infernal Blade","Disarm"],"picked":"SKIP","floor":22.0},{"not_picked":["Clothesline+1","Clash","Bludgeon"],"picked":"SKIP","floor":23.0},{"not_picked":["Searing Blow","Blood for Blood","Warcry"],"picked":"SKIP","floor":24.0},{"not_picked":["Evolve","Exhume"],"picked":"Second Wind","floor":27.0},{"not_picked":["Carnage","Infernal Blade","Flame Barrier"],"picked":"SKIP","floor":31.0},{"not_picked":["Exhume","Immolate"],"picked":"Juggernaut","floor":33.0},{"not_picked":["Metallicize","Warcry","Flex"],"picked":"SKIP","floor":35.0},{"not_picked":["Burning Pact","Heavy Blade","Shrug It Off"],"picked":"SKIP","floor":39.0},{"not_picked":["Searing Blow","Havoc+1"],"picked":"Feel No Pain+1","floor":44.0},{"not_picked":["Clothesline","Sentinel+1"],"picked":"Barricade","floor":46.0},{"not_picked":["Headbutt","Inflame","Clash+1"],"picked":"SKIP","floor":48.0}],"player_experience":1855144,"relics_obtained":[{"floor":6.0,"key":"Dream Catcher"},{"floor":8.0,"key":"GnawedLeaf"},{"floor":9.0,"key":"Happy Flower"},{"floor":12.0,"key":"DoctorsRemote"},{"floor":23.0,"key":"Blue Candle"},{"floor":26.0,"key":"HornCleat"},{"floor":27.0,"key":"Bronze Scales"},{"floor":43.0,"key":"Bottled Lightning"},{"floor":44.0,"key":"Toxic Egg 2"},{"floor":46.0,"key":"Magic Flower"},{"floor":47.0,"key":"Girya"}],"event_choices":[{"damage_healed":0.0,"max_hp_gain":0.0,"max_hp_loss":0.0,"gold_gain":0.0,"event_name":"Liars Game","player_choice":"Ignored","floor":2.0,"gold_loss":0.0,"damage_taken":0.0},{"damage_healed":0.0,"max_hp_gain":0.0,"max_hp_loss":0.0,"gold_gain":0.0,"event_name":"Shining Light","player_choice":"Entered Light","floor":5.0,"gold_loss":0.0,"damage_taken":22.0,"cards_upgraded":["BloodyBrimstone","Strike_R"]},{"cards_removed":["Defend_R"],"damage_healed":0.0,"max_hp_gain":0.0,"max_hp_loss":0.0,"gold_gain":0.0,"event_name":"Designer","player_choice":"Upgrade and Remove","floor":20.0,"gold_loss":110.0,"damage_taken":0.0,"cards_upgraded":["Defend_R"]},{"damage_healed":0.0,"max_hp_gain":0.0,"max_hp_loss":0.0,"gold_gain":0.0,"event_name":"Addict","player_choice":"Obtained Relic","floor":25.0,"gold_loss":85.0,"damage_taken":0.0,"relics_obtained":["Pantograph"]},{"damage_healed":0.0,"max_hp_gain":0.0,"max_hp_loss":0.0,"gold_gain":50.0,"event_name":"Nest","player_choice":"Stole From Cult","floor":28.0,"gold_loss":0.0,"damage_taken":0.0},{"cards_removed":["Bash"],"damage_healed":0.0,"max_hp_gain":0.0,"max_hp_loss":0.0,"gold_gain":0.0,"event_name":"Falling","player_choice":"Removed Attack","floor":37.0,"gold_loss":0.0,"damage_taken":0.0},{"damage_healed":0.0,"max_hp_gain":0.0,"max_hp_loss":0.0,"gold_gain":0.0,"event_name":"SensoryStone","player_choice":"Memory 1","floor":45.0,"gold_loss":0.0,"damage_taken":0.0},{"damage_healed":0.0,"max_hp_gain":0.0,"max_hp_loss":0.0,"gold_gain":0.0,"event_name":"MindBloom","player_choice":"Fight","floor":47.0,"gold_loss":0.0,"damage_taken":0.0}],"is_beta":false,"boss_relics":[{"not_picked":["Philosopher\u0027s Stone","Runic Pyramid"],"picked":"Mark of Pain"},{"not_picked":[]},{"not_picked":["Cursed Key","Black Star"],"picked":"Astrolabe"},{"not_picked":[]}],"items_purged_floors":[17,21,30,34,38,54],"is_endless":false,"potions_floor_spawned":[1,8,13,16,22,31,39,44,48],"killed_by":"Shield and Spear","ascension_level":20}}