{"host":"0ueeacaatm8t6jyh","time":1611142641,"event":{"mods":["AchievementEnabler","BaseMod","Colored Powertips","Minty Spire (QoL Compilation)","Quick Restart","Rare Cards Sparkle","StSLib"],"gold_per_floor":[367,367,367,64,77,107,107,136,136,166,177,252,252,273,273,393,393,413,397,322,322,140,140,176,176,176,176,196,223,50,66,66,169,169,182,182,12,12,26,26,43,43,43,75,25,25,55,66,66,66],"floor_reached":51,"language":"ZHS","playtime":6428,"items_purged":["Pain","Defend_B","Zap","Defend_B+1"],"score":986,"play_id":"cee8388e-7d5f-402f-a128-4cf2e49fad58","local_time":"20210120193721","is_ascension_mode":true,"campfire_choices":[{"floor":7.0,"key":"REST"},{"floor":15.0,"key":"REST"},{"floor":23.0,"key":"REST"},{"floor":32.0,"key":"REST"},{"data":"Apotheosis","floor":40,"key":"SMITH"},{"data":"Recycle","floor":42,"key":"SMITH"},{"data":"Buffer","floor":46,"key":"SMITH"},{"data":"Double Energy","floor":49,"key":"SMITH"}],"circlet_count":0,"master_deck":["Strike_B+1","Defend_B+1","Gash+1","Finesse+1","Echo Form","Recycle+1","Steam","Streamline","Ball Lightning","Genetic Algorithm","Double Energy+1","Echo Form","Gash+1","Amplify","Coolheaded+1","BootSequence","Master of Strategy","Purity","Self Repair","Heatsinks+1","Reprogram","Buffer+1","Machine Learning+1","Rip and Tear+1","Sweeping Beam+1","Apotheosis+1","Steam Power+1"],"relics":["Cracked Core","Membership Card","Centennial Puzzle","Gremlin Horn","War Paint","Lantern","Bloody Idol","SlaversCollar","Whetstone","Bag of Preparation","Oddly Smooth Stone","Medical Kit","Astrolabe","Ginger","Dream Catcher","Peace Pipe"],"acts_visited":["Exordium","TheCity","TheBeyond"],"potions_floor_usage":[50,50,50,50,50],"damage_taken":[{"damage":2.0,"enemies":"Small Slimes","floor":1.0,"turns":3.0},{"damage":0.0,"enemies":"Cultist","floor":5.0,"turns":3.0},{"damage":34.0,"enemies":"Gremlin Nob","floor":6.0,"turns":4.0},{"damage":20.0,"enemies":"Lagavulin","floor":8.0,"turns":6.0},{"damage":4.0,"enemies":"2 Louse","floor":11.0,"turns":2.0},{"damage":0.0,"enemies":"2 Fungi Beasts","floor":14.0,"turns":2.0},{"damage":19.0,"enemies":"Hexaghost","floor":16.0,"turns":8.0},{"damage":16.0,"enemies":"Shell Parasite","floor":18.0,"turns":5.0},{"damage":18.0,"enemies":"2 Thieves","floor":19.0,"turns":4.0},{"damage":28.0,"enemies":"Slavers","floor":24.0,"turns":8.0},{"damage":0.0,"enemies":"Chosen and Byrds","floor":28.0,"turns":4.0},{"damage":9.0,"enemies":"Centurion and Healer","floor":31.0,"turns":6.0},{"damage":26.0,"enemies":"Collector","floor":33.0,"turns":9.0},{"damage":25.0,"enemies":"3 Shapes","floor":35.0,"turns":6.0},{"damage":0,"enemies":"3 Darklings","floor":39,"turns":5},{"damage":0,"enemies":"4 Shapes","floor":41,"turns":8},{"damage":31,"enemies":"Nemesis","floor":44,"turns":7},{"damage":2,"enemies":"Giant Head","floor":47,"turns":6},{"damage":19,"enemies":"Spire Growth","floor":48,"turns":7},{"damage":34,"enemies":"Awakened One","floor":50,"turns":9}],"seed_played":"-6891743199157139234","potions_obtained":[{"floor":5.0,"key":"ColorlessPotion"},{"floor":8.0,"key":"Fire Potion"},{"floor":16.0,"key":"EssenceOfSteel"},{"floor":24.0,"key":"Strength Potion"},{"floor":28.0,"key":"Dexterity Potion"},{"floor":31.0,"key":"Explosive Potion"},{"floor":39,"key":"SkillPotion"},{"floor":41,"key":"LiquidBronze"}],"is_trial":false,"path_per_floor":["M","?","?","$","M","E","R","E","T","?","M","?","?","M","R","B",null,"M","M","?","?","$","R","E","?","T","?","M","T","$","M","R","B",null,"M","?","$","?","M","R","M","R","T","E","$","R","E","M","R","B",null],"character_chosen":"DEFECT","items_purchased":["Membership Card","Centennial Puzzle","Steam","Streamline","Master of Strategy","Purity","Medical Kit","Reprogram","Apotheosis","EntropicBrew"],"campfire_rested":4,"item_purchase_floors":[4,4,4,4,22,22,30,30,37,45],"current_hp_per_floor":[66,51,51,51,51,17,39,19,19,19,15,4,4,4,24,5,53,37,19,19,19,19,39,11,11,11,11,16,21,21,31,51,51,65,52,52,52,52,69,69,69,69,69,63,63,63,69,65,65,41],"gold":66,"neow_bonus":"TWO_FIFTY_GOLD","is_daily":false,"chose_seed":false,"campfire_upgraded":4,"win_rate":0.0,"timestamp":1611142641,"path_taken":["M","?","?","$","?","E","R","E","T","?","M","?","?","M","R","BOSS","M","M","?","?","$","R","E","?","T","?","M","?","$","M","R","BOSS","M","?","$","?","M","R","M","R","T","E","$","R","E","M","R","BOSS"],"items_purchased_type":["Relic","Relic","Card","Card","Card","Card","Relic","Card","Card","Potion"],"build_version":"2020-12-22","purchased_purges":4,"victory":true,"max_hp_per_floor":[75,75,75,75,75,75,75,75,75,75,75,75,69,69,69,69,69,69,69,69,69,69,69,69,69,69,69,69,69,69,69,69,69,69,69,69,69,69,69,69,69,69,69,69,69,69,69,69,69,69],"card_choices":[{"not_picked":["Reprogram","Compile Driver"],"picked":"Gash","floor":1.0},{"not_picked":["Undo","Sunder"],"picked":"Ball Lightning","floor":5.0},{"not_picked":["Barrage","Double Energy"],"picked":"Genetic Algorithm","floor":6.0},{"not_picked":["Streamline","Rip and Tear"],"picked":"Double Energy","floor":8.0},{"not_picked":["Hologram","Sweeping Beam"],"picked":"Echo Form","floor":11.0},{"not_picked":["Blizzard","Ball Lightning"],"picked":"Gash","floor":14.0},{"not_picked":["Fission","Rainbow"],"picked":"Amplify","floor":16.0},{"not_picked":["Leap+1","Ball Lightning"],"picked":"Coolheaded+1","floor":18.0},{"not_picked":["Sweeping Beam","Capacitor"],"picked":"BootSequence","floor":19.0},{"not_picked":["Ball Lightning+1","Go for the Eyes"],"picked":"Self Repair","floor":24.0},{"not_picked":["Creative AI","Leap"],"picked":"Heatsinks+1","floor":28.0},{"not_picked":["Stack","Reprogram","Gash"],"picked":"SKIP","floor":31.0},{"not_picked":["Hyperbeam","Reboot"],"picked":"Buffer","floor":33.0},{"not_picked":["Static Discharge","Rip and Tear+1","Streamline+1"],"picked":"SKIP","floor":35.0},{"not_picked":["Reprogram","Chaos+1","Rebound+1"],"picked":"SKIP","floor":39},{"not_picked":["Static Discharge","Lockon+1"],"picked":"Steam Power+1","floor":41},{"not_picked":["Streamline","Redo","Darkness"],"picked":"SKIP","floor":44},{"not_picked":["BootSequence+1","Multi-Cast","Turbo+1"],"picked":"SKIP","floor":47},{"not_picked":["Leap","Barrage","Force Field"],"picked":"SKIP","floor":48}],"player_experience":416423,"relics_obtained":[{"floor":6.0,"key":"Gremlin Horn"},{"floor":8.0,"key":"War Paint"},{"floor":9.0,"key":"Lantern"},{"floor":24.0,"key":"Whetstone"},{"floor":26.0,"key":"Bag of Preparation"},{"floor":29.0,"key":"Oddly Smooth Stone"},{"floor":43,"key":"Ginger"},{"floor":44,"key":"Dream Catcher"},{"floor":47,"key":"Peace Pipe"}],"event_choices":[{"damage_healed":0.0,"max_hp_gain":0.0,"max_hp_loss":0.0,"gold_gain":0.0,"event_name":"Shining Light","player_choice":"Entered Light","floor":2.0,"gold_loss":0.0,"damage_taken":15.0,"cards_upgraded":["Defend_B","Strike_B"]},{"damage_healed":0.0,"max_hp_gain":0.0,"max_hp_loss":0.0,"gold_gain":0.0,"event_name":"Match and Keep!","player_choice":"3 cards matched","floor":3.0,"gold_loss":0.0,"damage_taken":0.0,"cards_obtained":["Finesse","Echo Form","Recycle"]},{"damage_healed":0.0,"max_hp_gain":0.0,"max_hp_loss":0.0,"gold_gain":30.0,"event_name":"Dead Adventurer","player_choice":"Searched \u00271\u0027 times","floor":10.0,"gold_loss":0.0,"damage_taken":0.0},{"damage_healed":0.0,"max_hp_gain":0.0,"max_hp_loss":0.0,"gold_gain":75.0,"event_name":"World of Goop","player_choice":"Gather Gold","floor":12.0,"gold_loss":0.0,"damage_taken":11.0},{"damage_healed":0.0,"max_hp_gain":0.0,"max_hp_loss":6.0,"gold_gain":0.0,"event_name":"Golden Idol","player_choice":"Lose Max HP","floor":13.0,"gold_loss":0.0,"damage_taken":0.0,"relics_obtained":["Golden Idol"]},{"cards_removed":["Strike_B"],"damage_healed":0.0,"max_hp_gain":0.0,"max_hp_loss":0.0,"gold_gain":0.0,"event_name":"Beggar","player_choice":"Gave Gold","floor":20.0,"gold_loss":75.0,"damage_taken":0.0},{"cards_removed":["Strike_B"],"damage_healed":0.0,"max_hp_gain":0.0,"max_hp_loss":0.0,"gold_gain":0.0,"event_name":"Back to Basics","player_choice":"Elegance","floor":21.0,"gold_loss":0.0,"damage_taken":0.0},{"damage_healed":0.0,"max_hp_gain":0.0,"max_hp_loss":0.0,"gold_gain":0.0,"event_name":"Vampires","player_choice":"Ignored","floor":25.0,"gold_loss":0.0,"damage_taken":0.0},{"damage_healed":0.0,"max_hp_gain":0.0,"max_hp_loss":0.0,"gold_gain":0.0,"event_name":"Forgotten Altar","player_choice":"Gave Idol","floor":27.0,"relics_lost":["Golden Idol"],"gold_loss":0.0,"damage_taken":0.0,"relics_obtained":["Bloody Idol"]},{"damage_healed":0.0,"max_hp_gain":0.0,"max_hp_loss":0.0,"gold_gain":0.0,"event_name":"Mysterious Sphere","player_choice":"Ignored","floor":36.0,"gold_loss":0.0,"damage_taken":0.0},{"damage_healed":0,"gold_gain":0,"player_choice":"Memory 1","damage_taken":0,"max_hp_gain":0,"max_hp_loss":0,"event_name":"SensoryStone","floor":38,"gold_loss":0}],"is_beta":false,"boss_relics":[{"not_picked":["Black Star","Inserter"],"picked":"SlaversCollar"},{"not_picked":["Snecko Eye","Cursed Key"],"picked":"Astrolabe"}],"items_purged_floors":[4,22,30,37],"is_endless":false,"potions_floor_spawned":[5,8,16,24,28,31,39,41],"ascension_level":8}}