{"host":"qheym18ww6mhskxf","time":1611123125,"event":{"mods":["100% Spire Juice","BaseMod","CapriCore","Friendly Minions","GungeonMod","KOR Keyword Fix","Kiyohime£¨?ýï£©","Minty Spire (QoL Compilation)","Prisma Mod","Quick Restart","RRrroohrrRGHHhhh!!","Rare Cards Sparkle","Shop Mod","Spicy Shops","StSLib","Td1madao Mod","The Dragon Tamer","Username Fix"],"gold_per_floor":[114,128,146,9,26,26,39,67,136,168,168,168,182,200,200,299,299,312,312,329,344,344,344],"floor_reached":22,"language":"KOR","playtime":905,"items_purged":["Moonworks:Strike"],"score":290,"play_id":"46fa36ae-a914-4cbf-a513-10b74baaf50d","local_time":"20210120151205","daily_mods":["Heirloom","Time Dilation","DeadlyEvents","Elite Swarm"],"is_ascension_mode":true,"campfire_choices":[{"data":"Moonworks:TreasureThief","floor":6,"key":"SMITH"},{"data":"Moonworks:BackdoorTrade","floor":11,"key":"SMITH"},{"floor":15,"key":"REST"}],"circlet_count":0,"master_deck":["Moonworks:Strike+1","Moonworks:Strike","Moonworks:Strike","Moonworks:Defend","Moonworks:Defend","Moonworks:Defend+1","Moonworks:Defend","Moonworks:Ambush","Moonworks:LongDistanceShot","Moonworks:TreasureThief+1","Moonworks:DeployBits","Moonworks:Assault","Moonworks:DevilHand","Moonworks:BackdoorTrade+1","Moonworks:RocketCannon","Moonworks:SakisCookie","Moonworks:StiffCrystal+1","Moonworks:SweetBattle+1","Moonworks:SakisCookie+1"],"relics":["Moonworks:BrokenBomb","Moonworks:Homemark","DemoMod:NanoMachines","HornCleat","Mummified Hand","rorgmod:Black Star","Nloth\u0027s Gift","DemoMod:Armor"],"acts_visited":["Exordium","TheCity"],"potions_floor_usage":[8,16,16,16],"damage_taken":[{"damage":0.0,"enemies":"Jaw Worm","floor":1.0,"turns":3.0},{"damage":0.0,"enemies":"2 Louse","floor":2.0,"turns":4.0},{"damage":0,"enemies":"Cultist","floor":3,"turns":3},{"damage":9,"enemies":"Looter","floor":5,"turns":3},{"damage":9,"enemies":"Red Slaver","floor":7,"turns":3},{"damage":10,"enemies":"Lagavulin","floor":8,"turns":6},{"damage":7,"enemies":"3 Sentries","floor":10,"turns":4},{"damage":0,"enemies":"3 Louse","floor":13,"turns":4},{"damage":3,"enemies":"Lots of Slimes","floor":14,"turns":3},{"damage":8,"enemies":"Hexaghost","floor":16,"turns":8},{"damage":21,"enemies":"Spheric Guardian","floor":18,"turns":4},{"damage":8,"enemies":"Shell Parasite","floor":20,"turns":5},{"damage":25,"enemies":"Snake Plant","floor":21,"turns":4},{"damage":0,"enemies":"Book of Stabbing","floor":22,"turns":1}],"seed_played":"-1299849929405719499","potions_obtained":[{"floor":3,"key":"SpeedPotion"},{"floor":8,"key":"Fruit Juice"},{"floor":10,"key":"Strength Potion"},{"floor":13,"key":"Swift Potion"},{"floor":16,"key":"Block Potion"},{"floor":20,"key":"BlessingOfTheForge"}],"is_trial":true,"path_per_floor":["M","M","M","$","M","R","M","E","T","E","R","?","M","M","R","B",null,"M","?","M","M","E"],"character_chosen":"THE_STARBREAKER","items_purchased":["Moonworks:Assault"],"campfire_rested":1,"item_purchase_floors":[4],"current_hp_per_floor":[54,54,54,54,45,45,36,31,31,24,24,11,11,8,27,21,54,35,35,27,2,4,4],"gold":344,"neow_bonus":"","is_daily":false,"chose_seed":false,"campfire_upgraded":2,"win_rate":0.0,"timestamp":1611123125,"path_taken":["M","M","M","$","M","R","M","E","T","E","R","?","M","M","R","BOSS","M","?","M","M","?"],"items_purchased_type":["Card"],"build_version":"2020-12-22","purchased_purges":1,"victory":false,"max_hp_per_floor":[60,60,60,60,60,60,60,65,65,65,65,65,65,65,65,65,65,65,65,65,65,65,65],"card_choices":[{"not_picked":["Moonworks:CloudOfSeagulls","Moonworks:ImmovableObject"],"picked":"Moonworks:TreasureThief","floor":1.0},{"not_picked":["Moonworks:UnluckyCharm","Moonworks:ImOnFire"],"picked":"Moonworks:DeployBits","floor":2},{"not_picked":["Moonworks:Heat300Percent","Moonworks:ImOnFire","Moonworks:ForcedRevival"],"picked":"SKIP","floor":3},{"not_picked":["Moonworks:BigMagnum","Moonworks:ImOnFire"],"picked":"Moonworks:DevilHand","floor":5},{"not_picked":["Moonworks:FinalSurgery","Moonworks:ImOnFire"],"picked":"Moonworks:BackdoorTrade","floor":7},{"not_picked":["Moonworks:MeltingMemories","Moonworks:Blazing"],"picked":"Moonworks:RocketCannon","floor":8},{"not_picked":["Moonworks:AccelHyper","Moonworks:Blazing","Moonworks:MeltingMemories"],"picked":"SKIP","floor":10},{"not_picked":["Moonworks:JonathanRush","Moonworks:LulusLuckyEgg","Moonworks:UnpaidWork"],"picked":"SKIP","floor":13},{"not_picked":["Moonworks:FullSpeedAlicianrone","Moonworks:UnluckyCharm"],"picked":"Moonworks:SakisCookie","floor":14},{"not_picked":["Moonworks:IntelligenceOfficer","Moonworks:SealedMemories"],"picked":"Moonworks:StiffCrystal+1","floor":18},{"not_picked":["Moonworks:JonathanRush","Moonworks:BigMagnum"],"picked":"Moonworks:SweetBattle+1","floor":20},{"not_picked":["Moonworks:UnluckyCharm","Moonworks:Assault+1"],"picked":"Moonworks:SakisCookie+1","floor":21}],"player_experience":458914,"relics_obtained":[{"floor":8,"key":"Art of War"},{"floor":9,"key":"HornCleat"},{"floor":10,"key":"Mummified Hand"}],"event_choices":[{"damage_healed":0,"gold_gain":0,"player_choice":"Entered Light","damage_taken":13,"max_hp_gain":0,"max_hp_loss":0,"event_name":"Shining Light","floor":12,"gold_loss":0,"cards_upgraded":["Moonworks:Defend","Moonworks:Strike"]},{"damage_healed":0,"gold_gain":0,"player_choice":"Traded Relic","damage_taken":0,"relics_obtained":["Nloth\u0027s Gift"],"max_hp_gain":0,"max_hp_loss":0,"event_name":"N\u0027loth","floor":19,"relics_lost":["Art of War"],"gold_loss":0}],"is_beta":false,"boss_relics":[{"not_picked":["SlaversCollar","Busted Crown"],"picked":"rorgmod:Black Star"}],"items_purged_floors":[4],"is_endless":true,"potions_floor_spawned":[3,8,10,13,16,20],"killed_by":"Book of Stabbing","ascension_level":9}}