{"host":"irrizrmw64do51k7","time":1611151438,"event":{"mods":["AchievementEnabler","BaseMod","BetterRewards","Card Forge","Colored Map","Colored Powertips","Curses Come First","Good Game Mod","Minty Spire (QoL Compilation)","Quick Restart","Shop Mod","StSLib"],"gold_per_floor":[114,126,145,164,180,212,246,246,246,276,295,326,326,344,344,421,421,403,403,417,417,417,417,437,463,463,494,506,47,72,0,0,74,74,87,436,436,448,463,488,500,511,564,591,591,281,281,294,294,294,294,294,47,77,77],"floor_reached":56,"language":"ENG","playtime":4103,"items_purged":["DeusExMachina"],"score":2667,"play_id":"4a1cee7f-a883-4ff6-9fe1-4bda89361cbb","local_time":"20210120060358","is_ascension_mode":true,"campfire_choices":[{"floor":8,"key":"REST"},{"floor":13,"key":"REST"},{"data":"Creative AI","floor":15,"key":"SMITH"},{"floor":23,"key":"RECALL"},{"floor":32,"key":"REST"},{"floor":45,"key":"REST"},{"data":"White Noise","floor":49,"key":"SMITH"},{"data":"Storm","floor":52,"key":"SMITH"}],"circlet_count":0,"master_deck":["AscendersBane","Strike_B+1","Strike_B","Strike_B+1","Defend_B","Defend_B","Defend_B","Zap","Dualcast","Apotheosis+1","Loop","Mayhem","Heatsinks","Defragment","Seek","Zap+1","Stack","Chill","Genetic Algorithm","Heatsinks","Coolheaded","Streamline","Creative AI+1","Cold Snap","Steam","Coolheaded","Buffer","Leap","Sweeping Beam+1","Stack","Barrage","Storm+1","White Noise+1","Seek","Creative AI","Steam Power","Defragment","Conserve Battery+1","Storm+1","Double Energy+1"],"relics":["Cracked Core","Hammer of Thor","Seething Fire","Anvil of the Gods","REME:ComplimentaryCards","Torii","Pocketwatch","WingedGreaves","Calipers","Nunchaku","Whetstone","Potion Belt","Kunai","Empty Cage","Mummified Hand","Pantograph","Bag of Preparation","Runic Capacitor","Bottled Lightning","Symbiotic Virus","Nuclear Battery","Old Coin","Smiling Mask","Frozen Egg 2","Oddly Smooth Stone","Lizard Tail","Gambling Chip","Bag of Marbles","White Beast Statue"],"acts_visited":["Exordium","TheCity","TheBeyond","TheEnding"],"potions_floor_usage":[4,6,10,10,11,14,18,27,30,50,50,54,55,55,55,55,55,55],"damage_taken":[{"damage":8.0,"enemies":"Jaw Worm","floor":1.0,"turns":4.0},{"damage":9.0,"enemies":"Small Slimes","floor":2.0,"turns":3.0},{"damage":1,"enemies":"Cultist","floor":3,"turns":4},{"damage":16,"enemies":"Looter","floor":4,"turns":3},{"damage":9,"enemies":"Blue Slaver","floor":5,"turns":4},{"damage":1,"enemies":"3 Sentries","floor":6,"turns":7},{"damage":1,"enemies":"Lagavulin","floor":7,"turns":6},{"damage":31,"enemies":"Gremlin Nob","floor":10,"turns":4},{"damage":0,"enemies":"Exordium Wildlife","floor":11,"turns":5},{"damage":2,"enemies":"Lagavulin","floor":12,"turns":6},{"damage":0,"enemies":"Lots of Slimes","floor":14,"turns":2},{"damage":15,"enemies":"Slime Boss","floor":16,"turns":8},{"damage":21,"enemies":"2 Thieves","floor":18,"turns":4},{"damage":6,"enemies":"Chosen","floor":20,"turns":6},{"damage":6,"enemies":"Centurion and Healer","floor":24,"turns":6},{"damage":38,"enemies":"Book of Stabbing","floor":25,"turns":8},{"damage":0,"enemies":"Gremlin Leader","floor":27,"turns":8},{"damage":0,"enemies":"Chosen and Byrds","floor":28,"turns":7},{"damage":7,"enemies":"Book of Stabbing","floor":30,"turns":3},{"damage":22,"enemies":"Automaton","floor":33,"turns":6},{"damage":7,"enemies":"Orb Walker","floor":35,"turns":3},{"damage":20,"enemies":"2 Orb Walkers","floor":36,"turns":3},{"damage":1,"enemies":"3 Shapes","floor":38,"turns":4},{"damage":0,"enemies":"Maw","floor":39,"turns":5},{"damage":0,"enemies":"Giant Head","floor":40,"turns":6},{"damage":0,"enemies":"4 Shapes","floor":41,"turns":3},{"damage":0,"enemies":"Transient","floor":42,"turns":5},{"damage":0,"enemies":"Nemesis","floor":44,"turns":5},{"damage":0,"enemies":"Sphere and 2 Shapes","floor":48,"turns":2},{"damage":1,"enemies":"Time Eater","floor":50,"turns":7},{"damage":37,"enemies":"Shield and Spear","floor":54,"turns":3},{"damage":4,"enemies":"The Heart","floor":55,"turns":5}],"seed_played":"3679851562281723782","potions_obtained":[{"floor":2.0,"key":"ColorlessPotion"},{"floor":6,"key":"PowerPotion"},{"floor":7,"key":"EntropicBrew"},{"floor":14,"key":"Fire Potion"},{"floor":20,"key":"EssenceOfSteel"},{"floor":25,"key":"DistilledChaos"},{"floor":27,"key":"Energy Potion"},{"floor":33,"key":"Strength Potion"},{"floor":38,"key":"EntropicBrew"},{"floor":39,"key":"Block Potion"}],"is_trial":false,"path_per_floor":["M","M","M","M","M","E","E","R","T","E","M","E","R","M","R","B",null,"M","$","M","?","?","R","M","E","T","E","M","$","E","?","R","B",null,"M","?","?","M","M","E","M","M","T","E","R","$","?","M","R","B",null,"R","$","E","B",null],"character_chosen":"DEFECT","items_purchased":["Apotheosis","Loop","Mayhem","Heatsinks","Defragment","Seek","Regen Potion","White Noise","Runic Capacitor","Bottled Lightning","Gambling Chip","Bag of Marbles","Strength Potion","Explosive Potion"],"campfire_rested":4,"item_purchase_floors":[0,0,0,0,0,0,0,29,29,29,46,53,53,53],"current_hp_per_floor":[56,47,46,30,21,35,34,55,55,24,24,22,43,43,43,28,60,39,39,33,33,81,81,75,37,37,37,37,37,30,30,54,57,75,68,48,48,47,47,47,47,47,47,47,71,71,71,71,71,80,81,81,81,44,79],"gold":77,"neow_bonus":"","is_daily":false,"chose_seed":false,"campfire_upgraded":3,"win_rate":0.0,"timestamp":1611151438,"path_taken":["M","M","M","M","M","E","E","R","T","E","M","E","R","M","R","BOSS","M","$","M","?","?","R","M","E","T","E","?","$","E","?","R","BOSS","M","?","?","M","M","E","M","?","T","E","R","$","?","M","R","BOSS","R","$","E","BOSS"],"items_purchased_type":["Card","Card","Card","Card","Card","Card","Potion","Card","Relic","Relic","Relic","Relic","Potion","Potion"],"build_version":"2020-12-22","purchased_purges":1,"victory":true,"max_hp_per_floor":[71,71,71,71,71,71,71,71,71,71,71,71,71,71,71,71,71,71,71,71,71,81,81,81,81,81,81,81,81,81,81,81,81,81,81,81,81,81,81,81,81,81,81,81,81,81,81,81,81,81,81,81,81,81,81],"card_choices":[{"not_picked":["Barrage","Rebound"],"picked":"Stack","floor":1.0},{"not_picked":["Sweeping Beam","Hologram"],"picked":"Chill","floor":2.0},{"not_picked":["Steam","Hologram","Melter"],"picked":"SKIP","floor":3},{"not_picked":["Tempest","Fusion"],"picked":"Heatsinks","floor":4},{"not_picked":["Streamline","Cold Snap"],"picked":"Coolheaded","floor":5},{"not_picked":["Redo","Leap"],"picked":"Streamline","floor":6},{"not_picked":["Barrage","Auto Shields"],"picked":"Creative AI","floor":7},{"not_picked":["Barrage","Loop"],"picked":"Creative AI","floor":10},{"not_picked":["Tempest","Barrage"],"picked":"Cold Snap","floor":11},{"not_picked":["Turbo","Redo"],"picked":"Steam","floor":12},{"not_picked":["Rebound","Sweeping Beam"],"picked":"Coolheaded","floor":14},{"not_picked":["Biased Cognition","Fission"],"picked":"Buffer","floor":16},{"not_picked":["Blizzard","Skim+1"],"picked":"Leap","floor":18},{"not_picked":["Gash+1","Beam Cell"],"picked":"Sweeping Beam+1","floor":20},{"not_picked":["Rebound","Steam Power"],"picked":"Stack","floor":24},{"not_picked":["Consume","Fission"],"picked":"Barrage","floor":25},{"not_picked":["Hologram","Rebound","Compile Driver"],"picked":"SKIP","floor":27},{"not_picked":["Skim","Sweeping Beam"],"picked":"Storm","floor":28},{"not_picked":["Streamline+1","Leap"],"picked":"Seek","floor":30},{"not_picked":["Thunder Strike","Machine Learning"],"picked":"Creative AI","floor":33},{"not_picked":["Barrage","Sweeping Beam"],"picked":"Steam Power","floor":35},{"not_picked":["Fusion+1","Conserve Battery"],"picked":"Defragment","floor":36},{"not_picked":["Barrage","Ball Lightning"],"picked":"Force Field","floor":38},{"not_picked":["Stack","Auto Shields"],"picked":"Conserve Battery+1","floor":39},{"not_picked":["Tempest","Chaos+1","FTL"],"picked":"SKIP","floor":40},{"not_picked":["Coolheaded+1","Double Energy+1"],"picked":"Storm+1","floor":41},{"not_picked":["Genetic Algorithm","Compile Driver"],"picked":"Double Energy+1","floor":42},{"not_picked":["Compile Driver","Rebound","Blizzard"],"picked":"SKIP","floor":44},{"not_picked":["Hyperbeam","Conserve Battery+1","Undo+1"],"picked":"SKIP","floor":48},{"not_picked":["Cold Snap","Core Surge","Sunder"],"picked":"SKIP","floor":54}],"player_experience":468730,"relics_obtained":[{"floor":6,"key":"Nunchaku"},{"floor":7,"key":"Whetstone"},{"floor":10,"key":"Potion Belt"},{"floor":12,"key":"Kunai"},{"floor":25,"key":"Mummified Hand"},{"floor":26,"key":"Pantograph"},{"floor":27,"key":"Bag of Preparation"},{"floor":30,"key":"Symbiotic Virus"},{"floor":36,"key":"Old Coin"},{"floor":37,"key":"Smiling Mask"},{"floor":40,"key":"Frozen Egg 2"},{"floor":43,"key":"Oddly Smooth Stone"},{"floor":44,"key":"Lizard Tail"},{"floor":54,"key":"White Beast Statue"}],"event_choices":[{"damage_healed":0,"gold_gain":0,"player_choice":"Ignored","damage_taken":0,"max_hp_gain":0,"max_hp_loss":0,"event_name":"The Mausoleum","floor":21,"gold_loss":0},{"cards_removed":["Creative AI"],"damage_healed":38,"gold_gain":0,"player_choice":"Offered Rare","damage_taken":0,"max_hp_gain":10,"max_hp_loss":0,"event_name":"Bonfire Elementals","floor":22,"gold_loss":0},{"damage_healed":0,"gold_gain":0,"player_choice":"Paid Fearfully","damage_taken":0,"max_hp_gain":0,"max_hp_loss":0,"event_name":"Masked Bandits","floor":31,"gold_loss":72},{"damage_healed":0,"gold_gain":0,"player_choice":"Fight","damage_taken":0,"max_hp_gain":0,"max_hp_loss":0,"event_name":"Mysterious Sphere","floor":36,"gold_loss":0},{"damage_healed":0,"gold_gain":0,"player_choice":"Relic","damage_taken":0,"max_hp_gain":0,"max_hp_loss":0,"event_name":"Wheel of Change","floor":37,"gold_loss":0},{"cards_removed":["Force Field"],"damage_healed":0,"gold_gain":0,"player_choice":"Removed Skill","damage_taken":0,"max_hp_gain":0,"max_hp_loss":0,"event_name":"Falling","floor":47,"gold_loss":0}],"is_beta":false,"boss_relics":[{"not_picked":["Coffee Dripper","Snecko Eye"],"picked":"Empty Cage"},{"not_picked":["Velvet Choker","Fusion Hammer"],"picked":"Nuclear Battery"}],"items_purged_floors":[0],"is_endless":false,"potions_floor_spawned":[2,3,6,7,14,20,25,27,33,38,39,42],"ascension_level":15}}