{"host":"7qoz5gmva6til3yp","time":1611154746,"event":{"mods":["AchievementEnabler","BaseMod","Minty Spire (QoL Compilation)","StSLib","SuperFastMode"],"gold_per_floor":[119,119,119,137,160,160,180,198,274,46,76,96,421,295,295,400,400,390,305,319,51,68,68,68,68,68],"floor_reached":25,"language":"KOR","playtime":759,"items_purged":["Strike_G","Defend_G","Defend_G"],"score":317,"play_id":"6fe19bdf-b987-4f91-8adc-86cee805b985","local_time":"20210120235906","is_ascension_mode":true,"campfire_choices":[{"data":"Neutralize","floor":6.0,"key":"SMITH"},{"data":"Calculated Gamble","floor":15.0,"key":"SMITH"},{"data":"1","floor":23,"key":"LIFT"}],"circlet_count":0,"master_deck":["AscendersBane","Strike_G","Strike_G","Strike_G","Defend_G","Defend_G","Defend_G","Survivor+1","Neutralize+1","Riddle With Holes+1","Escape Plan","Calculated Gamble+1","Acrobatics","PiercingWail","Wraith Form v2","Leg Sweep+1"],"relics":["Ring of the Snake","Oddly Smooth Stone","Shuriken","PreservedInsect","Bronze Scales","Old Coin","Runic Pyramid","Girya","Lantern"],"acts_visited":["Exordium","TheCity"],"potions_floor_usage":[22],"damage_taken":[{"damage":7.0,"enemies":"Small Slimes","floor":1.0,"turns":6.0},{"damage":6.0,"enemies":"Jaw Worm","floor":4.0,"turns":4.0},{"damage":0.0,"enemies":"Cultist","floor":7.0,"turns":3.0},{"damage":0.0,"enemies":"Red Slaver","floor":8.0,"turns":4.0},{"damage":10.0,"enemies":"3 Sentries","floor":11.0,"turns":6.0},{"damage":2.0,"enemies":"Looter","floor":12.0,"turns":3.0},{"damage":17.0,"enemies":"Lagavulin","floor":13.0,"turns":5.0},{"damage":10.0,"enemies":"Hexaghost","floor":16.0,"turns":8.0},{"damage":8,"enemies":"2 Thieves","floor":18,"turns":4},{"damage":1,"enemies":"Spheric Guardian","floor":20,"turns":5},{"damage":27,"enemies":"Cultist and Chosen","floor":22,"turns":11},{"damage":22,"enemies":"Book of Stabbing","floor":25,"turns":4}],"seed_played":"1667247159916481286","potions_obtained":[{"floor":4.0,"key":"Swift Potion"},{"floor":7.0,"key":"CultistPotion"},{"floor":11.0,"key":"SkillPotion"},{"floor":13.0,"key":"BlessingOfTheForge"}],"is_trial":false,"path_per_floor":["M","?","?","M","T","R","M","M","T","$","E","M","E","$","R","B",null,"M","?","M","$","M","R","?","E"],"character_chosen":"THE_SILENT","items_purchased":["PreservedInsect","PiercingWail","Lantern"],"campfire_rested":0,"item_purchase_floors":[10,14,21],"current_hp_per_floor":[56,56,56,50,50,50,50,50,50,50,40,38,21,21,21,11,55,47,47,46,46,19,19,19,0,0],"gold":68,"neow_bonus":"UPGRADE_CARD","is_daily":false,"chose_seed":false,"campfire_upgraded":2,"win_rate":0.0,"timestamp":1611154746,"path_taken":["M","?","?","M","?","R","?","M","T","$","E","M","E","?","R","BOSS","M","?","M","$","M","R","?","E"],"items_purchased_type":["Relic","Card","Relic"],"build_version":"2020-12-22","purchased_purges":3,"victory":false,"max_hp_per_floor":[70,70,70,70,70,70,70,70,70,70,70,70,70,70,70,70,70,70,70,70,70,70,70,70,70,70],"card_choices":[{"not_picked":["Quick Slash","Catalyst"],"picked":"Riddle With Holes","floor":1.0},{"not_picked":["Cloak And Dagger","Deadly Poison","Flechettes"],"picked":"SKIP","floor":4.0},{"not_picked":["Dagger Throw","Infinite Blades"],"picked":"Escape Plan","floor":7.0},{"not_picked":["Dodge and Roll","Crippling Poison"],"picked":"Calculated Gamble","floor":8.0},{"not_picked":["Underhanded Strike","Bane","Corpse Explosion"],"picked":"SKIP","floor":11.0},{"not_picked":["Escape Plan","Flying Knee"],"picked":"Acrobatics","floor":12.0},{"not_picked":["Quick Slash","Calculated Gamble","Expertise"],"picked":"SKIP","floor":13.0},{"not_picked":["Die Die Die","After Image"],"picked":"Wraith Form v2","floor":16.0},{"not_picked":["Cloak And Dagger","Caltrops","Dagger Throw"],"picked":"SKIP","floor":18},{"not_picked":["Blade Dance","Outmaneuver"],"picked":"Leg Sweep+1","floor":20},{"not_picked":["Cloak And Dagger","Bullet Time","Choke"],"picked":"SKIP","floor":22}],"player_experience":407340,"relics_obtained":[{"floor":5.0,"key":"Oddly Smooth Stone"},{"floor":9.0,"key":"Shuriken"},{"floor":11.0,"key":"Bronze Scales"},{"floor":13.0,"key":"Old Coin"}],"event_choices":[{"damage_healed":0.0,"max_hp_gain":0.0,"max_hp_loss":0.0,"gold_gain":0.0,"event_name":"Living Wall","player_choice":"Grow","floor":2.0,"gold_loss":0.0,"damage_taken":0.0,"cards_upgraded":["Riddle With Holes"]},{"damage_healed":0.0,"max_hp_gain":0.0,"max_hp_loss":0.0,"gold_gain":0.0,"event_name":"Liars Game","player_choice":"Ignored","floor":3.0,"gold_loss":0.0,"damage_taken":0.0},{"damage_healed":0,"gold_gain":0,"player_choice":"Obtained Relic","damage_taken":0,"relics_obtained":["Girya"],"max_hp_gain":0,"max_hp_loss":0,"event_name":"Addict","floor":19,"gold_loss":85},{"cards_removed":["Strike_G"],"damage_healed":0,"gold_gain":0,"player_choice":"Card Removal","damage_taken":0,"max_hp_gain":0,"max_hp_loss":0,"event_name":"Wheel of Change","floor":24,"gold_loss":0}],"is_beta":false,"boss_relics":[{"not_picked":["Astrolabe","Snecko Eye"],"picked":"Runic Pyramid"}],"items_purged_floors":[10,14,21],"is_endless":false,"potions_floor_spawned":[4,7,11,12,13],"killed_by":"Book of Stabbing","ascension_level":10}}