{"host":"5a3ojr29q3aeapfp","time":1611159599,"event":{"mods":["BaseMod","CapriCore","Colored Powertips","Downfall","GungeonMod","Hermit","Highlight Path","Koishi","Minty Spire (QoL Compilation)","Quick Restart","Remilia£®¿Ÿ√◊¿Ú—«£©","Spicy Shops","StSLib","The Cursed","The Immortal","The Marked","Youmu£®ªÍ∆«—˝√Œ£©","°æ“≈ŒÔø®≈∆°øREMEMod"],"gold_per_floor":[99,115,126,140,151,251,251,286,286,315,315,315,315,346,366,461,461,261,276,290,78,96,196,219,128,160,60,60,9,1,42,66,165,165,165,177,188,204,204,216,263,263,298,324,352,369,396,413,435,435,435,477,32,32,32,32],"floor_reached":57,"language":"ZHS","playtime":6562,"items_purged":["Regret"],"score":1617,"play_id":"3dc40048-9635-4433-a447-749e0edb3322","local_time":"20210121001959","is_ascension_mode":true,"campfire_choices":[{"data":"DemoMod:BSG","floor":1,"key":"SMITH"},{"floor":9,"key":"RECALL"},{"data":"hexamod:EmpoweredFlame","floor":18,"key":"SMITH"},{"data":"hexamod:Float","floor":27,"key":"SMITH"},{"data":"hexamod:ForkedFlame","floor":35,"key":"SMITH"},{"floor":54,"key":"REST"}],"circlet_count":0,"master_deck":["hexamod:Strike+1","hexamod:Strike+1","hexamod:Strike+1","hexamod:Defend+1","hexamod:Defend+1","hexamod:Defend+1","hexamod:Sear","hexamod:Float+1","DemoMod:BSG+1","hexamod:ShieldOfDarkness+1","hexamod:RadiantFlame+1","hexamod:HeatShield","hexamod:EmpoweredFlame+1","hexamod:FlamesFromBeyond+1","hexamod:SixthSeal","hexamod:StepThrough+1","hexamod:HexaLevel+1","hexamod:SpectersWail+1","hexamod:SoulSteal+1","hexamod:ShieldOfDarkness","hexamod:NecessarySacrifice+1","hexamod:ShieldOfDarkness+1","hexamod:GhostOfSpirePast+1","hexamod:VolcanoVisage+1","hexamod:FourthSeal","hexamod:ThermalTransfer","hexamod:NightmareGuise+1","hexamod:SwordOfDarkness+1","hexamod:ThirdSeal","hexamod:SecondSeal","hexamod:FirstSeal","hexamod:BacktrackSmack","hexamod:WildfireWeapon+1","hexamod:ForkedFlame+1","hexamod:EmpoweredFlame","hexamod:CatchUp+1","hexamod:Rewind+1","hexamod:HeatCrush+1","hexamod:GhostflameBarrier+1","hexamod:TimeWarp","hexamod:TimeWarp+1","hexamod:SearingWound+1","hexamod:FlamesFromBeyond+1","hexamod:VolcanoVisage","hexamod:EmpoweredFlame+1","hexamod:Rewind+1","hexamod:FlamesFromBeyond+1"],"relics":["hexamod:SpiritBrand","REME_ComplimentaryCards","MealTicket","HornCleat","Shuriken","Bronze Scales","downfall:ShatteredFragment","DemoMod:LamentConfigurum","Snecko Eye","downfall:HeartBlessingRed","downfall:HeartBlessingGreen","Thread and Needle","DemoMod:MeltedRock","Anchor","Orrery","Toxic Egg 2","DemoMod:PinkGuonStone","downfall:HeartBlessingBlue","DemoMod:MonsterBlood","Strange Spoon","Pen Nib","Red Mask","REME_HourglassOfDeath","Empty Cage","Bottled Flame","REME_PuzzleBoxRelic","Spirit Poop","DemoMod:AgedBell","DemoMod:VorpalBullet","Regal Pillow","DemoMod:Bottle","AntiCross","DemoMod:GreenGuonStone","Medical Kit","Ornamental Fan"],"acts_visited":["Exordium","TheCity","TheBeyond","TheEnding"],"potions_floor_usage":[10,15,16,16,29,33,55,55,56],"damage_taken":[{"damage":0,"enemies":"Cultist","floor":2,"turns":2},{"damage":0,"enemies":"Small Slimes","floor":3,"turns":4},{"damage":0,"enemies":"Jaw Worm","floor":4,"turns":1},{"damage":0,"enemies":"2 Fungi Beasts","floor":5,"turns":3},{"damage":20,"enemies":"Gremlin Nob","floor":8,"turns":4},{"damage":4,"enemies":"3 Sentries","floor":10,"turns":7},{"damage":6,"enemies":"Lagavulin","floor":14,"turns":4},{"damage":2,"enemies":"Exordium Thugs","floor":15,"turns":3},{"damage":5,"enemies":"IC_STATUS_ARCHETYPE","floor":16,"turns":7},{"damage":4,"enemies":"Shell Parasite","floor":19,"turns":3},{"damage":0,"enemies":"3 Byrds","floor":20,"turns":2},{"damage":3,"enemies":"downfall:FleeingMerchant","floor":21,"turns":4},{"damage":0,"enemies":"Snake Plant","floor":22,"turns":2},{"damage":0,"enemies":"downfall:FleeingMerchant","floor":25,"turns":4},{"damage":0,"enemies":"Slavers","floor":26,"turns":3},{"damage":0,"enemies":"downfall:FleeingMerchant","floor":29,"turns":4},{"damage":0,"enemies":"Masked Bandits","floor":31,"turns":3},{"damage":0,"enemies":"Snecko","floor":32,"turns":5},{"damage":0,"enemies":"DF_ARCHETYPE_CLAW","floor":33,"turns":6},{"damage":0,"enemies":"Orb Walker","floor":36,"turns":4},{"damage":0,"enemies":"3 Darklings","floor":37,"turns":3},{"damage":0,"enemies":"Sphere and 2 Shapes","floor":38,"turns":3},{"damage":0,"enemies":"Writhing Mass","floor":40,"turns":4},{"damage":0,"enemies":"Giant Head","floor":43,"turns":7},{"damage":0,"enemies":"Spire Growth","floor":44,"turns":2},{"damage":0,"enemies":"Reptomancer","floor":45,"turns":2},{"damage":0,"enemies":"Maw","floor":46,"turns":1},{"damage":0,"enemies":"Giant Head","floor":47,"turns":1},{"damage":0,"enemies":"Writhing Mass","floor":48,"turns":4},{"damage":7,"enemies":"Transient","floor":49,"turns":5},{"damage":57,"enemies":"SI_POISON_ARCHETYPE","floor":50,"turns":6},{"damage":55,"enemies":"downfall:CharBossMerchant","floor":52,"turns":6},{"damage":15,"enemies":"downfall:NeowBoss","floor":55,"turns":8},{"damage":38,"enemies":"downfall:NeowBossFinal","floor":56,"turns":8}],"seed_played":"4491571512197906093","potions_obtained":[{"floor":2,"key":"Dexterity Potion"},{"floor":4,"key":"Swift Potion"},{"floor":5,"key":"Block Potion"},{"floor":15,"key":"LiquidMemories"},{"floor":26,"key":"SneckoOil"},{"floor":26,"key":"Swift Potion"},{"floor":31,"key":"Weak Potion"},{"floor":31,"key":"Block Potion"},{"floor":32,"key":"SkillPotion"},{"floor":33,"key":"CultistPotion"},{"floor":37,"key":"Fire Potion"},{"floor":52,"key":"EssenceOfSteel"}],"is_trial":false,"path_per_floor":["R","M","M","M","M","?","T","E","R","E","?","?","?","E","M","B",null,"R","M","M","$","M","?","T","$","E","R","?","$","?","?","M","B",null,"R","M","M","M","?","M","T","?","E","M","E","M","E","M","M","B",null,"E","$","R","B","B",null],"character_chosen":"THE_SPIRIT","items_purchased":["DemoMod:MeltedRock","Orrery","DemoMod:MonsterBlood","Strange Spoon","Pen Nib","Medical Kit","Ornamental Fan","hexamod:FlamesFromBeyond+1"],"campfire_rested":1,"item_purchase_floors":[21,25,29,29,29,53,53,53],"current_hp_per_floor":[70,70,70,70,70,70,70,50,50,46,46,46,25,19,17,12,70,70,66,66,67,67,67,67,70,77,87,87,94,87,94,94,94,94,94,94,94,94,94,94,94,91,91,91,91,91,91,91,86,40,91,36,51,91,83,45],"gold":32,"neow_bonus":"RANDOM_COMMON_RELIC","is_daily":false,"chose_seed":false,"campfire_upgraded":4,"win_rate":0.0,"timestamp":1611159599,"path_taken":["R","M","M","M","?","?","T","E","R","E","?","?","?","E","M","BOSS","R","M","M","$","M","?","T","?","E","R","?","$","?","?","M","BOSS","R","M","M","M","?","M","T","?","E","M","E","?","E","M","M","BOSS","E","$","R","BOSS","BOSS"],"items_purchased_type":["Relic","Relic","Relic","Relic","Relic","Relic","Relic","Card"],"build_version":"2020-12-22","purchased_purges":1,"victory":true,"max_hp_per_floor":[70,70,70,70,70,70,70,70,70,70,70,70,70,70,70,70,70,70,70,70,70,70,70,70,70,77,87,87,94,94,94,94,94,94,94,94,94,94,94,94,94,91,91,91,91,91,91,91,91,91,91,91,91,91,91,91],"card_choices":[{"not_picked":["hexamod:NightmareStrike","hexamod:BacktrackSmack"],"picked":"hexamod:ShieldOfDarkness","floor":2},{"not_picked":["hexamod:ThermalTransfer","hexamod:Firestarter"],"picked":"hexamod:RadiantFlame","floor":3},{"not_picked":["hexamod:GhostLash","hexamod:ChargedBarrage","hexamod:Haunt"],"picked":"SKIP","floor":4},{"not_picked":["hexamod:AdvancingGuard","hexamod:RainOfEmbers"],"picked":"hexamod:HeatShield","floor":5},{"not_picked":["hexamod:HeatShield","hexamod:EtherealExpedition"],"picked":"hexamod:EmpoweredFlame","floor":8},{"not_picked":["hexamod:ThermalTransfer","hexamod:AdvancingGuard"],"picked":"hexamod:FlamesFromBeyond","floor":10},{"not_picked":["hexamod:GhostLash","hexamod:Hexaguard"],"picked":"hexamod:SixthSeal","floor":14},{"not_picked":["hexamod:SwordOfDarkness","hexamod:ShieldOfDarkness"],"picked":"hexamod:StepThrough","floor":15},{"not_picked":["hexamod:ForkedFlame","hexamod:WildfireWeapon"],"picked":"hexamod:HexaLevel","floor":16},{"not_picked":["hexamod:AdvancingGuard+1","hexamod:SwordOfDarkness"],"picked":"hexamod:SpectersWail+1","floor":19},{"not_picked":["hexamod:Hexaguard","hexamod:GhostOfSpireFuture"],"picked":"hexamod:SoulSteal","floor":20},{"not_picked":["hexamod:Hexaguard+1","hexamod:ThermalTransfer"],"picked":"hexamod:ShieldOfDarkness","floor":21},{"not_picked":["hexamod:GhostShield","hexamod:Haunt"],"picked":"hexamod:NecessarySacrifice","floor":22},{"not_picked":["hexamod:HeatShield","hexamod:TurnItUp"],"picked":"hexamod:ShieldOfDarkness+1","floor":25},{"not_picked":["hexamod:InspiringFlames","hexamod:HeatMetal"],"picked":"hexamod:HauntingEcho","floor":25},{"not_picked":["hexamod:InspiringFlames+1","hexamod:ThirdSeal"],"picked":"hexamod:GhostOfSpirePast","floor":25},{"not_picked":["hexamod:DynamicBlow","hexamod:GhostLash"],"picked":"hexamod:VolcanoVisage","floor":25},{"not_picked":["hexamod:SwordOfDarkness","hexamod:GhostflameInferno"],"picked":"hexamod:FourthSeal","floor":25},{"not_picked":["hexamod:HauntingEcho","hexamod:GhostShield+1"],"picked":"hexamod:ThermalTransfer","floor":25},{"not_picked":["hexamod:InspiringFlames+1","hexamod:NecessarySacrifice+1"],"picked":"hexamod:NightmareGuise+1","floor":26},{"not_picked":["hexamod:HeatShield+1","hexamod:ThermalTransfer"],"picked":"hexamod:SwordOfDarkness+1","floor":29},{"not_picked":["hexamod:NightmareGuise+1","hexamod:BurningTouch+1"],"picked":"hexamod:BacktrackSmack","floor":31},{"not_picked":["hexamod:Incineration+1","hexamod:ChargedBarrage+1"],"picked":"hexamod:WildfireWeapon","floor":32},{"not_picked":["hexamod:WildfireWeapon","hexamod:GhostflameInferno+1"],"picked":"hexamod:ForkedFlame","floor":33},{"not_picked":["hexamod:Incineration","hexamod:DynamicBlow"],"picked":"hexamod:EmpoweredFlame","floor":36},{"not_picked":["hexamod:FirstSeal","hexamod:Haunt+1"],"picked":"hexamod:CatchUp+1","floor":36},{"not_picked":["hexamod:NightmareGuise+1","hexamod:FlamesFromBeyond+1"],"picked":"hexamod:Rewind+1","floor":37},{"not_picked":["hexamod:Hexaguard+1","hexamod:RainOfEmbers"],"picked":"hexamod:HeatCrush+1","floor":38},{"not_picked":["hexamod:SoulSteal+1","hexamod:GhostShield+1"],"picked":"hexamod:GhostflameBarrier+1","floor":38},{"not_picked":["hexamod:FlamesFromBeyond+1","hexamod:HeatMetal+1"],"picked":"hexamod:TimeWarp","floor":40},{"not_picked":["hexamod:AdvancingGuard+1","hexamod:BacktrackSmack"],"picked":"hexamod:TimeWarp","floor":43},{"not_picked":["hexamod:BacktrackSmack+1","hexamod:SkipABeat+1","hexamod:ThermalTransfer"],"picked":"SKIP","floor":43},{"not_picked":["hexamod:ThermalTransfer+1","hexamod:Haunt+1","hexamod:Incineration+1"],"picked":"SKIP","floor":44},{"not_picked":["hexamod:HeatCrush+1","hexamod:BacktrackSmack"],"picked":"hexamod:SearingWound+1","floor":45},{"not_picked":["hexamod:NightmareGuise+1","hexamod:ShieldOfDarkness+1","hexamod:ExtraCrispy"],"picked":"SKIP","floor":46},{"not_picked":["hexamod:Firestarter","hexamod:NightmareStrike"],"picked":"hexamod:FlamesFromBeyond+1","floor":47},{"not_picked":["hexamod:EmpoweredFlame+1","hexamod:Haunt+1"],"picked":"hexamod:VolcanoVisage","floor":48},{"not_picked":["hexamod:SpectralAdrenaline+1","hexamod:ExtraCrispy","hexamod:FastForward+1"],"picked":"SKIP","floor":48},{"not_picked":["hexamod:StepThrough","hexamod:SpectersWail","hexamod:BacktrackSmack"],"picked":"SKIP","floor":49},{"not_picked":["hexamod:ShieldOfDarkness+1","hexamod:DynamicBlow"],"picked":"hexamod:EmpoweredFlame+1","floor":52},{"not_picked":["hexamod:SecondSeal","hexamod:SixthSeal"],"picked":"hexamod:Rewind+1","floor":52}],"player_experience":154944,"relics_obtained":[{"floor":8,"key":"HornCleat"},{"floor":10,"key":"Shuriken"},{"floor":14,"key":"DemoMod:LamentConfigurum"},{"floor":24,"key":"Anchor"},{"floor":26,"key":"DemoMod:PinkGuonStone"},{"floor":31,"key":"Red Mask"},{"floor":39,"key":"Bottled Flame"},{"floor":41,"key":"REME_PuzzleBoxRelic"},{"floor":43,"key":"DemoMod:VorpalBullet"},{"floor":45,"key":"Regal Pillow"},{"floor":47,"key":"DemoMod:Bottle"},{"floor":52,"key":"DemoMod:GreenGuonStone"}],"event_choices":[{"damage_healed":0,"gold_gain":0,"player_choice":"Box","damage_taken":0,"relics_obtained":["Bronze Scales"],"max_hp_gain":0,"max_hp_loss":0,"event_name":"Big Fish","floor":11,"gold_loss":0,"cards_obtained":["Regret"]},{"damage_healed":0,"gold_gain":0,"player_choice":"Fought Bandits","damage_taken":0,"max_hp_gain":0,"max_hp_loss":0,"event_name":"Masked Bandits","floor":31,"gold_loss":0},{"cards_removed":["Parasite"],"damage_healed":0,"gold_gain":0,"player_choice":"Offered Curse","damage_taken":0,"relics_obtained":["Spirit Poop"],"max_hp_gain":0,"max_hp_loss":0,"event_name":"Bonfire Elementals","floor":42,"gold_loss":0}],"is_beta":false,"boss_relics":[{"not_picked":["Runic Dome","Sozu"],"picked":"Snecko Eye"},{"not_picked":["REME_DuelDisc","bronze:MakeshiftBattery"],"picked":"Empty Cage"}],"items_purged_floors":[21],"is_endless":false,"potions_floor_spawned":[2,4,5,15,26,31,32,33,37,38,44,46,48],"ascension_level":1}}