{"host":"mai03x2ekbjy4059","time":1611143419,"event":{"mods":["2.2 Compatiblity","BaseMod","Colored Map","DeckTracker","Keyboard Shortcuts","Minty Spire (QoL Compilation)","Permanent Neow","Quick Restart","SuperFastMode","everything is the same but u backflip on backflip"],"gold_per_floor":[364,364,380,394,494,529,529,556,556,585,535,599,211,311,311,416,416,434,452,42,53,65,92,92,119,173,202,202,216,250,165,165,165,165,176,51,151,166,166,197,197,231,282,312,345,376,598,612,612,612],"floor_reached":51,"language":"KOR","playtime":1553,"items_purged":["Strike_B","Steam Power","Stack"],"score":1193,"play_id":"481fa83d-89b5-467e-b3fa-ce590d0aeaf2","local_time":"20210120205019","is_ascension_mode":true,"campfire_choices":[{"data":"Zap","floor":7.0,"key":"SMITH"},{"data":"Defragment","floor":15.0,"key":"SMITH"},{"data":"Storm","floor":24.0,"key":"SMITH"},{"data":"Dualcast","floor":28.0,"key":"SMITH"},{"data":"Static Discharge","floor":32.0,"key":"SMITH"},{"data":"Tempest","floor":41,"key":"SMITH"},{"data":"Electrodynamics","floor":49,"key":"SMITH"}],"circlet_count":0,"master_deck":["Zap+1","Dualcast+1","Defragment+1","Tempest+1","Seek","Reboot","Electrodynamics+1","Beam Cell","Static Discharge+1","Conserve Battery","Storm+1","Leap","Conserve Battery+1","Force Field","Steam+1"],"relics":["Cracked Core","Prayer Wheel","HornCleat","Gremlin Horn","Juzu Bracelet","TungstenRod","FossilizedHelix","Pandora\u0027s Box","Mummified Hand","Singing Bowl","Red Mask","Anchor","Ice Cream","InkBottle","WingedGreaves","Inserter","Ornamental Fan","DataDisk","Oddly Smooth Stone","Frozen Egg 2","Thread and Needle","Mango"],"acts_visited":["Exordium","TheCity","TheBeyond"],"potions_floor_usage":[40,44,50,50,50],"damage_taken":[{"damage":1.0,"enemies":"Jaw Worm","floor":1.0,"turns":4.0},{"damage":1.0,"enemies":"Cultist","floor":3.0,"turns":3.0},{"damage":0.0,"enemies":"Small Slimes","floor":4.0,"turns":3.0},{"damage":11.0,"enemies":"Lagavulin","floor":6.0,"turns":5.0},{"damage":26.0,"enemies":"Gremlin Nob","floor":8.0,"turns":4.0},{"damage":8.0,"enemies":"Lagavulin","floor":10.0,"turns":5.0},{"damage":17.0,"enemies":"3 Sentries","floor":12.0,"turns":7.0},{"damage":6.0,"enemies":"Hexaghost","floor":16.0,"turns":9.0},{"damage":4.0,"enemies":"Chosen","floor":18.0,"turns":3.0},{"damage":0.0,"enemies":"Shell Parasite","floor":19.0,"turns":3.0},{"damage":0.0,"enemies":"Centurion and Healer","floor":21.0,"turns":2.0},{"damage":0.0,"enemies":"Snecko","floor":22.0,"turns":4.0},{"damage":0.0,"enemies":"Gremlin Leader","floor":23.0,"turns":4.0},{"damage":0.0,"enemies":"Masked Bandits","floor":25.0,"turns":1.0},{"damage":0.0,"enemies":"Book of Stabbing","floor":27.0,"turns":4.0},{"damage":0.0,"enemies":"3 Cultists","floor":29.0,"turns":2.0},{"damage":0.0,"enemies":"Slavers","floor":30.0,"turns":2.0},{"damage":15.0,"enemies":"Collector","floor":33.0,"turns":7.0},{"damage":0,"enemies":"Orb Walker","floor":35,"turns":3},{"damage":0,"enemies":"3 Darklings","floor":38,"turns":2},{"damage":27,"enemies":"Giant Head","floor":40,"turns":9},{"damage":2,"enemies":"Nemesis","floor":42,"turns":7},{"damage":0,"enemies":"Giant Head","floor":44,"turns":6},{"damage":0,"enemies":"Reptomancer","floor":45,"turns":4},{"damage":0,"enemies":"Nemesis","floor":46,"turns":5},{"damage":0,"enemies":"Sphere and 2 Shapes","floor":48,"turns":1},{"damage":0,"enemies":"Donu and Deca","floor":50,"turns":6}],"seed_played":"-4010091359273563604","potions_obtained":[{"floor":3.0,"key":"SkillPotion"},{"floor":6.0,"key":"GamblersBrew"},{"floor":8.0,"key":"Regen Potion"},{"floor":16.0,"key":"Strength Potion"},{"floor":18.0,"key":"FearPotion"},{"floor":22.0,"key":"Weak Potion"},{"floor":29.0,"key":"FocusPotion"},{"floor":45,"key":"EssenceOfSteel"},{"floor":46,"key":"LiquidBronze"}],"is_trial":false,"path_per_floor":["M","?","M","M","?","E","R","E","T","E","?","?","$","?","R","B",null,"M","M","$","M","M","E","R","?","T","E","R","M","E","?","R","B",null,"M","$","?","M","?","E","R","E","T","E","E","E","?","M","R","B",null],"character_chosen":"DEFECT","items_purchased":["FossilizedHelix","Mummified Hand","Conserve Battery"],"campfire_rested":0,"item_purchase_floors":[13,20,20],"current_hp_per_floor":[53,58,57,57,57,46,46,20,20,26,26,9,9,9,9,3,80,76,76,76,76,76,78,78,80,80,82,82,84,84,84,84,69,88,92,92,92,94,94,69,69,69,69,71,73,89,89,93,93,93],"gold":612,"neow_bonus":"TWO_FIFTY_GOLD","is_daily":false,"chose_seed":false,"campfire_upgraded":7,"win_rate":0.0,"timestamp":1611143419,"path_taken":["M","?","M","M","?","E","R","E","T","E","?","?","?","?","R","BOSS","M","M","$","M","M","E","R","?","T","E","R","M","E","?","R","BOSS","M","$","?","M","?","E","R","E","T","E","E","E","?","M","R","BOSS"],"items_purchased_type":["Relic","Relic","Card"],"build_version":"2020-12-22","purchased_purges":3,"victory":true,"max_hp_per_floor":[75,80,80,80,80,80,80,80,80,80,80,80,80,80,80,80,80,80,80,80,80,80,82,82,84,84,86,86,88,88,88,88,88,88,92,92,92,94,94,96,96,98,98,100,102,118,118,122,122,122],"card_choices":[{"not_picked":["Compile Driver","Gash","Blizzard"],"picked":"SKIP","floor":1.0},{"not_picked":["Streamline","Hologram","Ball Lightning"],"picked":"SKIP","floor":3.0},{"not_picked":["FTL","Hologram"],"picked":"Defragment","floor":4.0},{"not_picked":["Cold Snap","Steam","FTL"],"picked":"SKIP","floor":6.0},{"not_picked":["Rebound","Loop"],"picked":"Tempest","floor":8.0},{"not_picked":["Biased Cognition","Turbo","Recycle"],"picked":"SKIP","floor":10.0},{"not_picked":["Creative AI","Core Surge"],"picked":"Seek","floor":16.0},{"not_picked":["Hologram","Compile Driver"],"picked":"Static Discharge","floor":18.0},{"not_picked":["Rebound","Redo","Compile Driver"],"picked":"SKIP","floor":18.0},{"not_picked":["Ball Lightning","Redo+1","Rip and Tear+1"],"picked":"SKIP","floor":19.0},{"not_picked":["Hologram","Rebound+1","Amplify"],"picked":"SKIP","floor":19.0},{"not_picked":["Turbo","Cold Snap"],"picked":"Storm","floor":21.0},{"not_picked":["Stack","Steam Power","Skim"],"picked":"SKIP","floor":21.0},{"not_picked":["Cold Snap","Rebound+1"],"picked":"Leap","floor":22.0},{"not_picked":["Undo","Reprogram","FTL"],"picked":"SKIP","floor":22.0},{"not_picked":["Darkness","Streamline","Hyperbeam"],"picked":"Singing Bowl","floor":23.0},{"not_picked":["Recycle+1","Go for the Eyes","Static Discharge"],"picked":"Singing Bowl","floor":25.0},{"not_picked":["Streamline","Reinforced Body","All For One"],"picked":"Singing Bowl","floor":27.0},{"not_picked":["FTL","Rebound","Cold Snap+1"],"picked":"Singing Bowl","floor":29.0},{"not_picked":["Beam Cell+1","Turbo+1"],"picked":"Conserve Battery+1","floor":29.0},{"not_picked":["Sunder+1","Self Repair+1"],"picked":"Force Field","floor":30.0},{"not_picked":["Cold Snap+1","Go for the Eyes+1","Rip and Tear+1"],"picked":"Singing Bowl","floor":35},{"not_picked":["Scrape","Stack","Gash+1"],"picked":"Singing Bowl","floor":35},{"not_picked":["Gash","Turbo+1","Stack"],"picked":"Singing Bowl","floor":38},{"not_picked":["Loop","Hello World+1"],"picked":"Steam+1","floor":38},{"not_picked":["Heatsinks","Multi-Cast","Rebound"],"picked":"Singing Bowl","floor":40},{"not_picked":["Coolheaded","Beam Cell+1","Streamline"],"picked":"Singing Bowl","floor":42},{"not_picked":["All For One","Rainbow","Barrage+1"],"picked":"Singing Bowl","floor":44},{"not_picked":["Scrape+1","BootSequence","Reinforced Body+1"],"picked":"Singing Bowl","floor":45},{"not_picked":["Streamline","Doom and Gloom","Steam Power+1"],"picked":"Singing Bowl","floor":46},{"not_picked":["Ball Lightning+1","Barrage","Go for the Eyes+1"],"picked":"Singing Bowl","floor":48},{"not_picked":["Redo","Rainbow","Streamline+1"],"picked":"Singing Bowl","floor":48}],"player_experience":1113765,"relics_obtained":[{"floor":6.0,"key":"Prayer Wheel"},{"floor":8.0,"key":"HornCleat"},{"floor":9.0,"key":"Gremlin Horn"},{"floor":10.0,"key":"Juzu Bracelet"},{"floor":12.0,"key":"TungstenRod"},{"floor":23.0,"key":"Singing Bowl"},{"floor":25.0,"key":"Red Mask"},{"floor":26.0,"key":"Anchor"},{"floor":27.0,"key":"Ice Cream"},{"floor":30.0,"key":"InkBottle"},{"floor":40,"key":"Ornamental Fan"},{"floor":42,"key":"DataDisk"},{"floor":43,"key":"Oddly Smooth Stone"},{"floor":44,"key":"Frozen Egg 2"},{"floor":45,"key":"Thread and Needle"},{"floor":46,"key":"Mango"}],"event_choices":[{"damage_healed":0.0,"max_hp_gain":5.0,"max_hp_loss":0.0,"gold_gain":0.0,"event_name":"Big Fish","player_choice":"Donut","floor":2.0,"gold_loss":0.0,"damage_taken":0.0},{"damage_healed":0.0,"max_hp_gain":0.0,"max_hp_loss":0.0,"gold_gain":100.0,"event_name":"Golden Shrine","player_choice":"Pray","floor":5.0,"gold_loss":0.0,"damage_taken":0.0},{"cards_removed":["Strike_B"],"damage_healed":0.0,"max_hp_gain":0.0,"max_hp_loss":0.0,"gold_gain":0.0,"event_name":"The Cleric","player_choice":"Card Removal","floor":11.0,"gold_loss":50.0,"damage_taken":0.0},{"damage_healed":0.0,"max_hp_gain":0.0,"max_hp_loss":0.0,"gold_gain":30.0,"event_name":"Dead Adventurer","player_choice":"Searched \u00272\u0027 times","floor":12.0,"gold_loss":0.0,"damage_taken":0.0},{"damage_healed":0.0,"max_hp_gain":0.0,"max_hp_loss":0.0,"gold_gain":100.0,"event_name":"Golden Shrine","player_choice":"Pray","floor":14.0,"gold_loss":0.0,"damage_taken":0.0},{"damage_healed":0.0,"max_hp_gain":0.0,"max_hp_loss":0.0,"gold_gain":0.0,"event_name":"Masked Bandits","player_choice":"Fought Bandits","floor":25.0,"gold_loss":0.0,"damage_taken":0.0},{"damage_healed":0.0,"max_hp_gain":0.0,"max_hp_loss":0.0,"gold_gain":0.0,"event_name":"Addict","player_choice":"Obtained Relic","floor":31.0,"gold_loss":85.0,"damage_taken":0.0,"relics_obtained":["WingedGreaves"]},{"damage_healed":0,"gold_gain":100,"player_choice":"Pray","damage_taken":0,"max_hp_gain":0,"max_hp_loss":0,"event_name":"Golden Shrine","floor":37,"gold_loss":0},{"cards_removed":["FTL"],"damage_healed":0,"gold_gain":0,"player_choice":"Removed Attack","damage_taken":0,"max_hp_gain":0,"max_hp_loss":0,"event_name":"Falling","floor":39,"gold_loss":0},{"damage_healed":0,"gold_gain":222,"player_choice":"Wore Mask","damage_taken":0,"max_hp_gain":0,"max_hp_loss":0,"event_name":"Tomb of Lord Red Mask","floor":47,"gold_loss":0}],"is_beta":false,"boss_relics":[{"not_picked":["SacredBark","Velvet Choker"],"picked":"Pandora\u0027s Box"},{"not_picked":["Astrolabe","Snecko Eye"],"picked":"Inserter"}],"items_purged_floors":[13,20,36],"is_endless":false,"potions_floor_spawned":[3,6,8,16,18,22,23,29,35,45,46,48],"ascension_level":1}}