{"host":"f6w7z8zvb0mi4wy9","time":1611153502,"event":{"mods":["BaseMod","Colored Map","Minty Spire (QoL Compilation)","READ ME - Guardian Mod","StSLib","SuperFastMode","The Jungle"],"gold_per_floor":[112,112,130,130,205,205,234,234,234,267,267,217,217,230,230,334,334,352,364,35,50,50,77,89,121,148,177,177,177,177],"floor_reached":29,"language":"KOR","playtime":1597,"items_purged":["Strike_B"],"score":303,"play_id":"cbcbaef1-918e-4d45-a257-668a90a737b4","local_time":"20210120233822","is_ascension_mode":true,"campfire_choices":[{"data":"Zap","floor":6,"key":"SMITH"},{"floor":8,"key":"REST"},{"floor":11,"key":"DIG"},{"data":"Dualcast","floor":15,"key":"SMITH"},{"data":"Creative AI","floor":28,"key":"SMITH"}],"circlet_count":0,"master_deck":["Defend_B","Defend_B","Defend_B","Zap+1","Dualcast+1","Capacitor","Coolheaded","Go for the Eyes","BootSequence","Chaos","Ball Lightning","Reboot","Fusion","Redo+1","Hologram+1","Creative AI+1","Force Field","Force Field","Sweeping Beam+1"],"relics":["Cracked Core","Shovel","PreservedInsect","Juzu Bracelet","Anchor","Coffee Dripper","Molten Egg 2","Kunai","Orichalcum","TungstenRod"],"acts_visited":["Exordium","TheCity"],"potions_floor_usage":[16,16,23,25,25,29],"damage_taken":[{"damage":0,"enemies":"2 Louse","floor":1,"turns":3},{"damage":0,"enemies":"Small Slimes","floor":3,"turns":3},{"damage":37,"enemies":"3 Sentries","floor":7,"turns":15},{"damage":4,"enemies":"Lagavulin","floor":10,"turns":7},{"damage":0,"enemies":"Jaw Worm","floor":14,"turns":5},{"damage":2,"enemies":"Hexaghost","floor":16,"turns":9},{"damage":1,"enemies":"Spheric Guardian","floor":18,"turns":4},{"damage":13,"enemies":"Shell Parasite","floor":19,"turns":7},{"damage":20,"enemies":"Centurion and Healer","floor":21,"turns":12},{"damage":10,"enemies":"Book of Stabbing","floor":23,"turns":6},{"damage":3,"enemies":"Snecko","floor":24,"turns":9},{"damage":10,"enemies":"Slavers","floor":25,"turns":5},{"damage":7,"enemies":"Book of Stabbing","floor":27,"turns":5},{"damage":22,"enemies":"Slavers","floor":29,"turns":4}],"seed_played":"-1357470387938320736","potions_obtained":[{"floor":10,"key":"Dexterity Potion"},{"floor":13,"key":"Explosive Potion"},{"floor":13,"key":"PotionOfCapacity"},{"floor":21,"key":"Swift Potion"},{"floor":24,"key":"BlessingOfTheForge"},{"floor":27,"key":"BlessingOfTheForge"}],"is_trial":false,"path_per_floor":["M","?","M","?","?","R","E","R","T","E","R","?","?","M","R","B",null,"M","M","$","M","?","E","M","E","T","E","R","E"],"character_chosen":"DEFECT","items_purchased":["Molten Egg 2"],"campfire_rested":1,"item_purchase_floors":[20],"current_hp_per_floor":[54,47,47,52,41,41,4,28,28,24,24,24,24,24,24,22,80,79,66,66,46,46,36,33,23,23,16,16,0,0],"gold":177,"neow_bonus":"TRANSFORM_TWO_CARDS","is_daily":false,"chose_seed":false,"campfire_upgraded":3,"win_rate":0.0,"timestamp":1611153502,"path_taken":["M","?","M","?","?","R","E","R","T","E","R","?","?","M","R","BOSS","M","M","$","M","?","E","M","E","T","E","R","E"],"items_purchased_type":["Relic"],"build_version":"2020-12-22","purchased_purges":1,"victory":false,"max_hp_per_floor":[75,75,75,80,80,80,80,80,80,80,80,80,80,80,80,80,80,80,80,80,80,80,80,80,80,80,80,80,80,80],"card_choices":[{"not_picked":["Turbo","Streamline"],"picked":"Go for the Eyes","floor":1},{"not_picked":["Scrape","Hologram"],"picked":"BootSequence","floor":3},{"not_picked":["Darkness","Recycle","Turbo"],"picked":"SKIP","floor":7},{"not_picked":["Compile Driver","Heatsinks"],"picked":"Chaos","floor":10},{"not_picked":["Rebound","Hologram"],"picked":"Ball Lightning","floor":14},{"not_picked":["Rainbow","Biased Cognition"],"picked":"Reboot","floor":16},{"not_picked":["Reinforced Body+1","Stack"],"picked":"Fusion","floor":18},{"not_picked":["Ball Lightning","Streamline+1"],"picked":"Redo+1","floor":19},{"not_picked":["Redo","Compile Driver+1"],"picked":"Hologram+1","floor":21},{"not_picked":["Coolheaded","Gash+1"],"picked":"Force Field","floor":23},{"not_picked":["Double Energy","Hologram+1"],"picked":"Force Field","floor":24},{"not_picked":["Reinforced Body","Streamline+1","Fusion"],"picked":"SKIP","floor":25},{"not_picked":["Aggregate+1","Doom and Gloom+1"],"picked":"Sweeping Beam+1","floor":27}],"player_experience":885541,"relics_obtained":[{"floor":7,"key":"Shovel"},{"floor":9,"key":"PreservedInsect"},{"floor":10,"key":"Juzu Bracelet"},{"floor":11,"key":"Anchor"},{"floor":23,"key":"Kunai"},{"floor":25,"key":"Orichalcum"},{"floor":27,"key":"TungstenRod"}],"event_choices":[{"cards_removed":["Defend_B"],"damage_healed":0,"gold_gain":0,"player_choice":"Card Removal","damage_taken":7,"max_hp_gain":0,"max_hp_loss":0,"event_name":"Golden Wing","floor":2,"gold_loss":0},{"damage_healed":0,"gold_gain":0,"player_choice":"Donut","damage_taken":0,"max_hp_gain":5,"max_hp_loss":0,"event_name":"Big Fish","floor":4,"gold_loss":0},{"damage_healed":0,"gold_gain":75,"player_choice":"Gather Gold","damage_taken":11,"max_hp_gain":0,"max_hp_loss":0,"event_name":"World of Goop","floor":5,"gold_loss":0},{"cards_removed":["Strike_B"],"damage_healed":0,"gold_gain":0,"player_choice":"Card Removal","damage_taken":0,"max_hp_gain":0,"max_hp_loss":0,"event_name":"The Cleric","floor":12,"gold_loss":50},{"damage_healed":0,"gold_gain":0,"player_choice":"Got Potions","damage_taken":0,"max_hp_gain":0,"max_hp_loss":0,"event_name":"Lab","floor":13,"gold_loss":0},{"damage_healed":0,"gold_gain":0,"player_choice":"Read","damage_taken":0,"max_hp_gain":0,"max_hp_loss":0,"event_name":"The Library","floor":22,"gold_loss":0,"cards_obtained":["Creative AI"]}],"is_beta":false,"boss_relics":[{"not_picked":["Runic Dome","Pandora\u0027s Box"],"picked":"Coffee Dripper"}],"items_purged_floors":[20],"is_endless":false,"potions_floor_spawned":[10,14,21,24,27],"killed_by":"Slavers","ascension_level":1}}