{"host":"obplhmlw33xb91v8","time":1611112098,"event":{"mods":["BaseMod","Block Reminder","Curses Come First","Dio Mod","Evolution","Friendly Minions","HololiveMod","Koishi","Minty Spire (QoL Compilation)","Quick Restart","Relic Stats","Shop Mod","Spicy Shops","StSLib","The IronCluck","The Servant 0.9.4","Uncapped","Waifu the Spire","Yakumo Yukari mod","Yohane!","Youmu??????","Yuyuko","egg"],"gold_per_floor":[126,126,163,237,7,2,2],"floor_reached":6,"language":"ENG","playtime":226,"items_purged":[],"score":91,"play_id":"bbbbac38-2cd4-4ca9-95ff-6f5585d895f3","local_time":"20210119220818","is_ascension_mode":true,"campfire_choices":[],"circlet_count":0,"master_deck":["Hololive_Strike","Hololive_Defend","Hololive_Defend","Hololive_Defend","Hololive_Defend","Hololive_CallSakuraMiko","Hololive_CallSakuraMiko","Hololive_CallSakuraMiko","Hololive_CallSakuraMiko","Hololive_CallSakuraMiko","Hololive_DiamondStrike","Hololive_DDD"],"relics":["Hololive_TheStar","EVO:Axolotl","Hololive_TopUpMoney","Incense Burner","Bag of Preparation"],"acts_visited":["Exordium"],"potions_floor_usage":[6],"damage_taken":[{"damage":0,"enemies":"Cultist","floor":1,"turns":4},{"damage":0,"enemies":"2 Louse","floor":3,"turns":3},{"damage":0,"enemies":"Small Slimes","floor":4,"turns":4},{"damage":47,"enemies":"Gremlin Nob","floor":6,"turns":7}],"seed_played":"-3272021901789917887","potions_obtained":[{"floor":4,"key":"EssenceOfSteel"}],"is_trial":false,"path_per_floor":["M","?","M","M","$","E"],"character_chosen":"Hololive_HololiveCharacter","items_purchased":["Bag of Preparation","Hololive_DDD"],"campfire_rested":0,"item_purchase_floors":[5,5],"current_hp_per_floor":[35,32,32,32,32,0,0],"gold":2,"neow_bonus":"ONE_RANDOM_RARE_CARD","is_daily":false,"chose_seed":false,"campfire_upgraded":0,"win_rate":0.0,"timestamp":1611112098,"path_taken":["M","?","M","M","$","E"],"items_purchased_type":["Relic","Card"],"build_version":"2020-12-22","purchased_purges":0,"victory":false,"max_hp_per_floor":[35,35,35,35,35,35,35],"relic_stats":{"counters":[4,18],"Bag of Preparation":[2],"obtain_stats":[{"Hololive_TheStar":0,"Incense Burner":2,"Bag of Preparation":5,"EVO:Axolotl":0,"Hololive_TopUpMoney":0},{"Hololive_TheStar":0,"Incense Burner":1,"Bag of Preparation":3,"EVO:Axolotl":0,"Hololive_TopUpMoney":0},{"Hololive_TheStar":0,"Incense Burner":4,"Bag of Preparation":11,"EVO:Axolotl":0,"Hololive_TopUpMoney":0}]},"card_choices":[],"player_experience":235049,"relics_obtained":[],"event_choices":[{"damage_healed":0,"gold_gain":0,"player_choice":"Success","damage_taken":3,"relics_obtained":["Incense Burner"],"max_hp_gain":0,"max_hp_loss":0,"event_name":"Scrap Ooze","floor":2,"gold_loss":0}],"is_beta":false,"boss_relics":[],"items_purged_floors":[],"is_endless":false,"potions_floor_spawned":[4],"killed_by":"Gremlin Nob","ascension_level":3}}