{"host":"2o3sockympbxxanu","time":1611137481,"event":{"mods":["AchievementEnabler","BaseMod","Colored Map","Colored Powertips","Conspire","Highlight Path","Infinite Spire","Minty Spire (QoL Compilation)","Replay The Spire","Shop Mod","StSLib","SuperFastMode"],"gold_per_floor":[109,126,51,51,51,85,85,102,102,113,126,102,21,21,21,121,121,138,228,244,244,257,257,257,272,272,272,272],"floor_reached":27,"language":"ZHS","playtime":1094,"items_purged":["Defend_P"],"score":238,"play_id":"9308b3fb-3ed2-4a0f-89b5-a6c7ae8dd1d9","local_time":"20210120181121","is_ascension_mode":false,"campfire_choices":[{"data":"Eruption","floor":7.0,"key":"SMITH"},{"data":"BattleHymn","floor":15.0,"key":"SMITH"},{"data":"Protect","floor":23,"key":"SMITH"}],"circlet_count":0,"master_deck":["Strike_P","Strike_P","Defend_P","Defend_P","Eruption+1","Vigilance","WaveOfTheHand","ForeignInfluence","Replay:DivineShield","EmptyFist","FlurryOfBlows","PathToVictory","BattleHymn+1","Establishment","FollowUp","Protect+1","CurseOfTheBell","FollowUp","Halt+1"],"relics":["PureWater","NeowsBlessing","Shuriken","Frozen Eye","Calling Bell","Ancient Tea Set","Meat on the Bone","StoneCalendar","Replay:WaspNest"],"acts_visited":["Exordium","TheCity"],"potions_floor_usage":[],"damage_taken":[{"damage":0.0,"enemies":"infinitespire:Voidling","floor":1.0,"turns":1.0},{"damage":0.0,"enemies":"Small Slimes","floor":2.0,"turns":1.0},{"damage":0.0,"enemies":"Gremlin Nob","floor":6.0,"turns":1.0},{"damage":0.0,"enemies":"2 Louse","floor":8.0,"turns":2.0},{"damage":8.0,"enemies":"Gremlin Gang","floor":10.0,"turns":3.0},{"damage":7.0,"enemies":"Exordium Thugs","floor":11.0,"turns":6.0},{"damage":28.0,"enemies":"Hexaghost","floor":16.0,"turns":8.0},{"damage":9.0,"enemies":"Shell Parasite","floor":18.0,"turns":5.0},{"damage":0.0,"enemies":"conspire:FuzzyDice","floor":20.0,"turns":5.0},{"damage":26,"enemies":"Shelled Parasite and Fungi","floor":22,"turns":6},{"damage":32,"enemies":"Snake Plant","floor":25,"turns":6},{"damage":19,"enemies":"Gremlin Leader","floor":27,"turns":1}],"seed_played":"-9080685692897034164","potions_obtained":[{"floor":1.0,"key":"ColorlessPotion"},{"floor":10.0,"key":"Languid Potion"},{"floor":18.0,"key":"SpeedPotion"},{"floor":25,"key":"AttackPotion"}],"is_trial":false,"path_per_floor":["M","M","$","?","?","E","R","M","T","M","M","$","$","?","R","B",null,"M","?","M","AVR","M","R","?","M","T","E"],"character_chosen":"WATCHER","items_purchased":["PathToVictory","BattleHymn"],"campfire_rested":0,"item_purchase_floors":[12,13],"current_hp_per_floor":[72,72,72,65,65,65,65,65,65,57,50,50,50,50,50,22,72,63,51,51,51,37,37,37,17,17,0,0],"gold":272,"neow_bonus":"THREE_ENEMY_KILL","is_daily":false,"chose_seed":false,"campfire_upgraded":3,"win_rate":0.0,"timestamp":1611137481,"path_taken":["M","?","$","?","?","E","R","M","T","M","?","?","$","?","R","BOSS","BOSS","M","?","M","AVR","?","R","?","?","T","E"],"items_purchased_type":["Card","Card"],"build_version":"2020-12-22","purchased_purges":1,"victory":false,"max_hp_per_floor":[72,72,72,72,72,72,72,72,72,72,72,72,72,72,72,72,72,72,72,72,72,72,72,72,72,72,72,72],"card_choices":[{"not_picked":["JustLucky","Replay:AtTheReady"],"picked":"WaveOfTheHand","floor":1.0},{"not_picked":["WaveOfTheHand","CutThroughFate"],"picked":"ForeignInfluence","floor":2.0},{"not_picked":["Vengeance","CutThroughFate"],"picked":"Replay:DivineShield","floor":6.0},{"not_picked":["Sanctity","FlyingSleeves"],"picked":"EmptyFist","floor":8.0},{"not_picked":["Replay:Battleflow","WaveOfTheHand","Replay:Anticipation"],"picked":"SKIP","floor":10.0},{"not_picked":["SashWhip","EmptyBody"],"picked":"FlurryOfBlows","floor":11.0},{"not_picked":["Replay:AllIn","LessonLearned"],"picked":"Establishment","floor":16.0},{"not_picked":["Replay:ManipulateFuture+1","EmptyFist"],"picked":"FollowUp","floor":18.0},{"not_picked":["ClearTheMind","Sanctity"],"picked":"Protect","floor":20.0},{"not_picked":["Replay:Battleflow+1","Fasting2"],"picked":"FollowUp","floor":22},{"not_picked":["FollowUp","Crescendo"],"picked":"Halt+1","floor":25}],"player_experience":320518,"relics_obtained":[{"floor":6.0,"key":"Shuriken"},{"floor":21.0,"key":"Ancient Tea Set"},{"floor":21.0,"key":"Meat on the Bone"},{"floor":21.0,"key":"StoneCalendar"},{"floor":26,"key":"Replay:WaspNest"}],"event_choices":[{"cards_removed":["Strike_P"],"damage_healed":0.0,"max_hp_gain":0.0,"max_hp_loss":0.0,"gold_gain":0.0,"event_name":"Golden Wing","player_choice":"Card Removal","floor":4.0,"gold_loss":0.0,"damage_taken":7.0},{"cards_removed":["Strike_P"],"damage_healed":0.0,"max_hp_gain":0.0,"max_hp_loss":0.0,"gold_gain":0.0,"event_name":"Purifier","player_choice":"Purged","floor":5.0,"gold_loss":0.0,"damage_taken":0.0},{"damage_healed":0.0,"max_hp_gain":0.0,"max_hp_loss":0.0,"gold_gain":90.0,"event_name":"Knowing Skull","player_choice":"GOLD ","floor":19.0,"potions_obtained":[],"gold_loss":0.0,"damage_taken":12.0,"cards_obtained":[]},{"cards_removed":["Defend_P"],"damage_healed":0,"gold_gain":0,"player_choice":"Purged","damage_taken":0,"max_hp_gain":0,"max_hp_loss":0,"event_name":"Purifier","floor":24,"gold_loss":0}],"is_beta":false,"boss_relics":[{"not_picked":["Cursed Key","Replay:Drink Me","Philosopher\u0027s Stone"]}],"items_purged_floors":[3],"is_endless":false,"potions_floor_spawned":[1,10,18,25],"killed_by":"Gremlin Leader","ascension_level":0}}