{"host":"tf5skwcwe0vlu2md","time":1611152365,"event":{"mods":["BaseMod","Downfall","Highlight Path","Minty Spire (QoL Compilation)","Quick Restart","StSLib","The Hierophant"],"gold_per_floor":[131,142,154,194,174,174,209,222,222,259,259,259],"floor_reached":11,"playtime":345,"items_purged":[],"score":92,"play_id":"9341cb9a-f4b0-4601-90f2-92b37d63b7c5","local_time":"20210121011925","is_ascension_mode":true,"campfire_choices":[{"data":"HandOfGreed","floor":6,"key":"SMITH"}],"circlet_count":0,"master_deck":["Strike_R","Strike_R","Strike_R","Strike_R","Strike_R","Defend_R","Defend_R","Defend_R","Defend_R","Bash","HandOfGreed+1","Cleave","Cleave","Reaper","Infernal Blade"],"relics":["Burning Blood","Gambling Chip","Mummified Hand"],"acts_visited":["Exordium"],"potions_floor_usage":[7,11],"damage_taken":[{"damage":8,"enemies":"Jaw Worm","floor":1,"turns":4},{"damage":1,"enemies":"Cultist","floor":2,"turns":3},{"damage":1,"enemies":"2 Louse","floor":3,"turns":2},{"damage":6,"enemies":"Blue Slaver","floor":4,"turns":3},{"damage":40,"enemies":"Lagavulin","floor":7,"turns":4},{"damage":18,"enemies":"Large Slime","floor":8,"turns":3},{"damage":26,"enemies":"Lots of Slimes","floor":10,"turns":3},{"damage":32,"enemies":"Gremlin Nob","floor":11,"turns":3}],"seed_played":"7688180401821531350","potions_obtained":[{"floor":1,"key":"LiquidBronze"},{"floor":4,"key":"ElixirPotion"},{"floor":5,"key":"Energy Potion"}],"is_trial":false,"path_per_floor":["M","M","M","M","?","R","E","M","T","M","E"],"character_chosen":"IRONCLAD","items_purchased":[],"campfire_rested":0,"item_purchase_floors":[],"current_hp_per_floor":[54,59,64,64,64,64,30,20,20,20,0,0],"gold":259,"neow_bonus":"RANDOM_COLORLESS_2","is_daily":false,"chose_seed":false,"campfire_upgraded":1,"win_rate":0.0,"timestamp":1611152365,"path_taken":["M","M","M","M","?","R","E","M","T","?","E"],"items_purchased_type":[],"build_version":"2020-12-13","purchased_purges":0,"victory":false,"max_hp_per_floor":[80,80,80,80,80,80,80,80,80,80,80,80],"card_choices":[{"not_picked":["Master of Strategy","The Bomb"],"picked":"HandOfGreed","floor":0},{"not_picked":["Sword Boomerang","Pommel Strike","Body Slam"],"picked":"SKIP","floor":1},{"not_picked":["Perfected Strike","Sword Boomerang"],"picked":"Cleave","floor":2},{"not_picked":["Havoc","Dropkick"],"picked":"Cleave","floor":3},{"not_picked":["Anger","True Grit","Armaments"],"picked":"SKIP","floor":4},{"not_picked":["Clothesline","Pommel Strike"],"picked":"Reaper","floor":7},{"not_picked":["Reckless Charge","Entrench"],"picked":"Infernal Blade","floor":8},{"not_picked":["Dark Embrace","Anger","Clothesline"],"picked":"SKIP","floor":10}],"player_experience":231890,"relics_obtained":[{"floor":7,"key":"Gambling Chip"},{"floor":9,"key":"Mummified Hand"}],"event_choices":[{"damage_healed":0,"gold_gain":0,"player_choice":"Bought 1 Potion","damage_taken":0,"max_hp_gain":0,"max_hp_loss":0,"event_name":"The Woman in Blue","floor":5,"gold_loss":0}],"is_beta":false,"boss_relics":[],"items_purged_floors":[],"is_endless":false,"potions_floor_spawned":[1,4],"killed_by":"Gremlin Nob","ascension_level":4}}