{"host":"z42sc0n2dozsmk72","time":1611120751,"event":{"mods":["AchievementEnabler","BaseMod","Better Third Choice","Colored Map","Curses Come First","Highlight Path","Minty Spire (QoL Compilation)","Permanent Neow","Quick Restart","Relic Stats","Shop Mod","StSLib","egg","slay the spire mod where everything is the same but ironclad has a cowboy hat"],"gold_per_floor":[99,28,28,28,28,28,28,28,28,28,28,28,28,13,13,13,13,0,0,0,0,0,0,0,0,0,0,0,0,0,0,0,0,0,0,0,0,0,0,0,0,0,0,0,0,0,0,0,0,0,0,0,0,0,0],"floor_reached":56,"language":"ENG","playtime":3287,"items_purged":[],"score":1460,"play_id":"86f539c5-dc89-41b0-8f51-fdb4ab8b99d2","local_time":"20210120183231","is_ascension_mode":true,"campfire_choices":[{"data":"Dropkick","floor":6.0,"key":"SMITH"},{"data":"Carnage","floor":8.0,"key":"SMITH"},{"data":"Bash","floor":10.0,"key":"SMITH"},{"data":"Metallicize","floor":15.0,"key":"SMITH"},{"data":"Shockwave","floor":23.0,"key":"SMITH"},{"floor":25.0,"key":"REST"},{"data":"Offering","floor":29.0,"key":"SMITH"},{"floor":32.0,"key":"REST"},{"data":"Barricade","floor":40,"key":"SMITH"},{"data":"Strike_R","floor":45,"key":"PURGE"},{"floor":49,"key":"RECALL"},{"data":"Immolate","floor":52,"key":"PURGE"}],"circlet_count":0,"master_deck":["Strike_R+1","Defend_R","Defend_R","Defend_R","Defend_R","Bash+1","Carnage+1","Dark Embrace+1","Dropkick+1","Metallicize+1","Shrug It Off+1","Shockwave+1","Offering+1","Flex","Shrug It Off","Ghostly Armor","Necronomicurse","Burning Pact+1","Barricade+1","Dual Wield+1","Body Slam+1","True Grit+1","Flame Barrier+1","True Grit"],"relics":["Ectoplasm","Orichalcum","Vajra","PreservedInsect","SlaversCollar","Eternal Feather","Ornamental Fan","Necronomicon","Peace Pipe","Runic Pyramid","Pocketwatch","CeramicFish","StrikeDummy","Gremlin Horn","Akabeko"],"acts_visited":["Exordium","TheCity","TheBeyond","TheEnding"],"potions_floor_usage":[37,55,55,55],"damage_taken":[{"damage":0.0,"enemies":"2 Louse","floor":1.0,"turns":2.0},{"damage":0.0,"enemies":"Cultist","floor":3.0,"turns":3.0},{"damage":0.0,"enemies":"Small Slimes","floor":4.0,"turns":3.0},{"damage":14.0,"enemies":"Gremlin Gang","floor":7.0,"turns":4.0},{"damage":0.0,"enemies":"2 Fungi Beasts","floor":11.0,"turns":2.0},{"damage":0.0,"enemies":"Gremlin Nob","floor":13.0,"turns":2.0},{"damage":2.0,"enemies":"Looter","floor":14.0,"turns":2.0},{"damage":23.0,"enemies":"The Guardian","floor":16.0,"turns":9.0},{"damage":13.0,"enemies":"2 Thieves","floor":18.0,"turns":3.0},{"damage":1.0,"enemies":"Spheric Guardian","floor":19.0,"turns":3.0},{"damage":24.0,"enemies":"Cultist and Chosen","floor":20.0,"turns":5.0},{"damage":8.0,"enemies":"Centurion and Healer","floor":24.0,"turns":3.0},{"damage":22.0,"enemies":"Sentry and Sphere","floor":27.0,"turns":4.0},{"damage":6.0,"enemies":"Gremlin Leader","floor":28.0,"turns":3.0},{"damage":9.0,"enemies":"Book of Stabbing","floor":31.0,"turns":3.0},{"damage":46.0,"enemies":"Automaton","floor":33.0,"turns":7.0},{"damage":0.0,"enemies":"3 Shapes","floor":35.0,"turns":5.0},{"damage":6.0,"enemies":"Mind Bloom Boss Battle","floor":36.0,"turns":5.0},{"damage":0,"enemies":"3 Darklings","floor":37,"turns":4},{"damage":0,"enemies":"Giant Head","floor":41,"turns":5},{"damage":6,"enemies":"4 Shapes","floor":42,"turns":6},{"damage":3,"enemies":"Maw","floor":44,"turns":7},{"damage":11,"enemies":"Nemesis","floor":46,"turns":5},{"damage":0,"enemies":"3 Darklings","floor":47,"turns":3},{"damage":0,"enemies":"Giant Head","floor":48,"turns":5},{"damage":19,"enemies":"Donu and Deca","floor":50,"turns":6},{"damage":0,"enemies":"Shield and Spear","floor":54,"turns":4},{"damage":37,"enemies":"The Heart","floor":55,"turns":8}],"seed_played":"-332024993498877164","potions_obtained":[{"floor":1.0,"key":"HeartOfIron"},{"floor":11.0,"key":"ElixirPotion"},{"floor":16.0,"key":"SkillPotion"},{"floor":18.0,"key":"SpeedPotion"},{"floor":20.0,"key":"LiquidMemories"},{"floor":36.0,"key":"FearPotion"},{"floor":39,"key":"PowerPotion"},{"floor":39,"key":"Block Potion"},{"floor":47,"key":"Block Potion"},{"floor":54,"key":"CultistPotion"}],"is_trial":false,"path_per_floor":["M","?","M","M","?","R","M","R","T","R","M","?","E","M","R","B",null,"M","M","M","?","?","R","M","R","T","M","E","R","?","E","R","B",null,"M","?","M","$","?","R","E","M","T","M","R","E","M","E","R","B",null,"R","$","E","B",null],"character_chosen":"IRONCLAD","items_purchased":[],"campfire_rested":2,"item_purchase_floors":[],"current_hp_per_floor":[80,80,80,80,64,64,50,50,50,50,50,50,50,48,48,25,80,67,66,42,42,42,42,34,58,58,36,30,39,23,14,50,4,80,80,74,74,74,74,80,80,74,74,71,80,69,69,69,80,61,80,80,80,80,43],"gold":0,"neow_bonus":"BOSS_RELIC","is_daily":false,"chose_seed":false,"campfire_upgraded":7,"win_rate":0.0,"timestamp":1611120751,"path_taken":["M","?","?","M","?","R","M","R","T","R","M","?","E","M","R","BOSS","M","M","?","?","?","R","M","R","T","?","E","R","?","E","R","BOSS","M","?","M","$","?","R","E","M","T","M","R","E","?","E","R","BOSS","R","$","E","BOSS"],"items_purchased_type":[],"build_version":"2020-12-22","purchased_purges":0,"victory":true,"max_hp_per_floor":[80,80,80,80,80,80,80,80,80,80,80,80,80,80,80,80,80,80,80,80,80,80,80,80,80,80,80,80,80,80,80,80,80,80,80,80,80,80,80,80,80,80,80,80,80,80,80,80,80,80,80,80,80,80,80],"relic_stats":{"Peace Pipe":2,"Gremlin Horn":[2,2],"counters":[28,121],"Ornamental Fan":[152],"CeramicFish":0,"Eternal Feather":47,"Ectoplasm":874,"PreservedInsect":450,"Necronomicon":[40],"Orichalcum":[120],"obtain_stats":[{"Gremlin Horn":48,"CeramicFish":41,"Vajra":9,"Eternal Feather":26,"PreservedInsect":13,"Orichalcum":2,"Burning Blood":0,"Akabeko":54,"Peace Pipe":31,"SlaversCollar":17,"Ornamental Fan":28,"Ectoplasm":0,"Necronomicon":30,"StrikeDummy":46,"Runic Pyramid":34,"Pocketwatch":36},{"Gremlin Horn":25,"CeramicFish":20,"Vajra":4,"Eternal Feather":12,"PreservedInsect":6,"Orichalcum":1,"Burning Blood":0,"Akabeko":27,"Peace Pipe":15,"SlaversCollar":8,"Ornamental Fan":14,"Ectoplasm":0,"Necronomicon":14,"StrikeDummy":23,"Runic Pyramid":16,"Pocketwatch":18},{"Gremlin Horn":103,"CeramicFish":77,"Vajra":12,"Eternal Feather":41,"PreservedInsect":16,"Orichalcum":2,"Burning Blood":0,"Akabeko":113,"Peace Pipe":51,"SlaversCollar":27,"Ornamental Fan":48,"Ectoplasm":0,"Necronomicon":48,"StrikeDummy":95,"Runic Pyramid":58,"Pocketwatch":68}],"Pocketwatch":[10]},"card_choices":[{"not_picked":["Iron Wave","Evolve"],"picked":"Carnage","floor":1.0},{"not_picked":["Body Slam","Havoc"],"picked":"Dark Embrace","floor":3.0},{"not_picked":["Havoc","Shockwave"],"picked":"Dropkick","floor":4.0},{"not_picked":["Dual Wield","Headbutt","Wild Strike"],"picked":"SKIP","floor":7.0},{"not_picked":["Power Through","Fire Breathing","Infernal Blade"],"picked":"SKIP","floor":11.0},{"not_picked":["Bloodletting","Rampage"],"picked":"Metallicize","floor":13.0},{"not_picked":["Sword Boomerang","Body Slam","Rampage"],"picked":"SKIP","floor":14.0},{"not_picked":["Brutality","Exhume"],"picked":"Immolate","floor":16.0},{"not_picked":["Heavy Blade","Headbutt","Combust"],"picked":"SKIP","floor":18.0},{"not_picked":["Havoc","Perfected Strike+1"],"picked":"Shrug It Off","floor":19.0},{"not_picked":["Spot Weakness","Iron Wave"],"picked":"Shockwave","floor":20.0},{"not_picked":["Wild Strike","Intimidate","Body Slam"],"picked":"SKIP","floor":24.0},{"not_picked":["Juggernaut","Shockwave"],"picked":"Shrug It Off","floor":27.0},{"not_picked":["Armaments+1","Combust"],"picked":"Ghostly Armor","floor":28.0},{"not_picked":["Havoc","Anger"],"picked":"Burning Pact+1","floor":31.0},{"not_picked":["Juggernaut","Limit Break"],"picked":"Barricade","floor":33.0},{"not_picked":["Armaments","Warcry+1","Heavy Blade"],"picked":"SKIP","floor":35.0},{"not_picked":["Clothesline","Intimidate"],"picked":"Dual Wield+1","floor":36.0},{"not_picked":["Wild Strike+1","Battle Trance","Cleave+1"],"picked":"SKIP","floor":37},{"not_picked":["Cleave+1","Warcry"],"picked":"Body Slam+1","floor":41},{"not_picked":["Iron Wave","Fire Breathing","Twin Strike+1"],"picked":"SKIP","floor":42},{"not_picked":["Feed","Pommel Strike"],"picked":"True Grit+1","floor":44},{"not_picked":["Inflame+1","Body Slam+1"],"picked":"Flame Barrier+1","floor":46},{"not_picked":["Havoc","Evolve+1","Clash"],"picked":"SKIP","floor":47},{"not_picked":["Warcry","Clothesline+1","Thunderclap+1"],"picked":"SKIP","floor":48},{"not_picked":["Hemokinesis+1","Evolve+1"],"picked":"True Grit","floor":54}],"player_experience":856008,"relics_obtained":[{"floor":9.0,"key":"Vajra"},{"floor":13.0,"key":"PreservedInsect"},{"floor":26.0,"key":"Eternal Feather"},{"floor":28.0,"key":"Ornamental Fan"},{"floor":30.0,"key":"Necronomicon"},{"floor":31.0,"key":"Peace Pipe"},{"floor":36.0,"key":"Pocketwatch"},{"floor":41,"key":"CeramicFish"},{"floor":46,"key":"StrikeDummy"},{"floor":48,"key":"Gremlin Horn"},{"floor":54,"key":"Akabeko"}],"event_choices":[{"damage_healed":0.0,"max_hp_gain":0.0,"max_hp_loss":0.0,"gold_gain":0.0,"event_name":"WeMeetAgain","player_choice":"Paid Gold","floor":2.0,"gold_loss":71.0,"damage_taken":0.0,"relics_obtained":["Orichalcum"]},{"damage_healed":80.0,"max_hp_gain":0.0,"max_hp_loss":80.0,"gold_gain":0.0,"event_name":"betterThird:BetterShining","player_choice":"Upgrade","floor":5.0,"gold_loss":0.0,"damage_taken":16.0,"cards_upgraded":["Strike_R","Dark Embrace"]},{"cards_removed":["Strike_R"],"damage_healed":0.0,"max_hp_gain":0.0,"max_hp_loss":0.0,"gold_gain":0.0,"event_name":"Purifier","player_choice":"Purged","floor":12.0,"gold_loss":0.0,"damage_taken":0.0},{"damage_healed":0.0,"max_hp_gain":0.0,"max_hp_loss":0.0,"gold_gain":0.0,"cards_transformed":["Strike_R","Strike_R"],"event_name":"Drug Dealer","player_choice":"Became Test Subject","floor":21.0,"gold_loss":0.0,"damage_taken":0.0,"cards_obtained":["Offering","Flex"]},{"damage_healed":0.0,"max_hp_gain":0.0,"max_hp_loss":0.0,"gold_gain":0.0,"event_name":"Upgrade Shrine","player_choice":"Upgraded","floor":22.0,"gold_loss":0.0,"damage_taken":0.0,"cards_upgraded":["Shrug It Off"]},{"damage_healed":0.0,"max_hp_gain":0.0,"max_hp_loss":0.0,"gold_gain":0.0,"event_name":"Cursed Tome","player_choice":"Obtained Book","floor":30.0,"gold_loss":0.0,"damage_taken":16.0},{"damage_healed":0.0,"max_hp_gain":0.0,"max_hp_loss":0.0,"gold_gain":0.0,"event_name":"MindBloom","player_choice":"Fight","floor":36.0,"gold_loss":0.0,"damage_taken":0.0},{"damage_healed":0,"gold_gain":0,"player_choice":"Got Potions","damage_taken":0,"max_hp_gain":0,"max_hp_loss":0,"event_name":"Lab","floor":39,"gold_loss":0}],"is_beta":false,"boss_relics":[{"not_picked":["Mark of Pain","Tiny House"],"picked":"SlaversCollar"},{"not_picked":["Runic Dome","Runic Cube"],"picked":"Runic Pyramid"}],"items_purged_floors":[],"is_endless":false,"potions_floor_spawned":[1,11,16,18,20,36,41,47,48,54],"ascension_level":2}}