{"host":"1hw3ks68c0zl1mxv","time":1611130248,"event":{"mods":["Act Like it!","Ascension Reborn","Aspiration","BaseMod","BetterRewards","Colored Map","Colored Powertips","Conspire","Energized Spire","GungeonMod","Halation","Hallownest","Hubris","Infinite Spire","Marisa????????","Mimic Mod","Minty Spire (QoL Compilation)","Quick Restart","Replay The Spire","Shop Mod","StSLib","The Bug Knight","The Construct","The Elementalist","The Necromancer","The Saiyan","The Servant 0.9.4","TheHero","vexMod"],"gold_per_floor":[111,111,122,133,133,133,133,133,172,192,212,212,231,231,231,356,356,370,389,389,409,432,432,432,432,432,456,497,107,131,205,205,335,335,360,81,97,140,140,140,173,186,230,230,243,243,256,315,315,315],"floor_reached":51,"language":"ENG","playtime":3692,"items_purged":["ShatteredReality"],"score":764,"play_id":"a70cc21d-be04-4ca1-851b-7bd78e071055","local_time":"20210120011048","is_ascension_mode":false,"campfire_choices":[{"floor":6,"key":"REST"},{"data":"Luminosity","floor":8,"key":"SMITH"},{"data":"KillingDoll","floor":12,"key":"SMITH"},{"data":"BottledTime","floor":15,"key":"SMITH"},{"data":"Defend_S","floor":23,"key":"SMITH"},{"data":"Defend_S","floor":25,"key":"SMITH"},{"floor":32,"key":"REST"},{"data":"KillingDoll","floor":40,"key":"SMITH"},{"data":"Revamp","floor":44,"key":"SMITH"},{"data":"Contraction","floor":44,"key":"SMITH"},{"data":"DualDimension","floor":49,"key":"SMITH"},{"data":"Defend_S","floor":49,"key":"SMITH"}],"circlet_count":0,"master_deck":["Strike_S+1","Strike_S+1","Defend_S+1","Defend_S+1","Defend_S+1","Defend_S+1","KidneyShot","Exchange","Luminosity+1","Blind+1","Rearm","KillingDoll+1","Luminosity+1","SurpressingFire+1","Rearm+1","BottledTime+1","Dilation","Luminosity+1","BestPractice+1","Revamp+1","Rearm","KillingDoll+1","Rearm","SilverBlades+1","Rearm","Contraction+1","Revamp+1","DualDimension+1"],"relics":["Uniform","vexMod:PlasmaPancake","Garlic","MerchantsRug","Frozen Egg 2","Golden Idol","infinitespire:ShieldingShard","Replay:Grab Bag","energizedSpire:DeadBattery","conspire:SlowCooker","Empty Cage","Whetstone","HollowMod:PaleOreRelic","aspiration:SeaSaltIceCream","War Paint","DemoMod:PoisonVial","Velvet Choker","halation:PromiseList","hubris:GlazedTorus","DemoMod:ClearGuonStone","DemoMod:GlassGuonStoneRelic","Replay:Arrowhead","CatCart"],"acts_visited":["Exordium","TheCity","TheBeyond"],"potions_floor_usage":[22,28,33,48,48,50],"damage_taken":[{"damage":0,"enemies":"conspire:RoseBush","floor":1,"turns":3},{"damage":0,"enemies":"2 Louse","floor":3,"turns":1},{"damage":1,"enemies":"Small Slimes","floor":4,"turns":3},{"damage":16,"enemies":"Exordium Thugs","floor":9,"turns":13},{"damage":0,"enemies":"Exordium Thugs","floor":10,"turns":6},{"damage":0,"enemies":"3 Louse","floor":11,"turns":2},{"damage":0,"enemies":"Red Slaver","floor":13,"turns":2},{"damage":10,"enemies":"Slime Boss","floor":16,"turns":6},{"damage":9,"enemies":"2 Thieves","floor":18,"turns":4},{"damage":0,"enemies":"3 Byrds","floor":19,"turns":5},{"damage":0,"enemies":"Snecko","floor":21,"turns":4},{"damage":0,"enemies":"3 Cultists","floor":22,"turns":5},{"damage":0,"enemies":"Chosen and Byrds","floor":27,"turns":7},{"damage":0,"enemies":"Book of Stabbing","floor":28,"turns":4},{"damage":19,"enemies":"Cultist and Chosen","floor":30,"turns":6},{"damage":17,"enemies":"conspire:MimicChest","floor":31,"turns":13},{"damage":2,"enemies":"hubris:MusketHawk","floor":33,"turns":5},{"damage":0,"enemies":"3 Shapes","floor":35,"turns":11},{"damage":0,"enemies":"3 Darklings","floor":37,"turns":3},{"damage":0,"enemies":"Jaw Worm Horde","floor":38,"turns":6},{"damage":0,"enemies":"R_Hoarder","floor":41,"turns":4},{"damage":5,"enemies":"Jaw Worm Horde","floor":42,"turns":3},{"damage":0,"enemies":"Spire Growth","floor":43,"turns":4},{"damage":0,"enemies":"Spire Growth","floor":45,"turns":2},{"damage":0,"enemies":"Maw","floor":47,"turns":3},{"damage":0,"enemies":"Orin","floor":48,"turns":7},{"damage":0,"enemies":"Replay:Hell Engine","floor":50,"turns":5}],"seed_played":"5108265203466531229","potions_obtained":[{"floor":4,"key":"FearPotion"},{"floor":10,"key":"Weak Potion"},{"floor":11,"key":"CultistPotion"},{"floor":21,"key":"LifebloodPotion"},{"floor":27,"key":"PowerPotion"},{"floor":33,"key":"SpeedPotion"},{"floor":37,"key":"Languid Potion"},{"floor":47,"key":"LiquidMemories"},{"floor":48,"key":"PowerPotion"}],"is_trial":false,"path_per_floor":["M","?","M","M","?","R","?","R","MIM","M","M","R","M","?","R","B",null,"M","M","?","M","M","R","AVR","R","T","M","E","$","M","?","R","B",null,"M","$","M","MIM","?","R","E","M","MIM","R","M","?","M","?","R","B",null],"character_chosen":"THE_SERVANT","items_purchased":["vexMod:PlasmaPancake","Luminosity","Garlic","Blind","MerchantsRug","aspiration:SeaSaltIceCream","ShatteredReality","halation:PromiseList","SilverBlades+1","SpeedPotion","Rearm"],"campfire_rested":2,"item_purchase_floors":[0,0,0,0,0,29,29,36,36,36,36],"current_hp_per_floor":[38,38,38,37,37,58,58,58,42,42,42,42,42,42,42,32,71,62,62,62,62,62,62,62,62,62,62,62,62,43,26,47,45,71,71,71,71,71,71,71,71,66,66,66,66,66,66,66,66,66],"gold":315,"neow_bonus":"","is_daily":false,"chose_seed":false,"campfire_upgraded":10,"win_rate":0.0,"timestamp":1611130248,"path_taken":["M","?","M","M","?","R","?","R","MIM","?","M","R","M","?","R","BOSS","M","M","?","?","M","R","AVR","R","T","M","E","?","M","?","R","BOSS","M","$","M","?","?","R","E","M","MIM","R","M","?","?","?","R","BOSS"],"items_purchased_type":["Relic","Card","Relic","Card","Relic","Relic","Card","Relic","Card","Potion","Card"],"build_version":"2020-12-22","purchased_purges":1,"victory":true,"max_hp_per_floor":[71,71,71,71,71,71,71,71,71,71,71,71,71,71,71,71,71,71,71,71,71,71,71,71,71,71,71,71,71,71,71,71,71,71,71,71,71,71,71,71,71,71,71,71,71,71,71,71,71,71],"card_choices":[{"not_picked":["Alleviate","Revamp","Shuttle"],"picked":"SKIP","floor":1},{"not_picked":["Potential","ShatteredReality"],"picked":"Rearm","floor":3},{"not_picked":["Starlight","Rearm"],"picked":"KillingDoll","floor":4},{"not_picked":["Starlight","Desolation"],"picked":"Luminosity+1","floor":9},{"not_picked":["TimeWarp","TimeTheft"],"picked":"SurpressingFire+1","floor":10},{"not_picked":["Barrier","Deadline"],"picked":"Rearm","floor":11},{"not_picked":["Replace","Starlight"],"picked":"BottledTime","floor":13},{"not_picked":["Sunlight","SoulSculpture"],"picked":"Dilation","floor":16},{"not_picked":["Unruled+1","Alleviate","Reset"],"picked":"SKIP","floor":18},{"not_picked":["Potential","ShiftingGears","Replace"],"picked":"SKIP","floor":19},{"not_picked":["Ricochet+1","TimeTheft","TimeWarp"],"picked":"SKIP","floor":21},{"not_picked":["Ricochet+1","TimeTheft","TimeWarp"],"picked":"SKIP","floor":21},{"not_picked":["Deadline+1","Spin+1"],"picked":"BestPractice+1","floor":22},{"not_picked":["Rewind","Potential","Gouge+1"],"picked":"SKIP","floor":27},{"not_picked":["Snipe","StarChef+1","Starlight"],"picked":"SKIP","floor":28},{"not_picked":["Rewind","Comet+1"],"picked":"Revamp+1","floor":30},{"not_picked":["TimeWarp","Spin"],"picked":"Rearm","floor":31},{"not_picked":["SoulSculpture","FloweringNight+1"],"picked":"KillingDoll","floor":33},{"not_picked":["Collapse+1","BottledTime"],"picked":"Rearm","floor":35},{"not_picked":["Defy+1","Replace","Starlight+1"],"picked":"SKIP","floor":37},{"not_picked":["ShiftingGears+1","Ricochet+1"],"picked":"Contraction","floor":41},{"not_picked":["BestPractice+1","FastForward+1","Desolation"],"picked":"SKIP","floor":42},{"not_picked":["Potential","Ricochet+1"],"picked":"Revamp","floor":43},{"not_picked":["Replace+1","Revamp","TimeWarp+1"],"picked":"SKIP","floor":45},{"not_picked":["Barrier","Revamp","Starlight+1"],"picked":"SKIP","floor":47},{"not_picked":["Moondial+1","Rearm+1"],"picked":"DualDimension","floor":48}],"player_experience":1433002,"relics_obtained":[{"floor":9,"key":"infinitespire:ShieldingShard"},{"floor":26,"key":"Whetstone"},{"floor":28,"key":"HollowMod:PaleOreRelic"},{"floor":31,"key":"DemoMod:PoisonVial"},{"floor":38,"key":"hubris:GlazedTorus"},{"floor":41,"key":"DemoMod:ClearGuonStone"},{"floor":43,"key":"Replay:Arrowhead"},{"floor":48,"key":"CatCart"}],"event_choices":[{"damage_healed":0,"gold_gain":0,"player_choice":"Take Wound","damage_taken":0,"relics_obtained":["Golden Idol"],"max_hp_gain":0,"max_hp_loss":0,"event_name":"Golden Idol","floor":5,"gold_loss":0,"cards_obtained":["Injury"]},{"damage_healed":0,"gold_gain":0,"player_choice":"Upgraded","damage_taken":0,"max_hp_gain":0,"max_hp_loss":0,"event_name":"Upgrade Shrine","floor":7,"gold_loss":0,"cards_upgraded":["Blind"]},{"cards_removed":["Injury","Injury"],"damage_healed":0,"gold_gain":0,"player_choice":"Removed Curses","damage_taken":0,"max_hp_gain":0,"max_hp_loss":0,"event_name":"Fountain of Cleansing","floor":14,"gold_loss":0},{"damage_healed":0,"gold_gain":0,"player_choice":"Read","damage_taken":0,"max_hp_gain":0,"max_hp_loss":0,"event_name":"The Library","floor":20,"gold_loss":0,"cards_obtained":["Luminosity"]},{"damage_healed":0,"gold_gain":0,"player_choice":"Ignored","damage_taken":0,"max_hp_gain":0,"max_hp_loss":0,"event_name":"Transmorgrifier","floor":39,"gold_loss":0},{"damage_healed":0,"gold_gain":0,"player_choice":"Ignored","damage_taken":0,"max_hp_gain":0,"max_hp_loss":0,"event_name":"NoteForYourself","floor":46,"gold_loss":0},{"damage_healed":0,"gold_gain":0,"player_choice":"Fight","damage_taken":0,"max_hp_gain":0,"max_hp_loss":0,"event_name":"OrinTheCat","floor":48,"gold_loss":0}],"is_beta":false,"boss_relics":[{"not_picked":["halation:Risk","Runic Dome"],"picked":"Replay:Grab Bag"},{"not_picked":["vexMod:RockOfEvil","MysterySword"],"picked":"energizedSpire:DeadBattery"},{"not_picked":["hubris:TerracottaHorce","halation:CatFaceCupcake"],"picked":"conspire:SlowCooker"},{"not_picked":["halation:PinkAlligatorPlush","halation:Yufonium"],"picked":"Empty Cage"},{"not_picked":["conspire:RunicOctahedron","SlaversCollar"],"picked":"Velvet Choker"}],"items_purged_floors":[29],"is_endless":false,"potions_floor_spawned":[4,10,11,16,18,21,27,33,37,47,48],"ascension_level":0}}