{"host":"37ccm3d17clopct7","time":1611125038,"event":{"mods":["BaseMod","Lobotomy","Minty Spire (QoL Compilation)","StSLib","The Bug Knight","The Cursed","The Hierophant","The Runesmith"],"gold_per_floor":[110,126,4,79,98,118,118,118,118,138,138,138,149,49,49,145,145,155,155,140,15,32,58,58,58,58],"floor_reached":25,"language":"KOR","playtime":1482,"items_purged":["Runesmith:Defend_RS","Runesmith:ShiftingStrike","Runesmith:Strike_RS"],"score":213,"play_id":"b8f1dc36-3bfb-4dbf-88ab-75f71a9e185f","local_time":"20210120154358","is_ascension_mode":false,"campfire_choices":[{"floor":7,"key":"REST"},{"floor":15,"key":"REST"},{"floor":24,"key":"REST"}],"circlet_count":0,"master_deck":["Runesmith:Strike_RS","Runesmith:Strike_RS","Runesmith:Defend_RS","Runesmith:Defend_RS","Runesmith:CraftFirestone","Runesmith:Fortify","OldLady","Runesmith:CraftMagma","UniverseFragment","Runesmith:PerfectChisel","Runesmith:EarthShield","Bloodbath","Runesmith:CraftMagma","Runesmith:CraftIncendium","Runesmith:Superposition","SnowQueen","Runesmith:StaticCage","Wellcheers","Runesmith:ChiselStab","Runesmith:ArcReactor","Runesmith:CraftObretio","Runesmith:CraftMagma","Runesmith:RuneHurl","BigBadWolf","Runesmith:Repurpose+1"],"relics":["Runesmith:BrokenRuby","CogitoBucket","Meat on the Bone","TreeSap","Empty Cage","Vajra"],"acts_visited":["Exordium","TheCity"],"potions_floor_usage":[16,22,25],"damage_taken":[{"damage":1,"enemies":"Jaw Worm","floor":1,"turns":6},{"damage":3,"enemies":"Small Slimes","floor":2,"turns":4},{"damage":0,"enemies":"Cultist","floor":5,"turns":3},{"damage":7,"enemies":"Blue Slaver","floor":6,"turns":3},{"damage":0,"enemies":"3 Louse","floor":10,"turns":3},{"damage":13,"enemies":"2 Fungi Beasts","floor":13,"turns":3},{"damage":42,"enemies":"Hexaghost","floor":16,"turns":12},{"damage":16,"enemies":"Chosen","floor":18,"turns":5},{"damage":24,"enemies":"2 Thieves","floor":20,"turns":4},{"damage":25,"enemies":"Shelled Parasite and Fungi","floor":22,"turns":7},{"damage":23,"enemies":"HollowMod:Nosk","floor":23,"turns":8},{"damage":45,"enemies":"Snake Plant","floor":25,"turns":2}],"seed_played":"-7053056014669488987","potions_obtained":[{"floor":2,"key":"SkillPotion"},{"floor":5,"key":"Energy Potion"},{"floor":19,"key":"Block Potion"},{"floor":19,"key":"Explosive Potion"},{"floor":22,"key":"Ancient Potion"}],"is_trial":false,"path_per_floor":["M","M","$","?","M","M","R","?","T","M","?","?","M","$","R","B",null,"M","?","M","$","M","E","R","M"],"character_chosen":"RUNESMITH_CLASS","items_purchased":["Runesmith:EarthShield"],"campfire_rested":3,"item_purchase_floors":[3],"current_hp_per_floor":[69,66,66,55,55,49,70,70,70,70,70,70,57,57,70,46,70,58,58,38,38,26,23,44,0,0],"gold":58,"neow_bonus":"","is_daily":false,"chose_seed":false,"campfire_upgraded":0,"win_rate":0.0,"timestamp":1611125038,"path_taken":["M","M","$","?","M","M","R","?","T","?","?","?","M","?","R","BOSS","M","?","M","$","M","E","R","M"],"items_purchased_type":["Card"],"build_version":"2020-12-22","purchased_purges":3,"victory":false,"max_hp_per_floor":[70,70,70,70,70,70,70,70,70,70,70,70,70,70,70,70,70,70,70,70,70,70,70,70,70,70],"card_choices":[{"not_picked":["Scorched","Murderer"],"picked":"OldLady","floor":1},{"not_picked":["Runesmith:StaticCage","Runesmith:ChaoticBlast"],"picked":"Runesmith:CraftMagma","floor":1},{"not_picked":["VoidDream","GreedKing"],"picked":"UniverseFragment","floor":2},{"not_picked":["Runesmith:ChiselStab","Runesmith:WhiteBalance"],"picked":"Runesmith:PerfectChisel","floor":2},{"not_picked":["OSAHOGD","SpiderBud"],"picked":"Bloodbath","floor":5},{"not_picked":["Runesmith:ShiftingStrike","Runesmith:ElementalConversion"],"picked":"Runesmith:CraftMagma","floor":5},{"not_picked":["Murderer","DespairKnight","Woodsman"],"picked":"Singing Bowl","floor":6},{"not_picked":["Runesmith:Electrocute","Runesmith:HeatedChisel"],"picked":"Runesmith:CraftIncendium","floor":6},{"not_picked":["PunishingBird","MeatLantern"],"picked":"SnowQueen","floor":10},{"not_picked":["Runesmith:Superposition","Runesmith:HammerTime"],"picked":"Runesmith:StaticCage","floor":10},{"not_picked":["FairyFestival","FieryBird"],"picked":"Wellcheers","floor":13},{"not_picked":["Runesmith:Grindstone","Runesmith:MakeshiftArmor"],"picked":"Runesmith:ChiselStab","floor":13},{"not_picked":["Runesmith:FissionHammer","Runesmith:GrandSlam"],"picked":"Runesmith:ArcReactor","floor":16},{"not_picked":["Runesmith:HammerThrow","Runesmith:WhiteBalance"],"picked":"Runesmith:CraftObretio","floor":18},{"not_picked":["Runesmith:Repurpose","Runesmith:WhiteBalance"],"picked":"Runesmith:CraftMagma","floor":20},{"not_picked":["Runesmith:HeatExchange","Runesmith:FieryHammer"],"picked":"Runesmith:RuneHurl","floor":22},{"not_picked":["OSAHOGD","DespairKnight"],"picked":"BigBadWolf","floor":23},{"not_picked":["Runesmith:StaticCage","Runesmith:Overpower"],"picked":"Runesmith:Repurpose+1","floor":23}],"player_experience":77054,"relics_obtained":[{"floor":9,"key":"Meat on the Bone"},{"floor":23,"key":"Vajra"}],"event_choices":[{"damage_healed":0,"gold_gain":75,"player_choice":"Gather Gold","damage_taken":11,"max_hp_gain":0,"max_hp_loss":0,"event_name":"World of Goop","floor":4,"gold_loss":0},{"damage_healed":0,"gold_gain":0,"player_choice":"2 cards matched","damage_taken":0,"max_hp_gain":0,"max_hp_loss":0,"event_name":"Match and Keep!","floor":8,"gold_loss":0,"cards_obtained":["Runesmith:Superposition","Runesmith:ShiftingStrike"]},{"damage_healed":0,"gold_gain":0,"player_choice":"Ignored","damage_taken":0,"max_hp_gain":0,"max_hp_loss":0,"event_name":"Shining Light","floor":11,"gold_loss":0},{"damage_healed":0,"gold_gain":0,"player_choice":"Ignored","damage_taken":0,"max_hp_gain":0,"max_hp_loss":0,"event_name":"Golden Idol","floor":12,"gold_loss":0},{"damage_healed":0,"gold_gain":0,"player_choice":"Got Potions","damage_taken":0,"max_hp_gain":0,"max_hp_loss":0,"event_name":"Lab","floor":19,"gold_loss":0}],"is_beta":false,"boss_relics":[{"not_picked":["Cursed Key","Runic Dome"],"picked":"Empty Cage"}],"items_purged_floors":[3,14,21],"is_endless":false,"potions_floor_spawned":[2,5,22],"killed_by":"Snake Plant","ascension_level":0}}