{"host":"1a3cjta80tad0aqj","time":1611178898,"event":{"mods":["2.2 Compatiblity","AchievementEnabler","BaseMod","Colored Map","DeckTracker","KOR Keyword Fix","Keyboard Shortcuts","Minty Spire (QoL Compilation)","Permanent Neow","Quick Restart","Random Character Button","StSLib","SuperFastMode","everything is the same but u backflip on backflip"],"gold_per_floor":[112,112,132,8,8,8,38,58,110,42,42,58,92,107,107,212,212,224,235,235,255,113,113,132,167,167,167,167,167,197,213,213,312,312,323,323,334,346,60,60,70,83,83,102,120,135,135,145,145,145,145],"floor_reached":50,"language":"KOR","playtime":3122,"items_purged":["Strike_G","Strike_G"],"score":598,"play_id":"cbdc73ce-80ae-4181-8f0a-aa34ffc2b521","local_time":"20210121064138","is_ascension_mode":true,"campfire_choices":[{"data":"Unload","floor":6.0,"key":"SMITH"},{"data":"Dagger Spray","floor":11.0,"key":"SMITH"},{"floor":15.0,"key":"REST"},{"floor":23.0,"key":"REST"},{"floor":27.0,"key":"REST"},{"floor":29.0,"key":"REST"},{"floor":32.0,"key":"REST"},{"data":"Venomology","floor":40.0,"key":"SMITH"},{"floor":47.0,"key":"REST"},{"floor":49.0,"key":"REST"}],"circlet_count":0,"master_deck":["Strike_G","Strike_G","Defend_G","Defend_G","Defend_G","Survivor","Neutralize","Unload+1","Eviscerate","Predator","Dagger Spray+1","Quick Slash","Footwork","Finisher","Cloak And Dagger","Dagger Throw","Corpse Explosion","Dash+1","Outmaneuver+1","Venomology+1","Bullet Time","Underhanded Strike","Trip","Blade Dance","Skewer+1","Well Laid Plans+1","Acrobatics","Night Terror","Backstab+1","Riddle With Holes+1","PiercingWail","Caltrops","Dodge and Roll+1","Backflip+1","Malaise","Deflect+1"],"relics":["Ring of the Serpent","Ancient Tea Set","Vajra","Bottled Tornado","Letter Opener","Sundial","Mercury Hourglass","Cursed Key","Pen Nib"],"acts_visited":["Exordium","TheCity","TheBeyond"],"potions_floor_usage":[50,50,50,50],"damage_taken":[{"damage":2.0,"enemies":"Small Slimes","floor":1.0,"turns":3.0},{"damage":0.0,"enemies":"Jaw Worm","floor":3.0,"turns":3.0},{"damage":8.0,"enemies":"Gremlin Nob","floor":7.0,"turns":3.0},{"damage":0.0,"enemies":"Cultist","floor":8.0,"turns":2.0},{"damage":5.0,"enemies":"Lots of Slimes","floor":12.0,"turns":3.0},{"damage":12.0,"enemies":"3 Sentries","floor":13.0,"turns":5.0},{"damage":0.0,"enemies":"Large Slime","floor":14.0,"turns":4.0},{"damage":14.0,"enemies":"Slime Boss","floor":16.0,"turns":10.0},{"damage":16.0,"enemies":"Spheric Guardian","floor":18.0,"turns":4.0},{"damage":11.0,"enemies":"2 Thieves","floor":19.0,"turns":3.0},{"damage":13.0,"enemies":"Snecko","floor":21.0,"turns":5.0},{"damage":0.0,"enemies":"Chosen and Byrds","floor":24.0,"turns":3.0},{"damage":41.0,"enemies":"Book of Stabbing","floor":25.0,"turns":5.0},{"damage":11.0,"enemies":"Slavers","floor":30.0,"turns":6.0},{"damage":11.0,"enemies":"Snake Plant","floor":31.0,"turns":4.0},{"damage":91.0,"enemies":"Automaton","floor":33.0,"turns":12.0},{"damage":0.0,"enemies":"Orb Walker","floor":35.0,"turns":3.0},{"damage":0.0,"enemies":"3 Shapes","floor":37.0,"turns":3.0},{"damage":18.0,"enemies":"Sphere and 2 Shapes","floor":38.0,"turns":5.0},{"damage":10.0,"enemies":"3 Darklings","floor":41.0,"turns":3.0},{"damage":29.0,"enemies":"Transient","floor":42.0,"turns":5.0},{"damage":16.0,"enemies":"Jaw Worm Horde","floor":44.0,"turns":2.0},{"damage":12.0,"enemies":"Maw","floor":45.0,"turns":6.0},{"damage":0.0,"enemies":"4 Shapes","floor":46.0,"turns":3.0},{"damage":7.0,"enemies":"Jaw Worm Horde","floor":48.0,"turns":3.0},{"damage":68,"enemies":"Time Eater","floor":50,"turns":8}],"seed_played":"6390129927429633957","potions_obtained":[{"floor":1.0,"key":"Energy Potion"},{"floor":8.0,"key":"EssenceOfSteel"},{"floor":12.0,"key":"Regen Potion"},{"floor":19.0,"key":"FairyPotion"},{"floor":33.0,"key":"CultistPotion"},{"floor":38.0,"key":"SteroidPotion"},{"floor":45.0,"key":"Weak Potion"},{"floor":46.0,"key":"SkillPotion"},{"floor":48.0,"key":"SkillPotion"}],"is_trial":false,"path_per_floor":["M","?","M","$","?","R","E","M","T","$","R","M","E","M","R","B",null,"M","M","?","M","$","R","M","E","T","R","?","R","E","M","R","B",null,"M","T","M","M","$","R","M","M","T","M","M","M","R","M","R","B"],"character_chosen":"THE_SILENT","items_purchased":["Dagger Spray","Footwork","Trip","Blade Dance","Pen Nib","Caltrops"],"campfire_rested":7,"item_purchase_floors":[4,10,22,22,39,39],"current_hp_per_floor":[68,68,68,68,61,61,53,53,53,53,53,48,36,36,57,43,70,54,43,43,30,30,51,56,15,15,36,36,57,46,40,61,3,70,70,70,70,52,52,52,42,13,13,21,9,9,30,23,44,0,0],"gold":145,"neow_bonus":"ONE_RANDOM_RARE_CARD","is_daily":false,"chose_seed":false,"campfire_upgraded":3,"win_rate":0.0,"timestamp":1611178898,"path_taken":["M","?","M","$","?","R","E","M","T","?","R","M","E","?","R","BOSS","M","?","?","M","$","R","M","E","T","R","?","R","E","M","R","BOSS","M","?","?","M","?","R","M","M","T","M","M","M","R","M","R","BOSS"],"items_purchased_type":["Card","Card","Card","Card","Relic","Card"],"build_version":"2020-12-22","purchased_purges":2,"victory":false,"max_hp_per_floor":[70,70,70,70,70,70,70,70,70,70,70,70,70,70,70,70,70,70,70,70,70,70,70,70,70,70,70,70,70,70,70,70,70,70,70,70,70,70,70,70,70,70,70,70,70,70,70,70,70,70,70],"card_choices":[{"not_picked":["Dodge and Roll","Deflect"],"picked":"Eviscerate","floor":1.0},{"not_picked":["Poisoned Stab","Acrobatics"],"picked":"Predator","floor":3.0},{"not_picked":["Backflip","Footwork"],"picked":"Quick Slash","floor":7.0},{"not_picked":["Poisoned Stab","Grand Finale","Prepared"],"picked":"SKIP","floor":8.0},{"not_picked":["Slice","Caltrops"],"picked":"Finisher","floor":12.0},{"not_picked":["Bane","Dagger Throw"],"picked":"Cloak And Dagger","floor":13.0},{"not_picked":["Reflex","Blade Dance"],"picked":"Dagger Throw","floor":14.0},{"not_picked":["Tools of the Trade","A Thousand Cuts"],"picked":"Corpse Explosion","floor":16.0},{"not_picked":["Choke","Quick Slash"],"picked":"Dash+1","floor":18.0},{"not_picked":["Bouncing Flask","Noxious Fumes"],"picked":"Outmaneuver+1","floor":19.0},{"not_picked":["Tactician","Bane"],"picked":"Underhanded Strike","floor":21.0},{"not_picked":["Acrobatics","Poisoned Stab"],"picked":"Skewer+1","floor":24.0},{"not_picked":["Deflect","Blade Dance+1"],"picked":"Well Laid Plans+1","floor":25.0},{"not_picked":["Outmaneuver","Bullet Time","Underhanded Strike+1"],"picked":"SKIP","floor":30.0},{"not_picked":["Finisher","Quick Slash"],"picked":"Acrobatics","floor":31.0},{"not_picked":["Die Die Die","Grand Finale"],"picked":"Night Terror","floor":33.0},{"not_picked":["Quick Slash+1","Eviscerate"],"picked":"Backstab+1","floor":35.0},{"not_picked":["Deflect+1","Dagger Throw"],"picked":"Riddle With Holes+1","floor":37.0},{"not_picked":["Dagger Throw","Deflect+1"],"picked":"PiercingWail","floor":38.0},{"not_picked":["PiercingWail","Deadly Poison+1"],"picked":"Dodge and Roll+1","floor":41.0},{"not_picked":["PiercingWail+1","Outmaneuver"],"picked":"Backflip+1","floor":42.0},{"not_picked":["Blade Dance+1","Crippling Poison","Backflip"],"picked":"SKIP","floor":44.0},{"not_picked":["Blade Dance","Heel Hook"],"picked":"Malaise","floor":45.0},{"not_picked":["Bane","Dagger Throw+1"],"picked":"Deflect+1","floor":46.0},{"not_picked":["Sucker Punch+1","Bane+1","Deflect"],"picked":"SKIP","floor":48.0}],"player_experience":825280,"relics_obtained":[{"floor":7.0,"key":"Ancient Tea Set"},{"floor":9.0,"key":"Vajra"},{"floor":13.0,"key":"Bottled Tornado"},{"floor":25.0,"key":"Letter Opener"},{"floor":26.0,"key":"Sundial"},{"floor":30.0,"key":"Mercury Hourglass"}],"event_choices":[{"damage_healed":0.0,"max_hp_gain":0.0,"max_hp_loss":0.0,"gold_gain":0.0,"event_name":"Liars Game","player_choice":"Ignored","floor":2.0,"gold_loss":0.0,"damage_taken":0.0},{"cards_removed":["Defend_G"],"damage_healed":0.0,"max_hp_gain":0.0,"max_hp_loss":0.0,"gold_gain":0.0,"event_name":"Golden Wing","player_choice":"Card Removal","floor":5.0,"gold_loss":0.0,"damage_taken":7.0},{"damage_healed":0.0,"max_hp_gain":0.0,"max_hp_loss":0.0,"gold_gain":0.0,"cards_transformed":["Defend_G","Strike_G"],"event_name":"Drug Dealer","player_choice":"Became Test Subject","floor":20.0,"gold_loss":0.0,"damage_taken":0.0,"cards_obtained":["Venomology","Bullet Time"]},{"damage_healed":0.0,"max_hp_gain":0.0,"max_hp_loss":0.0,"gold_gain":0.0,"event_name":"Lab","player_choice":"Got Potions","floor":28.0,"gold_loss":0.0,"damage_taken":0.0}],"is_beta":false,"boss_relics":[{"not_picked":["SlaversCollar","Busted Crown"],"picked":"Ring of the Serpent"},{"not_picked":["WristBlade","Runic Pyramid"],"picked":"Cursed Key"}],"items_purged_floors":[4,39],"is_endless":false,"potions_floor_spawned":[1,8,12,13,19,24,25,33,37,38,45,46,48],"killed_by":"Time Eater","ascension_level":3}}