{"host":"dth8fvkfiulu86fi","time":1611142355,"event":{"mods":["2.2 Compatiblity","AchievementEnabler","BaseMod","Better Third Choice","Colored Map","Colored Powertips","Minty Spire (QoL Compilation)","Rare Cards Sparkle","StSLib","SuperFastMode","Synergy Search"],"gold_per_floor":[114,20,195,210,225,225,263,69,69,88,107,126,145,164,164,289,352,371,86,86,105,34,34,53,53,103,103,21,59,109,140,152,289,301,332,363,375,387,387],"floor_reached":38,"language":"ENG","playtime":2248,"items_purged":[],"score":493,"play_id":"60a6f262-81f1-4e14-a0fb-8711a5075c54","local_time":"20210120123235","daily_mods":["Shiny","Red Cards","DeadlyEvents"],"is_ascension_mode":false,"campfire_choices":[{"floor":15.0,"key":"REST"},{"data":"Mind Blast","floor":23.0,"key":"SMITH"},{"floor":27.0,"key":"REST"},{"floor":32.0,"key":"REST"}],"circlet_count":0,"master_deck":["Double Tap","Demon Form","Bludgeon","Feed","Limit Break","Corruption","Barricade","Fiend Fire","Berserk","Impervious","Juggernaut","Brutality","Reaper","Exhume","Offering","Immolate","Venomology","Corpse Explosion","Malaise+1","Phantasmal Killer","Die Die Die","Adrenaline","Envenom","Doppelganger","Burst","Wraith Form v2","Tools of the Trade","Night Terror","Unload","After Image","Bullet Time","Storm of Steel","Glass Knife","A Thousand Cuts","Mind Blast+1","Doubt","Headbutt","Calculated Gamble","Crippling Poison","Well Laid Plans","Acrobatics","Dodge and Roll","Thunderclap","Anger","Thunderclap","Cleave","Poisoned Stab","Shrug It Off","Immolate","Terror","Seeing Red","Slice","Outmaneuver","Rampage","Fire Breathing","Writhe","Battle Trance","Sucker Punch","Anger","Power Through","Caltrops","Eviscerate","Armaments","Flex","Wild Strike+1","Adrenaline+1","Backflip+1","Dash+1"],"relics":["Ring of the Snake","Golden Idol","Regal Pillow","Bronze Scales","Tiny House","Akabeko","MealTicket","MawBank","Centennial Puzzle","Black Star"],"acts_visited":["Exordium","TheCity","TheBeyond"],"potions_floor_usage":[38,38,38],"damage_taken":[{"damage":9.0,"enemies":"2 Louse","floor":1.0,"turns":3.0},{"damage":5.0,"enemies":"Small Slimes","floor":4.0,"turns":2.0},{"damage":0.0,"enemies":"Cultist","floor":5.0,"turns":1.0},{"damage":12.0,"enemies":"3 Sentries","floor":7.0,"turns":4.0},{"damage":3.0,"enemies":"3 Louse","floor":10.0,"turns":2.0},{"damage":0.0,"enemies":"Red Slaver","floor":11.0,"turns":1.0},{"damage":6.0,"enemies":"2 Fungi Beasts","floor":12.0,"turns":2.0},{"damage":0.0,"enemies":"Exordium Thugs","floor":13.0,"turns":2.0},{"damage":0.0,"enemies":"3 Louse","floor":14.0,"turns":1.0},{"damage":32.0,"enemies":"Slime Boss","floor":16.0,"turns":7.0},{"damage":0.0,"enemies":"Spheric Guardian","floor":18.0,"turns":1.0},{"damage":6.0,"enemies":"2 Thieves","floor":21.0,"turns":2.0},{"damage":25.0,"enemies":"Cultist and Chosen","floor":24.0,"turns":4.0},{"damage":34.0,"enemies":"Slavers","floor":29.0,"turns":4.0},{"damage":30.0,"enemies":"Book of Stabbing","floor":30.0,"turns":3.0},{"damage":0.0,"enemies":"Snecko","floor":31.0,"turns":1.0},{"damage":52.0,"enemies":"Automaton","floor":33.0,"turns":7.0},{"damage":10.0,"enemies":"Orb Walker","floor":35.0,"turns":2.0},{"damage":51.0,"enemies":"3 Darklings","floor":36.0,"turns":5.0},{"damage":28,"enemies":"Giant Head","floor":38,"turns":7}],"seed_played":"-1760728548950895142","potions_obtained":[{"floor":1.0,"key":"Fire Potion"},{"floor":5.0,"key":"Poison Potion"},{"floor":12.0,"key":"Weak Potion"},{"floor":13.0,"key":"Poison Potion"},{"floor":33.0,"key":"SneckoOil"},{"floor":36.0,"key":"Dexterity Potion"}],"is_trial":false,"path_per_floor":["M","$","?","M","M","?","E","$","T","M","M","M","M","M","R","B",null,"M","$","?","M","$","R","M","?","T","R","$","E","E","M","R","B",null,"M","M","?","E"],"character_chosen":"THE_SILENT","items_purchased":["Mind Blast","Well Laid Plans","Acrobatics","Dodge and Roll","Thunderclap","Seeing Red","Slice","Outmaneuver","Rampage","Fire Breathing","Sucker Punch","Anger","Eviscerate","Armaments"],"campfire_rested":3,"item_purchase_floors":[2,8,8,8,8,19,19,19,19,19,22,22,28,28],"current_hp_per_floor":[65,65,65,60,60,60,51,51,51,48,51,45,45,45,71,39,76,76,76,76,70,70,70,49,49,49,76,76,42,12,12,49,12,76,66,27,27,0,0],"gold":387,"neow_bonus":"","is_daily":true,"chose_seed":false,"campfire_upgraded":1,"win_rate":0.0,"timestamp":1611142355,"path_taken":["M","$","?","M","M","?","E","$","T","M","?","M","?","M","R","BOSS","M","$","?","M","$","R","M","?","T","R","$","E","?","M","R","BOSS","M","M","?","?"],"items_purchased_type":["Card","Card","Card","Card","Card","Card","Card","Card","Card","Card","Card","Card","Card","Card"],"build_version":"2020-12-22","purchased_purges":0,"victory":false,"max_hp_per_floor":[70,70,70,70,70,65,68,68,68,68,71,71,71,71,71,71,76,76,76,76,76,76,76,76,76,76,76,76,76,76,76,76,76,76,76,76,76,76,76],"card_choices":[{"not_picked":["Carnage","Dagger Throw","Infernal Blade"],"picked":"SKIP","floor":1.0},{"not_picked":["Havoc","Accuracy"],"picked":"Headbutt","floor":4.0},{"not_picked":["Warcry","Clothesline"],"picked":"Calculated Gamble","floor":5.0},{"not_picked":["Berserk","Thunderclap"],"picked":"Crippling Poison","floor":7.0},{"not_picked":["Blur","Cleave"],"picked":"Anger","floor":10.0},{"not_picked":["Clothesline","Dropkick"],"picked":"Thunderclap","floor":11.0},{"not_picked":["Choke","Envenom"],"picked":"Cleave","floor":12.0},{"not_picked":["Battle Trance","Quick Slash"],"picked":"Poisoned Stab","floor":13.0},{"not_picked":["PiercingWail","Fire Breathing"],"picked":"Shrug It Off","floor":14.0},{"not_picked":["Juggernaut","Phantasmal Killer"],"picked":"Immolate","floor":16.0},{"not_picked":["Cleave","Blade Dance"],"picked":"Terror","floor":17.0},{"not_picked":["All Out Attack","Dagger Throw","Dodge and Roll+1"],"picked":"SKIP","floor":18.0},{"not_picked":["Backflip","Armaments"],"picked":"Battle Trance","floor":21.0},{"not_picked":["True Grit","Grand Finale"],"picked":"Power Through","floor":24.0},{"not_picked":["Infinite Blades","Predator","Dagger Throw"],"picked":"SKIP","floor":29.0},{"not_picked":["Body Slam","Clothesline+1"],"picked":"Flex","floor":30.0},{"not_picked":["Armaments","Headbutt"],"picked":"Wild Strike+1","floor":31.0},{"not_picked":["Corpse Explosion","Berserk"],"picked":"Adrenaline","floor":33.0},{"not_picked":["Catalyst+1","Acrobatics"],"picked":"Backflip+1","floor":35.0},{"not_picked":["Infernal Blade+1","Tactician"],"picked":"Dash+1","floor":36.0}],"player_experience":1154705,"relics_obtained":[{"floor":7.0,"key":"Regal Pillow"},{"floor":9.0,"key":"Bronze Scales"},{"floor":26.0,"key":"MealTicket"},{"floor":29.0,"key":"MawBank"},{"floor":30.0,"key":"Centennial Puzzle"}],"event_choices":[{"damage_healed":0.0,"max_hp_gain":0.0,"max_hp_loss":0.0,"gold_gain":175.0,"event_name":"betterThird:BetterSerpent","player_choice":"AGREE","floor":3.0,"gold_loss":0.0,"damage_taken":20.0},{"damage_healed":0.0,"max_hp_gain":0.0,"max_hp_loss":5.0,"gold_gain":0.0,"event_name":"Golden Idol","player_choice":"Lose Max HP","floor":6.0,"gold_loss":0.0,"damage_taken":0.0,"relics_obtained":["Golden Idol"]},{"damage_healed":0.0,"max_hp_gain":0.0,"max_hp_loss":0.0,"gold_gain":0.0,"event_name":"The Mausoleum","player_choice":"Opened","floor":20.0,"gold_loss":0.0,"damage_taken":0.0,"relics_obtained":["Akabeko"],"cards_obtained":["Writhe"]},{"damage_healed":0.0,"max_hp_gain":0.0,"max_hp_loss":0.0,"gold_gain":0.0,"cards_transformed":["Grand Finale"],"event_name":"Transmorgrifier","player_choice":"Transformed","floor":25.0,"gold_loss":0.0,"damage_taken":0.0,"cards_obtained":["Caltrops"]},{"damage_healed":0.0,"max_hp_gain":0.0,"max_hp_loss":0.0,"gold_gain":0.0,"event_name":"Upgrade Shrine","player_choice":"Upgraded","floor":37.0,"gold_loss":0.0,"damage_taken":0.0,"cards_upgraded":["Adrenaline"]}],"is_beta":false,"boss_relics":[{"not_picked":["SlaversCollar","Runic Pyramid"],"picked":"Tiny House"},{"not_picked":["Velvet Choker","Fusion Hammer"],"picked":"Black Star"}],"items_purged_floors":[],"is_endless":false,"potions_floor_spawned":[1,5,12,13,29,31,33,36],"killed_by":"Giant Head","ascension_level":0}}