{"host":"fc97bmrl7qvj4ruk","time":1611153571,"event":{"mods":["AchievementEnabler","Act Like it!","BaseMod","Colored Map","Dota2Spire","Downfall","Gensokyo","GifTheSpireLib","Hermit","Minty Spire (QoL Compilation)","Robot Space Explorer","StSLib","The Hayseed","The Vixen"],"gold_per_floor":[112,132,150,31,49,49,69,289,289,303,332,352,380,395,395,499,499,513,526,13,33,49,49,49,49,49,49,49,277,294,325,325,426,426,438,454,464,477,325,325,355,355,378,378,404,418,57,85,85,85],"floor_reached":51,"language":"ZHS","playtime":5971,"items_purged":[],"score":938,"play_id":"e13bbee6-ecd6-4d3b-9ea0-61ef03331731","local_time":"20210120103931","is_ascension_mode":false,"campfire_choices":[{"data":"RobotSpaceExplorer:TurboDodge","floor":6.0,"key":"SMITH"},{"floor":15.0,"key":"REST"},{"floor":23.0,"key":"REST"},{"data":"RobotSpaceExplorer:TurboDodge","floor":32,"key":"SMITH"},{"data":"Gensokyo:LittleGreenMen","floor":40,"key":"SMITH"},{"data":"RobotSpaceExplorer:Counterblock","floor":42,"key":"SMITH"},{"data":"RobotSpaceExplorer:TurboDodge","floor":49,"key":"SMITH"}],"circlet_count":0,"master_deck":["RobotSpaceExplorer:Strike","RobotSpaceExplorer:Strike","RobotSpaceExplorer:Strike","RobotSpaceExplorer:Strike","RobotSpaceExplorer:Defend","RobotSpaceExplorer:Defend","RobotSpaceExplorer:Defend","RobotSpaceExplorer:Defend","RobotSpaceExplorer:Scan","RobotSpaceExplorer:MiniLasers","RobotSpaceExplorer:MiniDrones","RobotSpaceExplorer:Ammunition","RobotSpaceExplorer:GlueShot","RobotSpaceExplorer:TurboDodge+1","RobotSpaceExplorer:DoubleFind","RobotSpaceExplorer:MetalStrike","RobotSpaceExplorer:TurboDodge+1","RobotSpaceExplorer:FreezeRay+1","RobotSpaceExplorer:StarDust+1","RobotSpaceExplorer:StarLightning","RobotSpaceExplorer:Jetpack","RobotSpaceExplorer:IronShell","RobotSpaceExplorer:TrailblazerForm+1","RobotSpaceExplorer:TurboDodge+1","RobotSpaceExplorer:MetalStrike+1","RobotSpaceExplorer:ScrapMissile","RobotSpaceExplorer:PowerCollector+1","Gensokyo:LittleGreenMen+1","RobotSpaceExplorer:SwiftStep+1","RobotSpaceExplorer:Fix+1","RobotSpaceExplorer:ExhaustFan+1","RobotSpaceExplorer:MiniDrones+1","Reinforced Body","RobotSpaceExplorer:Arsenal","RobotSpaceExplorer:MiniBoosters+1","RobotSpaceExplorer:ScrapToss","RobotSpaceExplorer:Counterblock+1","RobotSpaceExplorer:Reload+1","RobotSpaceExplorer:ScrapMissile+1","RobotSpaceExplorer:FranticSearch+1","RobotSpaceExplorer:Probe+1","RobotSpaceExplorer:Autoloader+1","RobotSpaceExplorer:ScrapToss","RobotSpaceExplorer:Blitz+1","Gensokyo:GreaterSplit","RobotSpaceExplorer:LaserBurst+1","RobotSpaceExplorer:DualCore+1","RobotSpaceExplorer:PlasmaMissile"],"relics":["RobotSpaceExplorer:RoboCore","Omamori","Frozen Egg 2","Prayer Wheel","Pear","Turnip","SlaversCollar","RobotSpaceExplorer:FoglandsKnife","DollysMirror","Gensokyo:ConquerorOfFear","Eternal Feather","Gensokyo:SongOfSouls","Ancient Tea Set","Dota2Spire:CrimsonGuard","Incense Burner","Dota2Spire:OctarineCore","Dota2Spire:AghanimScepter","Runic Dome","Dota2Spire:Vanguard","Centennial Puzzle","Bag of Preparation","Boot","Blue Candle","Dota2Spire:BlackKingBar"],"acts_visited":["Gensokyo:Gensokyo","Gensokyo:Gensokyoer","Gensokyo:Gensokyoest"],"potions_floor_usage":[31],"damage_taken":[{"damage":0.0,"enemies":"Gensokyo:Gryphon","floor":1.0,"turns":3.0},{"damage":0.0,"enemies":"Gensokyo:3_Fairies","floor":2.0,"turns":3.0},{"damage":1.0,"enemies":"Gensokyo:Python","floor":3.0,"turns":4.0},{"damage":23.0,"enemies":"Gensokyo:LivingMonolith","floor":5.0,"turns":5.0},{"damage":16.0,"enemies":"Gensokyo:VengefulSpirit","floor":7.0,"turns":10.0},{"damage":10.0,"enemies":"Gensokyo:Kitsune","floor":8.0,"turns":6.0},{"damage":0.0,"enemies":"Gensokyo:LivingMonolith","floor":10.0,"turns":3.0},{"damage":22.0,"enemies":"Gensokyo:Cirno","floor":11.0,"turns":7.0},{"damage":11.0,"enemies":"Gensokyo:3_Kodama","floor":12.0,"turns":4.0},{"damage":0.0,"enemies":"Gensokyo:Aya","floor":13.0,"turns":5.0},{"damage":0.0,"enemies":"Gensokyo:Kitsune","floor":14.0,"turns":4.0},{"damage":5.0,"enemies":"Gensokyo:Yukari","floor":16.0,"turns":13.0},{"damage":2.0,"enemies":"Gensokyo:Chomper","floor":18.0,"turns":6.0},{"damage":34.0,"enemies":"Gensokyo:3_Dogs","floor":19.0,"turns":9.0},{"damage":35.0,"enemies":"Gensokyo:Wraith","floor":21.0,"turns":7.0},{"damage":9.0,"enemies":"Gensokyo:Chomper_and_Gloop","floor":22.0,"turns":8.0},{"damage":0,"enemies":"Gensokyo:Reisen","floor":29,"turns":7},{"damage":4,"enemies":"Gensokyo:3_Gloops","floor":30,"turns":6},{"damage":0,"enemies":"Gensokyo:Tenshi","floor":31,"turns":3},{"damage":1,"enemies":"Gensokyo:Kaguya","floor":33,"turns":6},{"damage":9,"enemies":"Gensokyo:AncientGuardian","floor":35,"turns":3},{"damage":0,"enemies":"Gensokyo:3_Bats","floor":36,"turns":3},{"damage":0,"enemies":"Gensokyo:Dusk_and_Dawn","floor":37,"turns":4},{"damage":1,"enemies":"Gensokyo:Sharpion","floor":38,"turns":4},{"damage":5,"enemies":"Gensokyo:Marisa","floor":41,"turns":4},{"damage":0,"enemies":"Gensokyo:3_Boulders","floor":46,"turns":3},{"damage":0,"enemies":"Gensokyo:Doremy","floor":48,"turns":5},{"damage":2,"enemies":"Gensokyo:Shinki","floor":50,"turns":6}],"seed_played":"7745892446845156522","potions_obtained":[{"floor":1.0,"key":"BlessingOfTheForge"},{"floor":2.0,"key":"DistilledChaos"},{"floor":5.0,"key":"Dota2Spire:HealingSalve"},{"floor":8.0,"key":"RobotSpaceExplorer:PlasmaFlask"},{"floor":11.0,"key":"Strength Potion"},{"floor":13.0,"key":"Energy Potion"},{"floor":21.0,"key":"Fire Potion"},{"floor":22.0,"key":"Dota2Spire:HealingSalve"},{"floor":30,"key":"RobotSpaceExplorer:RecyclePotion"},{"floor":36,"key":"LiquidMemories"},{"floor":37,"key":"LiquidMemories"},{"floor":48,"key":"PowerPotion"}],"is_trial":false,"path_per_floor":["M","M","M","COS","M","R","M","M","T","M","E","M","E","M","R","B",null,"M","M","COS","M","M","R","?","?","T","$","?","E","M","E","R","B",null,"M","M","M","M","$","R","E","R","T","?","T","M","$","E","R","B",null],"character_chosen":"RobotSpaceExplorer","items_purchased":["Dota2Spire:Vanguard","RobotSpaceExplorer:DualCore+1","Blue Candle","RobotSpaceExplorer:PlasmaMissile"],"campfire_rested":2,"item_purchase_floors":[39,47,47,47],"current_hp_per_floor":[82,82,81,81,58,58,42,47,47,47,35,24,24,24,51,46,92,90,56,56,21,18,45,45,45,45,45,45,51,53,59,80,85,92,83,83,83,82,82,92,87,92,92,92,92,92,92,92,92,92],"gold":85,"neow_bonus":"TEN_PERCENT_HP_BONUS","is_daily":false,"chose_seed":false,"campfire_upgraded":5,"win_rate":0.0,"timestamp":1611153571,"path_taken":["M","M","M","COS","M","R","M","M","T","M","E","M","E","M","R","BOSS","M","M","COS","M","M","R","?","?","T","?","?","E","?","E","R","BOSS","M","?","M","M","$","R","E","R","T","?","?","M","$","E","R","BOSS"],"items_purchased_type":["Relic","Card","Relic","Card"],"build_version":"2020-12-22","purchased_purges":0,"victory":true,"max_hp_per_floor":[82,82,82,82,82,82,82,82,82,82,92,92,92,92,92,92,92,92,92,92,92,92,92,92,92,92,92,92,92,92,92,92,92,92,92,92,92,92,92,92,92,92,92,92,92,92,92,92,92,92],"card_choices":[{"not_picked":["RobotSpaceExplorer:Calculate","RobotSpaceExplorer:SelfCleaning"],"picked":"RobotSpaceExplorer:MiniDrones","floor":1.0},{"not_picked":["RobotSpaceExplorer:SurgingStrike","RobotSpaceExplorer:FranticSearch"],"picked":"RobotSpaceExplorer:Ammunition","floor":2.0},{"not_picked":["RobotSpaceExplorer:ShovelStrike","RobotSpaceExplorer:FranticSearch"],"picked":"RobotSpaceExplorer:GlueShot","floor":3.0},{"not_picked":["RobotSpaceExplorer:GlueShot","RobotSpaceExplorer:StunGrenade"],"picked":"RobotSpaceExplorer:TurboDodge","floor":5.0},{"not_picked":["RobotSpaceExplorer:Explosion","RobotSpaceExplorer:SurgingStrike"],"picked":"RobotSpaceExplorer:DoubleFind","floor":7.0},{"not_picked":["RobotSpaceExplorer:Probe","RobotSpaceExplorer:SwiftStep"],"picked":"RobotSpaceExplorer:MetalStrike","floor":8.0},{"not_picked":["RobotSpaceExplorer:Pulsar","RobotSpaceExplorer:MiniDrones"],"picked":"RobotSpaceExplorer:TurboDodge","floor":10.0},{"not_picked":["RobotSpaceExplorer:ShovelStrike","RobotSpaceExplorer:Pulsar"],"picked":"RobotSpaceExplorer:FreezeRay+1","floor":10.0},{"not_picked":["RobotSpaceExplorer:FrostMissile","RobotSpaceExplorer:SlimeMissile"],"picked":"RobotSpaceExplorer:StarDust+1","floor":11.0},{"not_picked":["RobotSpaceExplorer:ImprovisedAttack","RobotSpaceExplorer:ShovelStrike"],"picked":"RobotSpaceExplorer:StarLightning","floor":12.0},{"not_picked":["RobotSpaceExplorer:ShockKick","RobotSpaceExplorer:FreezeRay+1"],"picked":"RobotSpaceExplorer:Jetpack","floor":12.0},{"not_picked":["RobotSpaceExplorer:FranticSearch","RobotSpaceExplorer:Ammunition","RobotSpaceExplorer:GlueSpray"],"picked":"SKIP","floor":13.0},{"not_picked":["RobotSpaceExplorer:GlueShot","RobotSpaceExplorer:FrostMissile"],"picked":"RobotSpaceExplorer:Exploration","floor":14.0},{"not_picked":["RobotSpaceExplorer:FranticSearch","RobotSpaceExplorer:ScrapShield"],"picked":"RobotSpaceExplorer:IronShell","floor":14.0},{"not_picked":["RobotSpaceExplorer:Multitool+1","RobotSpaceExplorer:Exploration"],"picked":"RobotSpaceExplorer:TrailblazerForm+1","floor":16.0},{"not_picked":["RobotSpaceExplorer:ImprovisedAttack","RobotSpaceExplorer:SlimeMissile+1"],"picked":"RobotSpaceExplorer:TurboDodge","floor":18.0},{"not_picked":["RobotSpaceExplorer:FrostMissile","RobotSpaceExplorer:Electropulse+1"],"picked":"RobotSpaceExplorer:MetalStrike+1","floor":18.0},{"not_picked":["RobotSpaceExplorer:Probe","RobotSpaceExplorer:ShockKick"],"picked":"RobotSpaceExplorer:ScrapMissile","floor":19.0},{"not_picked":["RobotSpaceExplorer:SwiftStep","RobotSpaceExplorer:GearShield+1"],"picked":"RobotSpaceExplorer:PowerCollector+1","floor":19.0},{"not_picked":["RobotSpaceExplorer:StunGrenade","RobotSpaceExplorer:Counterblock"],"picked":"RobotSpaceExplorer:SwiftStep+1","floor":21.0},{"not_picked":["RobotSpaceExplorer:ShockKick","RobotSpaceExplorer:DoubleFind"],"picked":"RobotSpaceExplorer:Fix+1","floor":21.0},{"not_picked":["RobotSpaceExplorer:ShockKick","RobotSpaceExplorer:Smokescreen+1"],"picked":"RobotSpaceExplorer:ExhaustFan+1","floor":22.0},{"not_picked":["RobotSpaceExplorer:ShovelStrike","RobotSpaceExplorer:RigExplosive"],"picked":"RobotSpaceExplorer:MiniDrones+1","floor":22.0},{"not_picked":["RobotSpaceExplorer:ImprovisedAttack","RobotSpaceExplorer:Explosion"],"picked":"RobotSpaceExplorer:Arsenal","floor":29},{"not_picked":["RobotSpaceExplorer:LuckyStrike","RobotSpaceExplorer:FranticSearch+1"],"picked":"RobotSpaceExplorer:MiniBoosters+1","floor":30},{"not_picked":["RobotSpaceExplorer:ShockKick","RobotSpaceExplorer:ScrapShield"],"picked":"RobotSpaceExplorer:ScrapToss","floor":30},{"not_picked":["RobotSpaceExplorer:FranticSearch","RobotSpaceExplorer:ImprovisedAttack+1"],"picked":"RobotSpaceExplorer:Counterblock","floor":31},{"not_picked":["RobotSpaceExplorer:Blaster","RobotSpaceExplorer:ChargingLaser"],"picked":"RobotSpaceExplorer:DroneSwarm+1","floor":33},{"not_picked":["RobotSpaceExplorer:ShockKick","RobotSpaceExplorer:SwiftStep"],"picked":"RobotSpaceExplorer:Reload+1","floor":35},{"not_picked":["RobotSpaceExplorer:Ammunition+1","RobotSpaceExplorer:Calculate"],"picked":"RobotSpaceExplorer:ScrapMissile+1","floor":35},{"not_picked":["RobotSpaceExplorer:SurgingStrike","RobotSpaceExplorer:Ammunition"],"picked":"RobotSpaceExplorer:FranticSearch+1","floor":36},{"not_picked":["RobotSpaceExplorer:Ammunition","RobotSpaceExplorer:BigMissile","RobotSpaceExplorer:ImprovisedAttack"],"picked":"SKIP","floor":36},{"not_picked":["RobotSpaceExplorer:Ammunition+1","RobotSpaceExplorer:JunkDive"],"picked":"RobotSpaceExplorer:Probe+1","floor":37},{"not_picked":["RobotSpaceExplorer:Blitz","RobotSpaceExplorer:PowerCollector+1","RobotSpaceExplorer:GlueShot+1"],"picked":"SKIP","floor":37},{"not_picked":["RobotSpaceExplorer:Electroshield+1","RobotSpaceExplorer:ScrapMissile"],"picked":"RobotSpaceExplorer:Autoloader+1","floor":38},{"not_picked":["RobotSpaceExplorer:SwiftStep","RobotSpaceExplorer:ImprovisedAttack+1"],"picked":"RobotSpaceExplorer:ScrapToss","floor":38},{"not_picked":["RobotSpaceExplorer:ShovelStrike","RobotSpaceExplorer:FrostMissile+1"],"picked":"RobotSpaceExplorer:Blitz+1","floor":41},{"not_picked":["RobotSpaceExplorer:Ammunition+1","RobotSpaceExplorer:SurgingStrike+1"],"picked":"RobotSpaceExplorer:LaserBurst+1","floor":46},{"not_picked":["RobotSpaceExplorer:ImprovisedAttack+1","RobotSpaceExplorer:RigExplosive","RobotSpaceExplorer:MetalStrike"],"picked":"SKIP","floor":46},{"not_picked":["RobotSpaceExplorer:Smokescreen","RobotSpaceExplorer:GlueSpray+1","RobotSpaceExplorer:ImprovisedAttack"],"picked":"SKIP","floor":48}],"player_experience":203820,"relics_obtained":[{"floor":9.0,"key":"Prayer Wheel"},{"floor":11.0,"key":"Pear"},{"floor":13.0,"key":"Turnip"},{"floor":19.0,"key":"RobotSpaceExplorer:FoglandsKnife"},{"floor":26,"key":"Eternal Feather"},{"floor":29,"key":"Ancient Tea Set"},{"floor":29,"key":"Gensokyo:ConquerorOfFear"},{"floor":31,"key":"Dota2Spire:AghanimScepter"},{"floor":41,"key":"Centennial Puzzle"},{"floor":43,"key":"Bag of Preparation"},{"floor":45,"key":"Boot"},{"floor":48,"key":"Dota2Spire:BlackKingBar"}],"event_choices":[],"is_beta":false,"boss_relics":[{"not_picked":["Calling Bell","Busted Crown"],"picked":"SlaversCollar"},{"not_picked":["SacredBark","Astrolabe"],"picked":"Runic Dome"}],"items_purged_floors":[],"is_endless":false,"potions_floor_spawned":[1,2,5,8,11,13,21,22,30,36,37,48],"ascension_level":0}}