{"host":"pf9sh7nh6rpu9sau","time":1611118903,"event":{"mods":["2.2 Compatiblity","BaseMod","BetterRewards","Clockwork Mod","Downfall","Hermit","Mad Scientist","Minty Spire (QoL Compilation)","Permanent Neow","Quick Restart","Somnambulant","StSLib","The Clintock","The Cursed","The Disciple","The Hierophant","The Necromancer","The Runesmith"],"gold_per_floor":[99,111,211,226,244,244,268,280,311,329,360,380,406,406,425,425,425,425],"floor_reached":16,"language":"ENG","playtime":1026,"items_purged":[],"score":124,"play_id":"142e1fb4-79b6-4a06-b238-8c071cae5c9b","local_time":"20210120000143","is_ascension_mode":false,"campfire_choices":[{"data":"champ:Execute","floor":1,"key":"SMITH"}],"circlet_count":0,"master_deck":["champ:Strike","champ:Strike","champ:Defend","champ:Defend+1","champ:Defend","champ:Defend","champ:Execute+1","champ:Taunt","champ:FocusedDefense","champ:DefensiveShout","champ:SwordSigil+1","champ:Circumvent","champ:FlashCut","champ:SetATrap","champ:EnchantCrown","champ:ArenaPreparation","champ:TornadoPunch"],"relics":["Empty Cage","Art of War","Juzu Bracelet","War Paint","Letter Opener"],"acts_visited":["Exordium"],"potions_floor_usage":[9,13,13],"damage_taken":[{"damage":10,"enemies":"Small Slimes","floor":2,"turns":3},{"damage":20,"enemies":"Cultist","floor":4,"turns":4},{"damage":10,"enemies":"2 Louse","floor":5,"turns":2},{"damage":27,"enemies":"Exordium Wildlife","floor":8,"turns":4},{"damage":31,"enemies":"3 Sentries","floor":9,"turns":6},{"damage":10,"enemies":"2 Fungi Beasts","floor":10,"turns":3},{"damage":11,"enemies":"Lagavulin","floor":11,"turns":7},{"damage":20,"enemies":"Exordium Thugs","floor":12,"turns":4},{"damage":30,"enemies":"3 Sentries","floor":13,"turns":5},{"damage":14,"enemies":"3 Louse","floor":15,"turns":2},{"damage":57,"enemies":"DF_ARCHETYPE_STREAMLINE","floor":16,"turns":6}],"seed_played":"2816570505576913163","potions_obtained":[{"floor":2,"key":"hexamod:SoulburnPotion"},{"floor":10,"key":"Swift Potion"},{"floor":11,"key":"DistilledChaos"},{"floor":13,"key":"sneckomod:MuddlingPotion"}],"is_trial":false,"path_per_floor":["R","M","?","M","M","?","T","M","E","M","E","M","E","T","M","B"],"character_chosen":"THE_CHAMP","items_purchased":[],"campfire_rested":0,"item_purchase_floors":[],"current_hp_per_floor":[90,90,90,85,85,90,90,88,77,77,76,76,66,66,57,0,0,0],"gold":425,"neow_bonus":"BOSS_RELIC","is_daily":false,"chose_seed":false,"campfire_upgraded":1,"win_rate":0.0,"timestamp":1611118903,"path_taken":["R","M","?","?","M","?","T","M","E","M","E","M","E","?","M","BOSS"],"items_purchased_type":[],"build_version":"2020-12-22","purchased_purges":0,"victory":false,"max_hp_per_floor":[90,90,90,90,90,95,95,95,95,95,95,95,95,95,95,95,95,95],"card_choices":[{"not_picked":["champ:CrookedStrike","champ:BerserkersShout"],"picked":"champ:FocusedDefense","floor":2},{"not_picked":["champ:FanOfKnives","champ:ShieldSigil"],"picked":"champ:DefensiveShout","floor":4},{"not_picked":["champ:Backstep","champ:ShieldSigil"],"picked":"champ:SwordSigil","floor":5},{"not_picked":["champ:PreciseThrust","champ:AdrenalArmor"],"picked":"champ:Circumvent","floor":8},{"not_picked":["champ:EnchantSword","champ:FaceSlap"],"picked":"champ:FlashCut","floor":9},{"not_picked":["champ:PreemptiveStrike","champ:Backstep"],"picked":"champ:SetATrap","floor":10},{"not_picked":["champ:Haymaker","champ:RisingSlash"],"picked":"champ:EnchantCrown","floor":11},{"not_picked":["champ:FanOfKnives","champ:CrookedStrike"],"picked":"champ:ArenaPreparation","floor":12},{"not_picked":["champ:AdrenalArmor","champ:DefensiveShout","champ:DancingMaster"],"picked":"SKIP","floor":13},{"not_picked":["champ:IronFortress","champ:AdrenalArmor"],"picked":"champ:TornadoPunch","floor":15}],"player_experience":802071,"relics_obtained":[{"floor":7,"key":"Art of War"},{"floor":9,"key":"Juzu Bracelet"},{"floor":11,"key":"War Paint"},{"floor":13,"key":"Letter Opener"}],"event_choices":[{"damage_healed":0,"gold_gain":0,"player_choice":"Donut","damage_taken":0,"max_hp_gain":5,"max_hp_loss":0,"event_name":"Big Fish","floor":6,"gold_loss":0}],"is_beta":false,"boss_relics":[],"items_purged_floors":[],"is_endless":false,"potions_floor_spawned":[2,10,11,13],"killed_by":"DF_ARCHETYPE_STREAMLINE","ascension_level":0}}