{"host":"bxdue9bkfm2khp2x","time":1611134133,"event":{"mods":["ATMod(阿瑾Mod)","Arknights The Spire","Aspiration","BaseMod","Better Vampires","Challenge The Spire","Colored Map","Colored Powertips","Conspire","Decade(王小明)","Dota2Spire","Highlight Path","Minty Spire (QoL Compilation)","MostiFishMod","Remilia（蕾米莉亚）","Replay The Spire","RumiaBox-露米娅的神秘盒子","Ryuuou龙王","Spicy Shops","StSLib","Td1madao Mod","The Alterego","The Bug Knight","The Cursed","The Servant 0.9.4","WarShipGirlsR/战舰少女R mod","noobMod","vexMod","【功能Mod】混沌之环修复补丁","【遗物卡牌】REMEMod","篝火指南"],"gold_per_floor":[120,139,157,169,181,181,191,191,191,191,191,16,41,59,59,136,136,156,81,81,81],"floor_reached":20,"language":"ZHS","playtime":2979,"items_purged":["alterego_mod:Strike","alterego_mod:Impale"],"score":336,"play_id":"5a684882-9295-4ef0-9d1e-a323e81b0455","local_time":"20210120171533","is_ascension_mode":true,"campfire_choices":[{"data":"alterego_mod:Nekomimi","floor":6.0,"key":"SMITH"},{"data":"alterego_mod:BrynhildrsRune","floor":8.0,"key":"SMITH"},{"data":"AT_ManFootWork","floor":11.0,"key":"SMITH"},{"data":"MostiFishMod:StarWish","floor":15.0,"key":"SMITH"}],"circlet_count":0,"master_deck":["AscendersBane","alterego_mod:Strike","alterego_mod:Strike","alterego_mod:Strike","alterego_mod:Defend","alterego_mod:Defend","alterego_mod:Defend","alterego_mod:BrynhildrsRune+1","MostiFishMod:StarWish+1","AT_ManFootWork+1","alterego_mod:Nekomimi+1","alterego_mod:Palingenesis"],"relics":["alterego_mod:MasochisticConstitution","DaveBox","REME_ComplimentaryCards","ice","AT_ATBox","SentryEyes","NeowsBlessing","SynthV:TestCard","conspire:DeflatedDodgeball","JellyFishMachine"],"acts_visited":["Exordium","TheCity"],"potions_floor_usage":[18],"damage_taken":[{"damage":0.0,"enemies":"2 Louse","floor":1.0,"turns":1.0},{"damage":0.0,"enemies":"Jaw Worm","floor":2.0,"turns":1.0},{"damage":0.0,"enemies":"Small Slimes","floor":3.0,"turns":1.0},{"damage":0.0,"enemies":"3 Louse","floor":4.0,"turns":1.0},{"damage":7.0,"enemies":"2 Fungi Beasts","floor":5.0,"turns":2.0},{"damage":8.0,"enemies":"Exordium Thugs","floor":7.0,"turns":3.0},{"damage":0.0,"enemies":"Large Slime","floor":13.0,"turns":3.0},{"damage":0.0,"enemies":"3 Louse","floor":14.0,"turns":2.0},{"damage":17.0,"enemies":"Fading Forest","floor":16.0,"turns":13.0},{"damage":0,"enemies":"2 Thieves","floor":18,"turns":3}],"seed_played":"-8777666248868204414","potions_obtained":[{"floor":1.0,"key":"SpeedPotion"},{"floor":4.0,"key":"DuplicationPotion"},{"floor":13.0,"key":"Dota2Spire:HealingSalve"},{"floor":16.0,"key":"Milkshake"}],"is_trial":false,"path_per_floor":["M","M","M","M","M","R","M","R","T","?","R","$","M","M","R","B",null,"M","?","?"],"character_chosen":"The_Alterego","items_purchased":[],"campfire_rested":0,"item_purchase_floors":[],"current_hp_per_floor":[59,59,59,59,53,53,60,60,60,60,60,60,60,60,60,58,66,68,68,47,47],"gold":81,"neow_bonus":"THREE_ENEMY_KILL","is_daily":false,"chose_seed":false,"campfire_upgraded":4,"win_rate":0.0,"timestamp":1611134133,"path_taken":["M","M","M","M","M","R","M","R","T","?","R","$","M","M","R","BOSS","M","?","?"],"items_purchased_type":[],"build_version":"2020-12-22","purchased_purges":2,"victory":false,"max_hp_per_floor":[65,65,65,65,66,66,67,67,67,67,67,67,67,67,67,68,68,68,68,68,68],"card_choices":[{"not_picked":["alterego_mod:Rip","alterego_mod:Swimsuit","alterego_mod:DestructionOfProperty"],"picked":"SKIP","floor":1.0},{"not_picked":["alterego_mod:BustOut","alterego_mod:Bunnysuit","alterego_mod:GoddessCore","alterego_mod:Exercise"],"picked":"alterego_mod:Nekomimi","floor":2.0},{"not_picked":["alterego_mod:Complex","alterego_mod:BusterCard","alterego_mod:GoddessCore","alterego_mod:HighServant","alterego_mod:Undulate"],"picked":"SKIP","floor":3.0},{"not_picked":["alterego_mod:PainIsPleasure","alterego_mod:SuperDuperMasochism","alterego_mod:Punishment","alterego_mod:Belts","alterego_mod:SakuraLabyrinth"],"picked":"SKIP","floor":4.0},{"not_picked":["alterego_mod:Cooking","alterego_mod:Nekomimi","alterego_mod:Punishment","alterego_mod:TrashNCrash","alterego_mod:Skirt"],"picked":"SKIP","floor":5.0},{"not_picked":["alterego_mod:Punishment","alterego_mod:Cycle","alterego_mod:BusterCard","alterego_mod:Undulate","alterego_mod:Maid"],"picked":"SKIP","floor":7.0},{"not_picked":["alterego_mod:DestructionOfProperty","alterego_mod:DustData","alterego_mod:1TonWallop","alterego_mod:Bounce","alterego_mod:Punishment"],"picked":"SKIP","floor":13.0},{"not_picked":["alterego_mod:SakuraFive","alterego_mod:Skirt","alterego_mod:Undulate","alterego_mod:Bounce","alterego_mod:Exercise"],"picked":"SKIP","floor":14.0},{"not_picked":["alterego_mod:BrynhildrRomantia","alterego_mod:Tantrum","alterego_mod:Antipathy","alterego_mod:Lift"],"picked":"alterego_mod:Palingenesis","floor":16.0},{"not_picked":["alterego_mod:1TonWallop","alterego_mod:SakuraPetals","alterego_mod:BiFurious+1","alterego_mod:Bloomers","alterego_mod:Clap"],"picked":"SKIP","floor":18}],"player_experience":1297400,"relics_obtained":[{"floor":1.0,"key":"SynthV:TestCard"},{"floor":9.0,"key":"conspire:DeflatedDodgeball"}],"event_choices":[{"cards_removed":["alterego_mod:BigMeatyClaws"],"damage_healed":0,"gold_gain":0,"player_choice":"Gave Gold","damage_taken":0,"max_hp_gain":0,"max_hp_loss":0,"event_name":"Beggar","floor":19,"gold_loss":75},{"damage_healed":0,"gold_gain":0,"player_choice":"Obtained Book","damage_taken":21,"max_hp_gain":0,"max_hp_loss":0,"event_name":"Cursed Tome","floor":20,"gold_loss":0}],"is_beta":false,"boss_relics":[{"not_picked":["REME_LowDesire","Astrolabe"],"picked":"JellyFishMachine"}],"items_purged_floors":[12,12],"is_endless":false,"potions_floor_spawned":[1,4,5,13,16],"ascension_level":20}}