{"host":"k2x36244ucab5lxq","time":1611176009,"event":{"mods":["2.2 Compatiblity","AchievementEnabler","Act Like it!","Aspiration","BaseMod","Beaked The Cultist","Better Altar","Better Match","Better Note","Better Sensory Stone","Better Skull","Better Third Choice","Better Vampires","BetterRewards","Block Reminder","CatGirl Mod","Clockwork Mod","Colored Map","Conspire","Curses Come First","Downfall","Energized Spire","Gensokyo","GungeonMod","Halation","Hermit","Hubris","Infinite Spire","Jedi Mod","JesterMod","Jorbs\u0027s Wanderer Trilogy","Marisa????????","Marked Mod","Mimic Mod","Minty Spire (QoL Compilation)","Pale of the Ancients","Random Character Button","Rare Cards Sparkle","Relic Sorter","Relic Stats","SCP261 Mod","Shop Mod","StSLib","The Administrix","The Alterego","The Blackbeard","The Bladedancer","The Construct","The Cursed","The Disciple","The Problem Sleuth","The Sage","The Servant 0.9.4","The Showman","Transform Curses","Unceasing Turn Reminder","egg","everything is the same but u backflip on backflip","slay the spire mod where everything is the same but ironclad has a cowboy hat","thorton"],"gold_per_floor":[99,99,99,99,99,111,144,176,76,96,115,141,156,101,118,213,213,113,127,142,142,156,156,208,242,242,242,242,242],"floor_reached":27,"language":"ENG","playtime":1278,"items_purged":[],"score":269,"play_id":"37103ca3-cbdc-4c0a-a1a5-b9bc3a557ba2","local_time":"20210120155329","is_ascension_mode":true,"campfire_choices":[{"floor":1,"key":"RECALL"},{"data":"bronze:Flail","floor":9,"key":"SMITH"},{"data":"bronze:InfiniteBeams","floor":18,"key":"SMITH"}],"circlet_count":0,"master_deck":["bronze:Strike","bronze:Strike","bronze:Strike+1","bronze:Strike+1","bronze:Defend","bronze:Defend","bronze:Defend","bronze:Defend","bronze:Replicate+1","bronze:Goto","bronze:Repair","bronze:WhirlingStrike","bronze:Constructor","bronze:Flail+1","bronze:DelayedSlice","bronze:DelayedSlice","bronze:Separator","bronze:RecursiveStrike","bronze:FollowUp","bronze:CutThrough","bronze:InfiniteBeams+1","bronze:Return","bronze:Branch","bronze:GetLatest"],"relics":["bronze:BronzeCore","downfall:HeartsMalice","Whetstone","downfall:HeartBlessingRed","infinitespire:Golems Mask","energizedSpire:MagnifyingGlass","downfall:HeartBlessingBlue","aspiration:RitualStick","halation:EternalFortune","Nunchaku","sagemod:Singing_Vial"],"acts_visited":["Exordium","TheCity"],"potions_floor_usage":[12,14,25,25,27],"damage_taken":[{"damage":0,"enemies":"conspire:RoseBush","floor":2,"turns":1},{"damage":0,"enemies":"Cultist","floor":3,"turns":1},{"damage":0,"enemies":"Jaw Worm","floor":5,"turns":1},{"damage":10,"enemies":"2 Fungi Beasts","floor":6,"turns":3},{"damage":0,"enemies":"Gremlin Gang","floor":7,"turns":8},{"damage":0,"enemies":"Gremlin Gang","floor":8,"turns":7},{"damage":0,"enemies":"Gremlin Gang","floor":10,"turns":3},{"damage":0,"enemies":"Blue Slaver","floor":11,"turns":3},{"damage":0,"enemies":"Lagavulin","floor":12,"turns":4},{"damage":0,"enemies":"Exordium Wildlife","floor":13,"turns":2},{"damage":0,"enemies":"downfall:FleeingMerchant","floor":14,"turns":4},{"damage":5,"enemies":"2 Fungi Beasts","floor":15,"turns":2},{"damage":30,"enemies":"WA_ARCHETYPE_RETAIN","floor":16,"turns":5},{"damage":0,"enemies":"Shell Parasite","floor":19,"turns":3},{"damage":0,"enemies":"Spheric Guardian","floor":20,"turns":2},{"damage":23,"enemies":"Snecko","floor":22,"turns":4},{"damage":43,"enemies":"Nightmare","floor":25,"turns":9},{"damage":14,"enemies":"Centurion and Healer","floor":27,"turns":1}],"seed_played":"2900633632649407549","potions_obtained":[{"floor":6,"key":"BlessingOfTheForge"},{"floor":11,"key":"jedi:StrikingPotion"},{"floor":12,"key":"Slimebound:ThreeZeroPotion"},{"floor":15,"key":"Explosive Potion"},{"floor":16,"key":"Weak Potion"},{"floor":22,"key":"SCP261:DietGhostPotion"}],"is_trial":false,"path_per_floor":["R","M","M","?","M","M","MIM","MIM","R","M","M","E","M","$","M","B",null,"R","M","M","?","M","?","T","NM","?","M"],"character_chosen":"THE_AUTOMATON","items_purchased":["bronze:InfiniteBeams"],"campfire_rested":0,"item_purchase_floors":[14],"current_hp_per_floor":[70,70,70,70,70,67,70,70,70,70,70,70,70,70,65,40,70,80,80,80,64,41,44,44,8,8,0,0,0],"gold":242,"neow_bonus":"THREE_ENEMY_KILL","is_daily":false,"chose_seed":false,"campfire_upgraded":2,"win_rate":0.0,"timestamp":1611176009,"path_taken":["R","M","M","?","?","M","MIM","?","R","M","M","E","M","$","M","BOSS","R","M","?","?","?","?","T","NM","?","M"],"items_purchased_type":["Card"],"build_version":"2020-12-22","purchased_purges":0,"victory":false,"max_hp_per_floor":[70,70,70,70,70,70,70,70,70,70,70,70,70,70,70,70,70,80,80,80,80,80,83,83,83,83,83,83,83],"relic_stats":{"Nunchaku":[3],"counters":[18,60],"Whetstone":["bronze:Strike","bronze:Strike"],"obtain_stats":[{"Nunchaku":24,"bronze:BronzeCore":0,"downfall:HeartBlessingRed":9,"downfall:HeartBlessingBlue":18,"halation:EternalFortune":23,"downfall:HeartsMalice":0,"infinitespire:Golems Mask":12,"sagemod:Singing_Vial":25,"DemoMod:GlassGuonStoneRelic":7,"energizedSpire:MagnifyingGlass":17,"Whetstone":8,"aspiration:RitualStick":21},{"Nunchaku":16,"bronze:BronzeCore":0,"downfall:HeartBlessingRed":6,"downfall:HeartBlessingBlue":13,"halation:EternalFortune":16,"downfall:HeartsMalice":0,"infinitespire:Golems Mask":9,"sagemod:Singing_Vial":17,"DemoMod:GlassGuonStoneRelic":5,"energizedSpire:MagnifyingGlass":13,"Whetstone":6,"aspiration:RitualStick":15},{"Nunchaku":50,"bronze:BronzeCore":0,"downfall:HeartBlessingRed":18,"downfall:HeartBlessingBlue":41,"halation:EternalFortune":50,"downfall:HeartsMalice":0,"infinitespire:Golems Mask":28,"sagemod:Singing_Vial":59,"DemoMod:GlassGuonStoneRelic":11,"energizedSpire:MagnifyingGlass":41,"Whetstone":18,"aspiration:RitualStick":46}],"aspiration:RitualStick":[0]},"card_choices":[{"not_picked":["bronze:Backtrace","bronze:Philosophize"],"picked":"bronze:Repair","floor":2},{"not_picked":["bronze:Deprecate","bronze:CutThrough"],"picked":"bronze:WhirlingStrike","floor":3},{"not_picked":["bronze:Iterate","bronze:Invalidate"],"picked":"bronze:Constructor","floor":5},{"not_picked":["bronze:Overheat","bronze:Shield"],"picked":"bronze:Flail","floor":6},{"not_picked":["bronze:Invalidate","bronze:Turbo"],"picked":"bronze:DelayedSlice","floor":7},{"not_picked":["bronze:Invalidate","bronze:Iterate"],"picked":"bronze:DelayedSlice","floor":8},{"not_picked":["bronze:WildBeam","bronze:BugBarrage","bronze:Shield"],"picked":"SKIP","floor":10},{"not_picked":["bronze:CutThrough","bronze:WildBeam"],"picked":"bronze:Separator","floor":11},{"not_picked":["bronze:CloningBeam","bronze:BitShift"],"picked":"bronze:RecursiveStrike","floor":12},{"not_picked":["bronze:WhirlingStrike","bronze:Frontload"],"picked":"bronze:FollowUp","floor":13},{"not_picked":["bronze:Repair","bronze:Shield"],"picked":"bronze:CutThrough","floor":14},{"not_picked":["bronze:RecursiveStrike","bronze:OilSpill"],"picked":"bronze:Return","floor":15},{"not_picked":["bronze:Frontload","bronze:Overload"],"picked":"bronze:Branch","floor":19},{"not_picked":["bronze:Shield","bronze:Iterate"],"picked":"bronze:GetLatest","floor":20},{"not_picked":["bronze:Allocate","bronze:FineTuning","bronze:BronzeOrb"],"picked":"SKIP","floor":22},{"not_picked":["bronze:DelayedGuard","bronze:CloningBeam","bronze:Mutator"],"picked":"Singing Bowl","floor":25}],"player_experience":584286,"relics_obtained":[{"floor":8,"key":"Whetstone"},{"floor":12,"key":"infinitespire:Golems Mask"},{"floor":24,"key":"Nunchaku"},{"floor":25,"key":"sagemod:Singing_Vial"}],"event_choices":[{"damage_healed":0,"gold_gain":0,"player_choice":"Ignored","damage_taken":0,"max_hp_gain":0,"max_hp_loss":0,"event_name":"blackbeard:ShipwreckEvent","floor":26,"gold_loss":0}],"is_beta":false,"boss_relics":[{"not_picked":["energizedSpire:SpiderWeb","hubris:HollowSoul"],"picked":"energizedSpire:MagnifyingGlass"}],"items_purged_floors":[],"is_endless":false,"potions_floor_spawned":[6,11,12,15,16,19,22],"killed_by":"Centurion and Healer","ascension_level":1}}