{"host":"7sryglll1si3bc7f","time":1611138224,"event":{"mods":["AchievementEnabler","BaseMod","Card Forge","Colored Map","Colored Powertips","Custom Start","Downfall","Friendly Minions","Hermit","Mimic Mod","Minty Spire (QoL Compilation)","Quick Restart","StSLib","The Construct","The Hierophant"],"gold_per_floor":[116,116,116,133,133,133,161,161,161,161,161,194,194,194,194,296,296,312,312,323,323,323,323,323,323],"floor_reached":23,"language":"ENG","playtime":997,"items_purged":[],"score":316,"play_id":"823e26ac-8a35-4387-9baf-b7fadd4b1609","local_time":"20210120122344","daily_mods":["Draft","Heirloom"],"is_ascension_mode":true,"campfire_choices":[{"floor":6,"key":"REST"},{"floor":8,"key":"REST"},{"data":"bronze:Verify","floor":10,"key":"SMITH"},{"data":"bronze:ForLoop","floor":15,"key":"SMITH"}],"circlet_count":0,"master_deck":["bronze:ForLoop+1","bronze:Backtrace","bronze:DelayedGuard","bronze:FineTuning","bronze:DelayedSlice+1","bronze:Iterate","bronze:DelayedSlice","bronze:WhirlingStrike","bronze:Branch","bronze:Branch","bronze:DelayedGuard","bronze:Backtrace","bronze:CloningBeam","bronze:Return","bronze:OilSpill","bronze:Optimize","bronze:FineTuning+1","bronze:Verify+1","bronze:CleanCode","bronze:CutThrough","bronze:CloningBeam"],"relics":["bronze:PlatinumCore","Hammer of Thor","Seething Fire","Anvil of the Gods","Prayer Wheel","bronze:BottledCode","Blue Candle","sneckomod:BlankCard","Juzu Bracelet"],"acts_visited":["Exordium","TheCity"],"potions_floor_usage":[16,23],"damage_taken":[{"damage":2,"enemies":"Small Slimes","floor":1,"turns":2},{"damage":0,"enemies":"Cultist","floor":4,"turns":2},{"damage":12,"enemies":"Lagavulin","floor":7,"turns":3},{"damage":0,"enemies":"Gremlin Nob","floor":12,"turns":3},{"damage":40,"enemies":"Slime Boss","floor":16,"turns":8},{"damage":6,"enemies":"3 Byrds","floor":18,"turns":3},{"damage":12,"enemies":"Chosen","floor":20,"turns":2},{"damage":38,"enemies":"Book of Stabbing","floor":23,"turns":2}],"seed_played":"6953277258343886753","potions_obtained":[{"floor":4,"key":"Fire Potion"},{"floor":20,"key":"Fruit Juice"}],"is_trial":true,"path_per_floor":["M","?","?","M","?","R","E","R","T","R","?","E","?","$","R","B",null,"M","$","M","$","?","E"],"character_chosen":"THE_AUTOMATON","items_purchased":[],"campfire_rested":2,"item_purchase_floors":[],"current_hp_per_floor":[61,47,47,47,47,60,48,60,60,60,60,60,60,60,60,20,50,44,44,32,32,32,0,0,0],"gold":323,"neow_bonus":"","is_daily":false,"chose_seed":false,"campfire_upgraded":2,"win_rate":0.0,"timestamp":1611138224,"path_taken":["M","?","?","?","?","R","E","R","T","R","?","E","?","?","R","BOSS","M","$","M","$","?","E"],"items_purchased_type":[],"build_version":"2020-12-22","purchased_purges":0,"victory":false,"max_hp_per_floor":[70,70,70,70,60,60,60,60,60,60,60,60,60,60,60,60,60,60,60,60,60,60,65,65,65],"card_choices":[{"not_picked":["bronze:CutThrough","bronze:BronzeOrb"],"picked":"bronze:ForLoop","floor":0},{"not_picked":["bronze:BitShift","bronze:Turbo"],"picked":"bronze:Backtrace","floor":0},{"not_picked":["bronze:MaxOutput","bronze:Frontload"],"picked":"bronze:DelayedGuard","floor":0},{"not_picked":["bronze:Deprecate","bronze:Frontload"],"picked":"bronze:FineTuning","floor":0},{"not_picked":["bronze:DelayedGuard","bronze:BugBarrage"],"picked":"bronze:DelayedSlice","floor":0},{"not_picked":["bronze:Shield","bronze:DelayedGuard"],"picked":"bronze:Iterate","floor":0},{"not_picked":["bronze:Allocate","bronze:DigitalCarnage"],"picked":"bronze:DelayedSlice","floor":0},{"not_picked":["bronze:DelayedSlice","bronze:Shield"],"picked":"bronze:WhirlingStrike","floor":0},{"not_picked":["bronze:Deprecate","bronze:Shield"],"picked":"bronze:Branch","floor":0},{"not_picked":["bronze:Frontload","bronze:BitShift"],"picked":"bronze:Branch","floor":0},{"not_picked":["bronze:GetLatest","bronze:FollowUp"],"picked":"bronze:DelayedGuard","floor":0},{"not_picked":["bronze:ForceShield","bronze:Deprecate"],"picked":"bronze:Backtrace","floor":0},{"not_picked":["bronze:ForLoop","bronze:Iterate"],"picked":"bronze:CloningBeam","floor":0},{"not_picked":["bronze:BitShift","bronze:NullPointer"],"picked":"bronze:Return","floor":0},{"not_picked":["bronze:Branch","bronze:Invalidate"],"picked":"bronze:OilSpill","floor":0},{"not_picked":["bronze:BugBarrage","bronze:FineTuning"],"picked":"bronze:Optimize","floor":1},{"not_picked":["bronze:ForceShield","bronze:CutThrough"],"picked":"bronze:FineTuning","floor":1},{"not_picked":["bronze:Frontload","bronze:BuggyMess"],"picked":"bronze:DelayedSlice","floor":4},{"not_picked":["bronze:Safeguard","bronze:MaxOutput","bronze:ChildClass"],"picked":"SKIP","floor":4},{"not_picked":["bronze:OilSpill","bronze:Deprecate"],"picked":"bronze:Verify","floor":7},{"not_picked":["bronze:WildBeam","bronze:BitShift","bronze:Return"],"picked":"SKIP","floor":12},{"not_picked":["bronze:FindAndReplace","bronze:Verify"],"picked":"bronze:CleanCode","floor":16},{"not_picked":["bronze:Invalidate","bronze:BitShift"],"picked":"bronze:CutThrough","floor":18},{"not_picked":["bronze:Optimize+1","bronze:Repulsor+1","bronze:MaxOutput"],"picked":"SKIP","floor":18},{"not_picked":["bronze:Backtrace","bronze:FineTuning","bronze:DigitalCarnage"],"picked":"SKIP","floor":20},{"not_picked":["bronze:OilSpill","bronze:BronzeOrb","bronze:DelayedSlice"],"picked":"SKIP","floor":20}],"player_experience":603525,"relics_obtained":[{"floor":7,"key":"Blue Candle"},{"floor":9,"key":"sneckomod:BlankCard"},{"floor":12,"key":"Juzu Bracelet"}],"event_choices":[{"damage_healed":0,"gold_gain":0,"player_choice":"Entered Light","damage_taken":14,"max_hp_gain":0,"max_hp_loss":0,"event_name":"Shining Light","floor":2,"gold_loss":0,"cards_upgraded":["bronze:FineTuning","bronze:DelayedSlice"]},{"damage_healed":0,"gold_gain":0,"player_choice":"Ignored","damage_taken":0,"max_hp_gain":0,"max_hp_loss":0,"event_name":"Transmorgrifier","floor":3,"gold_loss":0},{"cards_removed":["bronze:DelayedSlice"],"damage_healed":5,"gold_gain":0,"player_choice":"Offered Common","damage_taken":0,"max_hp_gain":0,"max_hp_loss":0,"event_name":"Bonfire Elementals","floor":11,"gold_loss":0},{"cards_removed":["bronze:DelayedSlice"],"damage_healed":5,"gold_gain":0,"player_choice":"Offered Special","damage_taken":0,"max_hp_gain":0,"max_hp_loss":0,"event_name":"Bonfire Elementals","floor":11,"gold_loss":0},{"damage_healed":0,"gold_gain":0,"player_choice":"Leave","damage_taken":0,"max_hp_gain":0,"max_hp_loss":0,"event_name":"The Cleric","floor":13,"gold_loss":0},{"damage_healed":0,"gold_gain":0,"player_choice":"Copied","damage_taken":0,"max_hp_gain":0,"max_hp_loss":0,"event_name":"Duplicator","floor":22,"gold_loss":0,"cards_obtained":["bronze:CloningBeam"]}],"is_beta":false,"boss_relics":[{"not_picked":["bronze:MakeshiftBattery","Runic Pyramid"],"picked":"bronze:PlatinumCore"}],"items_purged_floors":[],"is_endless":true,"potions_floor_spawned":[4,20],"killed_by":"Book of Stabbing","ascension_level":9}}