{"host":"zzf13dk0jcen0ncv","time":1611136497,"event":{"mods":["AchievementEnabler","BaseMod","BetterRewards","Colored Map","Keyboard Shortcuts","Minty Spire (QoL Compilation)","Quick Restart","Shop Mod","StSLib","SuperFastMode","Waifu the Spire"],"gold_per_floor":[118,139,148,170,189,189,233,272,296,323,323,9,45,54,54,137,137,165,196,14,46,46,71,71,102,102,102,133,133,152,182,182,264,264,287,45,45,25,25,53,81,16,16,43,43,84,10,38,38,38,38,38,38,11,54,54],"floor_reached":57,"language":"KOR","playtime":1752,"items_purged":["Strike_R"],"score":3665,"play_id":"d2333f41-a72d-4b5e-ab0e-660ff19f00d6","local_time":"20210120185457","is_ascension_mode":true,"campfire_choices":[{"floor":6,"key":"DIG"},{"floor":11,"key":"DIG"},{"floor":15,"key":"DIG"},{"floor":24,"key":"DIG"},{"floor":27,"key":"DIG"},{"floor":29,"key":"DIG"},{"floor":32,"key":"DIG"},{"floor":45,"key":"RECALL"},{"floor":49,"key":"DIG"},{"floor":53,"key":"DIG"}],"circlet_count":0,"master_deck":["AscendersBane","Strike_R","Strike_R","Strike_R","Defend_R","Defend_R","Defend_R","Defend_R","Bash","Inflame","Limit Break","Dual Wield","Metallicize","Heavy Blade","Evolve","Shrug It Off","Cleave","Fire Breathing+1","Twin Strike","Pommel Strike","Corruption+1","Thunderclap","Metallicize+1","Berserk+1","Flex","Immolate","Bludgeon","Inflame+1","Sentinel","Shockwave","Sentinel","Uppercut","Exhume","Inflame+1","Feel No Pain+1","Whirlwind","Uppercut","Metallicize+1","Barricade+1","Inflame+1","Demon Form+1","Warcry","Power Through","Offering","Warcry+1","Offering","Dark Embrace+1","Reaper","Flex","Armaments","Second Wind"],"relics":["Burning Blood","CeramicFish","Dream Catcher","ClockworkSouvenir","HandDrill","CaptainsWheel","Vajra","Shovel","Toolbox","HornCleat","Chemical X","Mango","Pantograph","Frozen Egg 2","Pocketwatch","Kunai","PreservedInsect","Nunchaku","Omamori","Bag of Preparation","Medical Kit","Paper Frog","Blood Vial","Calling Bell","Smiling Mask","Darkstone Periapt","Prayer Wheel","Membership Card","Turnip","Orichalcum","Singing Bowl","White Beast Statue","Incense Burner","Art of War","Du-Vu Doll","Runic Pyramid","Calipers","The Courier","Blue Candle","Bronze Scales","Peace Pipe","Oddly Smooth Stone","Bottled Flame","Pen Nib"],"acts_visited":["Exordium","TheCity","TheBeyond","TheEnding"],"potions_floor_usage":[56],"damage_taken":[{"damage":0,"enemies":"Small Slimes","floor":1,"turns":3},{"damage":0,"enemies":"2 Louse","floor":2,"turns":2},{"damage":0,"enemies":"Cultist","floor":4,"turns":3},{"damage":14,"enemies":"Large Slime","floor":5,"turns":5},{"damage":0,"enemies":"Lagavulin","floor":7,"turns":5},{"damage":10,"enemies":"Gremlin Gang","floor":8,"turns":3},{"damage":0,"enemies":"Gremlin Nob","floor":10,"turns":4},{"damage":0,"enemies":"Lagavulin","floor":13,"turns":4},{"damage":31,"enemies":"Hexaghost","floor":16,"turns":7},{"damage":0,"enemies":"Spheric Guardian","floor":18,"turns":5},{"damage":8,"enemies":"Chosen","floor":19,"turns":5},{"damage":0,"enemies":"Snake Plant","floor":21,"turns":3},{"damage":7,"enemies":"Book of Stabbing","floor":23,"turns":4},{"damage":11,"enemies":"Gremlin Leader","floor":25,"turns":4},{"damage":13,"enemies":"Centurion and Healer","floor":28,"turns":3},{"damage":4,"enemies":"Cultist and Chosen","floor":30,"turns":5},{"damage":3,"enemies":"3 Cultists","floor":31,"turns":3},{"damage":32,"enemies":"Collector","floor":33,"turns":7},{"damage":26,"enemies":"3 Darklings","floor":35,"turns":4},{"damage":10,"enemies":"Nemesis","floor":40,"turns":5},{"damage":4,"enemies":"Orb Walker","floor":41,"turns":3},{"damage":2,"enemies":"Writhing Mass","floor":44,"turns":4},{"damage":28,"enemies":"Giant Head","floor":46,"turns":6},{"damage":9,"enemies":"Jaw Worm Horde","floor":48,"turns":4},{"damage":57,"enemies":"Time Eater","floor":50,"turns":8},{"damage":63,"enemies":"Donu and Deca","floor":51,"turns":7},{"damage":46,"enemies":"Shield and Spear","floor":55,"turns":4},{"damage":80,"enemies":"The Heart","floor":56,"turns":10}],"seed_played":"-206944262590471302","potions_obtained":[{"floor":1,"key":"ElixirPotion"},{"floor":4,"key":"GamblersBrew"},{"floor":7,"key":"Fire Potion"},{"floor":8,"key":"Strength Potion"},{"floor":10,"key":"Ancient Potion"},{"floor":18,"key":"ColorlessPotion"},{"floor":28,"key":"EssenceOfSteel"},{"floor":31,"key":"DuplicationPotion"},{"floor":40,"key":"DuplicationPotion"},{"floor":44,"key":"EntropicBrew"}],"is_trial":false,"path_per_floor":["M","M","?","M","M","R","E","M","T","E","R","$","E","?","R","B",null,"M","M","$","M","$","E","R","E","T","R","M","R","M","M","R","B",null,"M","$","?","$","?","E","M","$","T","M","R","E","$","M","R","B","B",null,"R","$","E","B",null],"character_chosen":"IRONCLAD","items_purchased":["CeramicFish","Dream Catcher","ClockworkSouvenir","Inflame","Limit Break","Dual Wield","HandDrill","CaptainsWheel","Vajra","Shovel","Toolbox","HornCleat","Metallicize","Heavy Blade","Evolve","Chemical X","Mango","Pantograph","Frozen Egg 2","Pocketwatch","Shrug It Off","Berserk+1","Medical Kit","Membership Card","Uppercut","Demon Form+1","Calipers","Warcry","Bronze Scales","Offering","Dark Embrace+1","Flex","Armaments"],"campfire_rested":0,"item_purchase_floors":[0,0,0,0,0,0,0,0,0,0,0,0,0,0,0,0,0,0,0,0,0,12,12,20,20,36,36,38,42,47,47,54,54],"current_hp_per_floor":[88,89,89,89,81,81,87,83,83,89,89,89,89,89,89,64,83,89,87,87,89,89,88,88,86,86,86,81,81,87,92,92,67,87,71,71,71,71,71,71,77,77,77,85,85,65,65,66,66,83,98,98,98,98,59,64],"gold":54,"neow_bonus":"","is_daily":false,"chose_seed":false,"campfire_upgraded":0,"win_rate":0.0,"timestamp":1611136497,"path_taken":["M","M","?","M","M","R","E","M","T","E","R","$","E","?","R","BOSS","M","M","$","?","$","E","R","E","T","R","M","R","M","M","R","BOSS","M","$","?","$","?","E","?","?","T","M","R","E","$","M","R","BOSS","BOSS","R","$","E","BOSS"],"items_purchased_type":["Relic","Relic","Relic","Card","Card","Card","Relic","Relic","Relic","Relic","Relic","Relic","Card","Card","Card","Relic","Relic","Relic","Relic","Relic","Card","Card","Relic","Relic","Card","Card","Relic","Card","Relic","Card","Card","Card","Card"],"build_version":"2020-12-22","purchased_purges":1,"victory":true,"max_hp_per_floor":[89,89,89,89,89,89,89,89,89,89,89,89,89,89,89,89,89,89,89,89,89,89,89,89,91,91,91,91,91,93,93,93,93,93,95,95,90,90,90,92,94,94,94,96,96,96,96,98,98,98,98,98,98,98,98,98],"card_choices":[{"not_picked":["Shrug It Off","Armaments"],"picked":"Cleave","floor":1},{"not_picked":["Pummel","Bloodletting"],"picked":"Fire Breathing+1","floor":2},{"not_picked":["Shrug It Off","Thunderclap"],"picked":"Pommel Strike","floor":4},{"not_picked":["Metallicize+1","Clash"],"picked":"Corruption+1","floor":5},{"not_picked":["Cleave","Sword Boomerang"],"picked":"Thunderclap","floor":7},{"not_picked":["Reckless Charge","Anger"],"picked":"Metallicize+1","floor":8},{"not_picked":["Clothesline","Cleave","Warcry"],"picked":"SKIP","floor":10},{"not_picked":["Evolve+1","Infernal Blade"],"picked":"Flex","floor":13},{"not_picked":["Brutality+1","Impervious"],"picked":"Bludgeon","floor":16},{"not_picked":["Pommel Strike","Wild Strike"],"picked":"Inflame+1","floor":18},{"not_picked":["Heavy Blade+1","True Grit"],"picked":"Sentinel","floor":18},{"not_picked":["Anger","Carnage"],"picked":"Shockwave","floor":19},{"not_picked":["Twin Strike","Iron Wave"],"picked":"Sentinel","floor":19},{"not_picked":["Spot Weakness","Havoc"],"picked":"Exhume","floor":21},{"not_picked":["Body Slam","Headbutt"],"picked":"Inflame+1","floor":21},{"not_picked":["Twin Strike+1","Perfected Strike","Headbutt"],"picked":"SKIP","floor":23},{"not_picked":["Headbutt","Bludgeon","True Grit"],"picked":"Singing Bowl","floor":25},{"not_picked":["Armaments+1","True Grit"],"picked":"Feel No Pain+1","floor":28},{"not_picked":["Wild Strike","Sword Boomerang"],"picked":"Bloodletting","floor":28},{"not_picked":["Flex","Flame Barrier","Heavy Blade"],"picked":"Singing Bowl","floor":30},{"not_picked":["Dual Wield","Spot Weakness+1"],"picked":"Whirlwind","floor":30},{"not_picked":["True Grit","Infernal Blade"],"picked":"Uppercut","floor":31},{"not_picked":["Clash","Perfected Strike"],"picked":"Metallicize+1","floor":31},{"not_picked":["Feed","Limit Break"],"picked":"Barricade+1","floor":33},{"not_picked":["Perfected Strike","Reckless Charge","Headbutt+1"],"picked":"Singing Bowl","floor":35},{"not_picked":["Perfected Strike","Heavy Blade"],"picked":"Inflame+1","floor":35},{"not_picked":["Thunderclap","Rupture+1","Clothesline"],"picked":"Singing Bowl","floor":40},{"not_picked":["Cleave","Flex","Thunderclap"],"picked":"Singing Bowl","floor":41},{"not_picked":["Sentinel","Clothesline"],"picked":"Power Through","floor":41},{"not_picked":["Dropkick","Sword Boomerang+1","Ghostly Armor"],"picked":"Singing Bowl","floor":44},{"not_picked":["Warcry","Uppercut"],"picked":"Offering","floor":44},{"not_picked":["True Grit+1","Dropkick"],"picked":"Warcry+1","floor":46},{"not_picked":["Ghostly Armor+1","Cleave","Twin Strike"],"picked":"Singing Bowl","floor":48},{"not_picked":["Clothesline","Sword Boomerang"],"picked":"Reaper","floor":48},{"not_picked":["Perfected Strike+1","Shrug It Off"],"picked":"Second Wind","floor":55}],"player_experience":924801,"relics_obtained":[{"floor":6,"key":"Kunai"},{"floor":7,"key":"PreservedInsect"},{"floor":9,"key":"Nunchaku"},{"floor":10,"key":"Omamori"},{"floor":11,"key":"Bag of Preparation"},{"floor":13,"key":"Paper Frog"},{"floor":15,"key":"Blood Vial"},{"floor":17,"key":"Smiling Mask"},{"floor":17,"key":"Darkstone Periapt"},{"floor":17,"key":"Prayer Wheel"},{"floor":23,"key":"Turnip"},{"floor":24,"key":"Orichalcum"},{"floor":25,"key":"Singing Bowl"},{"floor":26,"key":"White Beast Statue"},{"floor":27,"key":"Incense Burner"},{"floor":29,"key":"Art of War"},{"floor":32,"key":"Du-Vu Doll"},{"floor":40,"key":"Blue Candle"},{"floor":46,"key":"Peace Pipe"},{"floor":49,"key":"Oddly Smooth Stone"},{"floor":53,"key":"Bottled Flame"},{"floor":55,"key":"Pen Nib"}],"event_choices":[{"damage_healed":0,"gold_gain":0,"cards_transformed":["Strike_R"],"player_choice":"Change","damage_taken":0,"max_hp_gain":0,"max_hp_loss":0,"event_name":"Living Wall","floor":3,"gold_loss":0,"cards_obtained":["Twin Strike"]},{"damage_healed":0,"gold_gain":0,"player_choice":"1 cards matched","damage_taken":0,"max_hp_gain":0,"max_hp_loss":0,"event_name":"Match and Keep!","floor":14,"gold_loss":0,"cards_obtained":["Immolate"]},{"damage_healed":0,"gold_gain":0,"player_choice":"Max HP","damage_taken":0,"max_hp_gain":0,"max_hp_loss":5,"event_name":"Winding Halls","floor":37,"gold_loss":0},{"cards_removed":["Bloodletting"],"damage_healed":0,"gold_gain":0,"player_choice":"Gave Card","damage_taken":0,"relics_obtained":["The Courier"],"max_hp_gain":0,"max_hp_loss":0,"event_name":"WeMeetAgain","floor":39,"gold_loss":0}],"is_beta":false,"boss_relics":[{"not_picked":["Runic Dome","Busted Crown"],"picked":"Calling Bell"},{"not_picked":["Mark of Pain","Fusion Hammer"],"picked":"Runic Pyramid"}],"items_purged_floors":[12],"is_endless":false,"potions_floor_spawned":[1,4,7,8,10,18,28,30,31,33,35,40,41,44,46,48,55],"ascension_level":20}}