{"host":"13o02hya6v6rzuva","time":1611154769,"event":{"mods":["BaseMod","Minty Spire (QoL Compilation)","Relic Stats"],"gold_per_floor":[112,112,112,126,301,329,329,354,354,367,378,378,397,415,415,415,415],"floor_reached":16,"language":"ENG","playtime":449,"items_purged":[],"score":206,"play_id":"427b7c22-4ea2-432a-8948-0e2db7a990cc","local_time":"20210120155929","is_ascension_mode":true,"campfire_choices":[{"data":"Zap","floor":7,"key":"SMITH"},{"floor":12,"key":"REST"},{"data":"Glacier","floor":15,"key":"SMITH"}],"circlet_count":0,"master_deck":["AscendersBane","Strike_B","Strike_B+1","Strike_B","Defend_B","Defend_B","Defend_B+1","Defend_B","Zap+1","Dualcast","Barrage","Ball Lightning","Doubt","Cold Snap","Glacier+1","Ball Lightning","White Noise"],"relics":["Cracked Core","NeowsBlessing","Matryoshka","Orichalcum","Bag of Preparation"],"acts_visited":["Exordium"],"potions_floor_usage":[13,13,16,16],"damage_taken":[{"damage":0,"enemies":"2 Louse","floor":1,"turns":1},{"damage":0,"enemies":"Small Slimes","floor":4,"turns":1},{"damage":0,"enemies":"Lagavulin","floor":6,"turns":1},{"damage":39,"enemies":"Gremlin Nob","floor":8,"turns":5},{"damage":0,"enemies":"Jaw Worm","floor":10,"turns":2},{"damage":1,"enemies":"Looter","floor":11,"turns":3},{"damage":11,"enemies":"Lots of Slimes","floor":13,"turns":4},{"damage":0,"enemies":"2 Fungi Beasts","floor":14,"turns":2},{"damage":36,"enemies":"The Guardian","floor":16,"turns":10}],"seed_played":"8070001834459788709","potions_obtained":[{"floor":1,"key":"PowerPotion"},{"floor":6,"key":"FocusPotion"},{"floor":8,"key":"Energy Potion"},{"floor":14,"key":"Swift Potion"}],"is_trial":false,"path_per_floor":["M","?","?","M","?","E","R","E","T","M","M","R","M","M","R","B"],"character_chosen":"DEFECT","items_purchased":[],"campfire_rested":1,"item_purchase_floors":[],"current_hp_per_floor":[68,53,46,46,46,46,46,7,7,7,6,28,17,17,17,0,0],"gold":415,"neow_bonus":"THREE_ENEMY_KILL","is_daily":false,"chose_seed":false,"campfire_upgraded":2,"win_rate":0.0,"timestamp":1611154769,"path_taken":["M","?","?","M","?","E","R","E","T","M","M","R","M","M","R","BOSS"],"items_purchased_type":[],"build_version":"2020-12-22","purchased_purges":0,"victory":false,"max_hp_per_floor":[75,75,75,75,75,75,75,75,75,75,75,75,75,75,75,75,75],"relic_stats":{"counters":[9,29],"Bag of Preparation":[10],"Orichalcum":[12],"obtain_stats":[{"Matryoshka":6,"NeowsBlessing":0,"Bag of Preparation":9,"Orichalcum":8,"Cracked Core":0},{"Matryoshka":3,"NeowsBlessing":0,"Bag of Preparation":4,"Orichalcum":4,"Cracked Core":0},{"Matryoshka":3,"NeowsBlessing":0,"Bag of Preparation":8,"Orichalcum":8,"Cracked Core":0}]},"card_choices":[{"not_picked":["Skim","Storm"],"picked":"Barrage","floor":1},{"not_picked":["Gash","Tempest"],"picked":"Ball Lightning","floor":4},{"not_picked":["Auto Shields","Redo"],"picked":"Cold Snap","floor":6},{"not_picked":["Lockon","Barrage"],"picked":"Glacier","floor":8},{"not_picked":["Fusion","Compile Driver","Sweeping Beam"],"picked":"SKIP","floor":10},{"not_picked":["Sweeping Beam","Redo","Streamline"],"picked":"SKIP","floor":11},{"not_picked":["Double Energy","Compile Driver"],"picked":"Ball Lightning","floor":13},{"not_picked":["Static Discharge","Undo"],"picked":"White Noise","floor":14}],"player_experience":1139373,"relics_obtained":[{"floor":6,"key":"Matryoshka"},{"floor":8,"key":"Orichalcum"},{"floor":9,"key":"Bag of Preparation"}],"event_choices":[{"damage_healed":0,"gold_gain":0,"player_choice":"Entered Light","damage_taken":15,"max_hp_gain":0,"max_hp_loss":0,"event_name":"Shining Light","floor":2,"gold_loss":0,"cards_upgraded":["Strike_B","Defend_B"]},{"cards_removed":["Strike_B"],"damage_healed":0,"gold_gain":0,"player_choice":"Card Removal","damage_taken":7,"max_hp_gain":0,"max_hp_loss":0,"event_name":"Golden Wing","floor":3,"gold_loss":0},{"damage_healed":0,"gold_gain":175,"player_choice":"AGREE","damage_taken":0,"max_hp_gain":0,"max_hp_loss":0,"event_name":"Liars Game","floor":5,"gold_loss":0,"cards_obtained":["Doubt"]}],"is_beta":false,"boss_relics":[],"items_purged_floors":[],"is_endless":false,"potions_floor_spawned":[1,6,8,14],"killed_by":"The Guardian","ascension_level":10}}