{"host":"c3lc60y5x60jlt1y","time":1611174309,"event":{"mods":["AchievementEnabler","BaseMod","Bestiary","Colored Map","Minty Spire (QoL Compilation)","Quick Restart","StSLib","ojb\u0027s Info Mod"],"gold_per_floor":[111,130,130,130,51,79,79,97,121,141,171,171,204,225,225,300,300,316,316,316,326,21,53,53,86,86,11,31,49,63,80,80,157,157,174,74,74,92,164,198,223,251,298,332,332,353,353,366,366,366,366],"floor_reached":50,"language":"ENG","playtime":6165,"items_purged":["Defend_B+1","Defend_B+1"],"score":1128,"play_id":"ed56c81e-a95f-415b-85f8-8b30383a6ffc","local_time":"20210120222509","is_ascension_mode":true,"campfire_choices":[{"data":"Sunder","floor":7.0,"key":"SMITH"},{"data":"Beam Cell","floor":12.0,"key":"SMITH"},{"data":"Skim","floor":15.0,"key":"SMITH"},{"data":"Recycle","floor":24.0,"key":"SMITH"},{"floor":32.0,"key":"DIG"},{"data":"Coolheaded","floor":45.0,"key":"SMITH"},{"floor":47.0,"key":"DIG"},{"floor":49.0,"key":"DIG"}],"circlet_count":0,"master_deck":["AscendersBane","Defend_B+1","Defend_B+1","Zap+1","Dualcast","FTL","Chill+1","Sunder+1","Turbo+1","Skim+1","Self Repair","Beam Cell+1","Biased Cognition","Undo","All For One","Redo+1","Bite","Bite","Bite","Bite","Go for the Eyes+1","Recycle+1","Double Energy+1","Core Surge","Scrape","Seek","CurseOfTheBell","Coolheaded+1","Electrodynamics","Hologram+1","Force Field"],"relics":["Cracked Core","NeowsBlessing","War Paint","Nunchaku","Bronze Scales","Akabeko","Odd Mushroom","Inserter","Ice Cream","Tiny Chest","Shovel","PreservedInsect","Bottled Flame","Calling Bell","Pen Nib","Symbiotic Virus","Turnip","Sundial","Strawberry","TungstenRod","Mercury Hourglass","CeramicFish","Orichalcum","Anchor","StrikeDummy"],"acts_visited":["Exordium","TheCity","TheBeyond"],"potions_floor_usage":[],"damage_taken":[{"damage":0.0,"enemies":"Small Slimes","floor":1.0,"turns":1.0},{"damage":0.0,"enemies":"Jaw Worm","floor":2.0,"turns":1.0},{"damage":0.0,"enemies":"Lagavulin","floor":6.0,"turns":1.0},{"damage":0.0,"enemies":"Cultist","floor":8.0,"turns":3.0},{"damage":0.0,"enemies":"3 Louse","floor":10.0,"turns":3.0},{"damage":32.0,"enemies":"Gremlin Nob","floor":11.0,"turns":4.0},{"damage":21.0,"enemies":"Lagavulin","floor":13.0,"turns":5.0},{"damage":7.0,"enemies":"The Mushroom Lair","floor":14.0,"turns":3.0},{"damage":24.0,"enemies":"The Guardian","floor":16.0,"turns":10.0},{"damage":10.0,"enemies":"Chosen","floor":18.0,"turns":2.0},{"damage":0.0,"enemies":"3 Byrds","floor":21.0,"turns":3.0},{"damage":15.0,"enemies":"Slavers","floor":23.0,"turns":5.0},{"damage":1.0,"enemies":"Gremlin Leader","floor":25.0,"turns":6.0},{"damage":0.0,"enemies":"Cultist and Chosen","floor":28.0,"turns":6.0},{"damage":16.0,"enemies":"3 Cultists","floor":29.0,"turns":6.0},{"damage":19.0,"enemies":"Centurion and Healer","floor":30.0,"turns":6.0},{"damage":10.0,"enemies":"Sentry and Sphere","floor":31.0,"turns":5.0},{"damage":26.0,"enemies":"Automaton","floor":33.0,"turns":8.0},{"damage":0.0,"enemies":"3 Shapes","floor":35.0,"turns":7.0},{"damage":8.0,"enemies":"Orb Walker","floor":38.0,"turns":3.0},{"damage":6.0,"enemies":"Nemesis","floor":40.0,"turns":6.0},{"damage":10.0,"enemies":"Mind Bloom Boss Battle","floor":41.0,"turns":7.0},{"damage":0.0,"enemies":"Giant Head","floor":42.0,"turns":5.0},{"damage":23.0,"enemies":"Nemesis","floor":44.0,"turns":5.0},{"damage":0.0,"enemies":"Sphere and 2 Shapes","floor":46.0,"turns":3.0},{"damage":3.0,"enemies":"Writhing Mass","floor":48.0,"turns":5.0},{"damage":62,"enemies":"Donu and Deca","floor":50,"turns":4}],"seed_played":"-7373902412114904898","potions_obtained":[{"floor":2.0,"key":"Regen Potion"},{"floor":6.0,"key":"Strength Potion"},{"floor":8.0,"key":"ColorlessPotion"},{"floor":16.0,"key":"Ancient Potion"},{"floor":23.0,"key":"SkillPotion"},{"floor":29.0,"key":"DistilledChaos"},{"floor":31.0,"key":"LiquidMemories"},{"floor":40.0,"key":"PowerPotion"},{"floor":42.0,"key":"SmokeBomb"},{"floor":48.0,"key":"SteroidPotion"}],"is_trial":false,"path_per_floor":["M","M","?","?","$","E","R","M","T","M","E","R","E","?","R","B",null,"M","?","?","M","$","E","R","E","T","$","M","M","M","M","R","B",null,"M","$","?","M","T","E","?","E","T","E","R","M","R","M","R","B"],"character_chosen":"DEFECT","items_purchased":["Sunder","Ice Cream"],"campfire_rested":0,"item_purchase_floors":[5,22],"current_hp_per_floor":[68,68,73,73,73,73,73,73,73,73,48,48,34,34,34,32,68,58,58,56,56,56,48,48,56,56,56,56,53,54,56,56,51,55,56,56,56,50,50,63,60,63,63,51,51,53,53,58,58,0,0],"gold":366,"neow_bonus":"THREE_ENEMY_KILL","is_daily":false,"chose_seed":false,"campfire_upgraded":5,"win_rate":0.0,"timestamp":1611174309,"path_taken":["M","M","?","?","$","E","R","M","T","?","E","R","E","?","R","BOSS","M","?","?","M","?","E","R","E","T","$","?","?","M","M","R","BOSS","M","$","?","M","?","E","?","E","T","E","R","M","R","M","R","BOSS"],"items_purchased_type":["Card","Relic"],"build_version":"2020-12-22","purchased_purges":2,"victory":false,"max_hp_per_floor":[75,75,80,80,80,80,80,80,80,80,80,80,80,80,80,80,80,80,80,56,56,56,56,56,56,56,56,56,56,56,56,56,56,56,56,56,56,56,56,63,63,63,63,63,63,63,63,63,63,63,63],"card_choices":[{"not_picked":["Barrage","Compile Driver"],"picked":"FTL","floor":1.0},{"not_picked":["Coolheaded","Conserve Battery"],"picked":"Chill","floor":2.0},{"not_picked":["Blizzard","Sweeping Beam"],"picked":"Turbo","floor":6.0},{"not_picked":["Leap","Barrage"],"picked":"Skim","floor":8.0},{"not_picked":["Go for the Eyes","Sweeping Beam"],"picked":"Self Repair","floor":10.0},{"not_picked":["Chaos","Lockon"],"picked":"Beam Cell","floor":11.0},{"not_picked":["Cold Snap","Turbo"],"picked":"Biased Cognition","floor":13.0},{"not_picked":["Streamline","Sunder"],"picked":"Undo","floor":14.0},{"not_picked":["Fission","Machine Learning"],"picked":"All For One","floor":16.0},{"not_picked":["Sunder","Skim"],"picked":"Redo+1","floor":18.0},{"not_picked":["FTL","Ball Lightning"],"picked":"Go for the Eyes+1","floor":21.0},{"not_picked":["Leap","Rebound"],"picked":"Recycle","floor":23.0},{"not_picked":["Go for the Eyes","Barrage","Redo"],"picked":"SKIP","floor":25.0},{"not_picked":["Self Repair","Steam"],"picked":"Double Energy+1","floor":28.0},{"not_picked":["Leap","Streamline"],"picked":"Core Surge","floor":29.0},{"not_picked":["Chaos","Stack"],"picked":"Scrape","floor":30.0},{"not_picked":["Streamline","Sweeping Beam","Cold Snap"],"picked":"SKIP","floor":31.0},{"not_picked":["Biased Cognition","Rainbow"],"picked":"Seek","floor":33.0},{"not_picked":["Beam Cell","Stack+1"],"picked":"Coolheaded","floor":35.0},{"not_picked":["Doom and Gloom","Melter","Cold Snap"],"picked":"SKIP","floor":38.0},{"not_picked":["Redo","Rebound"],"picked":"Electrodynamics","floor":40.0},{"not_picked":["Beam Cell","Conserve Battery","Barrage"],"picked":"SKIP","floor":42.0},{"not_picked":["Hello World","Barrage"],"picked":"Hologram+1","floor":44.0},{"not_picked":["Streamline+1","Sweeping Beam"],"picked":"Force Field","floor":46.0},{"not_picked":["Conserve Battery","Streamline","Doom and Gloom"],"picked":"SKIP","floor":48.0}],"player_experience":8208667,"relics_obtained":[{"floor":6.0,"key":"War Paint"},{"floor":9.0,"key":"Nunchaku"},{"floor":11.0,"key":"Bronze Scales"},{"floor":13.0,"key":"Akabeko"},{"floor":14.0,"key":"Odd Mushroom"},{"floor":23.0,"key":"Tiny Chest"},{"floor":25.0,"key":"Shovel"},{"floor":26.0,"key":"PreservedInsect"},{"floor":32.0,"key":"Bottled Flame"},{"floor":34.0,"key":"Pen Nib"},{"floor":34.0,"key":"Symbiotic Virus"},{"floor":34.0,"key":"Turnip"},{"floor":39.0,"key":"Sundial"},{"floor":40.0,"key":"Strawberry"},{"floor":41.0,"key":"TungstenRod"},{"floor":42.0,"key":"Mercury Hourglass"},{"floor":43.0,"key":"CeramicFish"},{"floor":44.0,"key":"Orichalcum"},{"floor":47.0,"key":"Anchor"},{"floor":49.0,"key":"StrikeDummy"}],"event_choices":[{"damage_healed":0.0,"max_hp_gain":5.0,"max_hp_loss":0.0,"gold_gain":0.0,"event_name":"Big Fish","player_choice":"Donut","floor":3.0,"gold_loss":0.0,"damage_taken":0.0},{"damage_healed":0.0,"max_hp_gain":0.0,"max_hp_loss":0.0,"gold_gain":0.0,"event_name":"Upgrade Shrine","player_choice":"Upgraded","floor":4.0,"gold_loss":0.0,"damage_taken":0.0,"cards_upgraded":["Zap"]},{"damage_healed":0.0,"max_hp_gain":0.0,"max_hp_loss":0.0,"gold_gain":0.0,"event_name":"Mushrooms","player_choice":"Fought Mushrooms","floor":14.0,"gold_loss":0.0,"damage_taken":0.0},{"damage_healed":0.0,"max_hp_gain":0.0,"max_hp_loss":0.0,"gold_gain":0.0,"event_name":"Back to Basics","player_choice":"Simplicity","floor":19.0,"gold_loss":0.0,"damage_taken":0.0,"cards_upgraded":["Strike_B","Strike_B","Strike_B","Strike_B","Defend_B","Defend_B","Defend_B","Defend_B"]},{"damage_healed":0.0,"max_hp_gain":0.0,"max_hp_loss":24.0,"gold_gain":0.0,"event_name":"Vampires","player_choice":"Became a vampire","floor":20.0,"gold_loss":0.0,"damage_taken":0.0,"cards_obtained":["Bite","Bite","Bite","Bite","Bite"]},{"cards_removed":["Bite"],"damage_healed":0.0,"max_hp_gain":0.0,"max_hp_loss":0.0,"gold_gain":0.0,"event_name":"Falling","player_choice":"Removed Attack","floor":37.0,"gold_loss":0.0,"damage_taken":0.0},{"damage_healed":0.0,"max_hp_gain":0.0,"max_hp_loss":0.0,"gold_gain":0.0,"event_name":"MindBloom","player_choice":"Fight","floor":41.0,"gold_loss":0.0,"damage_taken":0.0}],"is_beta":false,"boss_relics":[{"not_picked":["Runic Dome","Tiny House"],"picked":"Inserter"},{"not_picked":["Sozu","Pandora\u0027s Box"],"picked":"Calling Bell"}],"items_purged_floors":[27,36],"is_endless":false,"potions_floor_spawned":[2,6,8,16,23,29,30,31,40,42,46,48],"killed_by":"Donu and Deca","ascension_level":13}}