{"host":"y193d0agu1dp5x1y","time":1611121016,"event":{"mods":["AchievementEnabler","BaseMod","Googly Eyes","Minty Spire (QoL Compilation)"],"gold_per_floor":[111,130,1,16,16,44,44,44,67,101,117,135,149,149,149,244,244,261,161,181,181,198,230,240,257,257,257,275,225,225,243,243,341,341,358,369,382,11,31,31,31,31,31,31,42,57,57,70,70,70,70],"floor_reached":50,"language":"ENG","playtime":4078,"items_purged":["Defend_P","Strike_P","Strike_P"],"score":480,"play_id":"352b97f4-25b3-416b-ab77-c4d9c59592b8","local_time":"20210119233656","is_ascension_mode":false,"campfire_choices":[{"data":"WindmillStrike","floor":8.0,"key":"SMITH"},{"floor":15.0,"key":"REST"},{"floor":27.0,"key":"RECALL"},{"floor":30.0,"key":"REST"},{"floor":32.0,"key":"REST"},{"floor":40.0,"key":"REST"},{"floor":42.0,"key":"REST"},{"data":"Eruption","floor":47,"key":"SMITH"},{"floor":49,"key":"REST"}],"circlet_count":0,"master_deck":["Defend_P","Eruption+1","Vigilance","Evaluate+1","FlurryOfBlows","EmptyBody","WindmillStrike+1","Evaluate","Conclude","Perseverance","SandsOfTime+1","FollowUp+1","Weave","ClearTheMind","JustLucky","ThirdEye","ReachHeaven","JustLucky","Ragnarok","FlurryOfBlows","FlurryOfBlows","CrushJoints+1","Parasite"],"relics":["HolyWater","NeowsBlessing","Anchor","Vajra","Happy Flower","Shuriken","Empty Cage","Bag of Marbles","Letter Opener","Bottled Flame"],"acts_visited":["Exordium","TheCity","TheBeyond"],"potions_floor_usage":[48,50],"damage_taken":[{"damage":0.0,"enemies":"Cultist","floor":1.0,"turns":1.0},{"damage":0.0,"enemies":"Small Slimes","floor":2.0,"turns":1.0},{"damage":0.0,"enemies":"Jaw Worm","floor":4.0,"turns":1.0},{"damage":13.0,"enemies":"Gremlin Nob","floor":6.0,"turns":3.0},{"damage":13.0,"enemies":"Lagavulin","floor":10.0,"turns":5.0},{"damage":3.0,"enemies":"Large Slime","floor":11.0,"turns":5.0},{"damage":0.0,"enemies":"Looter","floor":12.0,"turns":2.0},{"damage":0.0,"enemies":"Gremlin Gang","floor":13.0,"turns":3.0},{"damage":9.0,"enemies":"Slime Boss","floor":16.0,"turns":9.0},{"damage":32.0,"enemies":"3 Byrds","floor":18.0,"turns":7.0},{"damage":0.0,"enemies":"Chosen","floor":20.0,"turns":3.0},{"damage":12.0,"enemies":"3 Cultists","floor":22.0,"turns":3.0},{"damage":14.0,"enemies":"Slavers","floor":23.0,"turns":3.0},{"damage":0.0,"enemies":"Centurion and Healer","floor":24.0,"turns":6.0},{"damage":0.0,"enemies":"Snake Plant","floor":25.0,"turns":1.0},{"damage":0.0,"enemies":"3 Cultists","floor":28.0,"turns":4.0},{"damage":2.0,"enemies":"Cultist and Chosen","floor":31.0,"turns":4.0},{"damage":48.0,"enemies":"Automaton","floor":33.0,"turns":6.0},{"damage":0.0,"enemies":"Orb Walker","floor":35.0,"turns":3.0},{"damage":3.0,"enemies":"3 Shapes","floor":36.0,"turns":2.0},{"damage":44.0,"enemies":"Maw","floor":37.0,"turns":5.0},{"damage":0.0,"enemies":"Transient","floor":39.0,"turns":5.0},{"damage":10.0,"enemies":"3 Darklings","floor":45.0,"turns":3.0},{"damage":6,"enemies":"Writhing Mass","floor":46,"turns":4},{"damage":16,"enemies":"Maw","floor":48,"turns":5},{"damage":59,"enemies":"Time Eater","floor":50,"turns":7}],"seed_played":"97495955746414624","potions_obtained":[{"floor":1.0,"key":"DistilledChaos"},{"floor":10.0,"key":"StancePotion"},{"floor":11.0,"key":"DistilledChaos"},{"floor":12.0,"key":"PowerPotion"},{"floor":20.0,"key":"Fire Potion"},{"floor":24.0,"key":"LiquidBronze"},{"floor":31.0,"key":"ColorlessPotion"},{"floor":33.0,"key":"SpeedPotion"},{"floor":36.0,"key":"FearPotion"},{"floor":39.0,"key":"Explosive Potion"},{"floor":46,"key":"ColorlessPotion"},{"floor":48,"key":"FearPotion"}],"is_trial":false,"path_per_floor":["M","M","$","M","?","E","?","R","T","E","M","M","M","?","R","B",null,"M","$","M","?","M","E","M","M","T","R","M","?","R","M","R","B",null,"M","M","M","$","M","R","$","R","T","?","M","M","R","M","R","B"],"character_chosen":"WATCHER","items_purchased":["FlurryOfBlows","Bottled Flame"],"campfire_rested":6,"item_purchase_floors":[3,38],"current_hp_per_floor":[72,72,72,72,72,59,52,52,52,39,36,36,36,29,50,41,72,40,40,40,40,28,14,14,14,14,14,14,14,35,33,54,6,72,72,69,25,25,25,46,46,67,67,67,57,51,51,35,56,0,0],"gold":70,"neow_bonus":"THREE_ENEMY_KILL","is_daily":false,"chose_seed":false,"campfire_upgraded":2,"win_rate":0.0,"timestamp":1611121016,"path_taken":["M","?","$","M","?","E","?","R","T","E","M","M","M","?","R","BOSS","M","$","M","?","M","E","M","M","T","R","M","?","R","M","R","BOSS","M","M","?","?","M","R","$","R","T","?","?","M","R","M","R","BOSS"],"items_purchased_type":["Card","Relic"],"build_version":"2020-12-22","purchased_purges":3,"victory":false,"max_hp_per_floor":[72,72,72,72,72,72,72,72,72,72,72,72,72,72,72,72,72,72,72,72,72,72,72,72,72,72,72,72,72,72,72,72,72,72,72,72,72,72,72,72,72,72,72,72,72,72,72,72,72,72,72],"card_choices":[{"not_picked":["FearNoEvil","Worship"],"picked":"Evaluate","floor":1.0},{"not_picked":["PathToVictory","ThirdEye","CutThroughFate"],"picked":"SKIP","floor":2.0},{"not_picked":["CutThroughFate","ClearTheMind"],"picked":"EmptyBody","floor":4.0},{"not_picked":["Swivel","FlyingSleeves"],"picked":"WindmillStrike","floor":6.0},{"not_picked":["Tantrum","SashWhip"],"picked":"Evaluate","floor":10.0},{"not_picked":["EmptyBody","ConjureBlade"],"picked":"Conclude","floor":11.0},{"not_picked":["FollowUp","InnerPeace"],"picked":"Perseverance","floor":12.0},{"not_picked":["ClearTheMind","FollowUp"],"picked":"SandsOfTime","floor":13.0},{"not_picked":["ConjureBlade","Vault"],"picked":"MasterReality","floor":16.0},{"not_picked":["Sanctity+1","Weave","TalkToTheHand"],"picked":"SKIP","floor":18.0},{"not_picked":["Collect","EmptyFist"],"picked":"FollowUp+1","floor":20.0},{"not_picked":["WreathOfFlame+1","FearNoEvil+1"],"picked":"JustLucky","floor":22.0},{"not_picked":["Protect","Crescendo"],"picked":"ThirdEye","floor":23.0},{"not_picked":["ClearTheMind","Sanctity"],"picked":"ReachHeaven","floor":24.0},{"not_picked":["JustLucky","FlyingSleeves","MasterReality"],"picked":"SKIP","floor":25.0},{"not_picked":["ClearTheMind","FollowUp","BowlingBash"],"picked":"SKIP","floor":28.0},{"not_picked":["CutThroughFate","Crescendo"],"picked":"JustLucky","floor":31.0},{"not_picked":["Brilliance","Blasphemy"],"picked":"Ragnarok","floor":33.0},{"not_picked":["ClearTheMind","EmptyBody"],"picked":"FlurryOfBlows","floor":35.0},{"not_picked":["SignatureMove+1","Collect+1","BowlingBash"],"picked":"SKIP","floor":36.0},{"not_picked":["FlyingSleeves+1","CutThroughFate","FollowUp"],"picked":"SKIP","floor":37.0},{"not_picked":["CrushJoints+1","CutThroughFate"],"picked":"FlurryOfBlows","floor":39.0},{"not_picked":["ConjureBlade","SashWhip"],"picked":"CrushJoints+1","floor":45.0},{"not_picked":["ClearTheMind+1","ThirdEye+1","DeceiveReality+1"],"picked":"SKIP","floor":46},{"not_picked":["WreathOfFlame+1","Crescendo+1","ClearTheMind"],"picked":"SKIP","floor":48}],"player_experience":132414,"relics_obtained":[{"floor":6.0,"key":"Anchor"},{"floor":9.0,"key":"Vajra"},{"floor":10.0,"key":"Happy Flower"},{"floor":23.0,"key":"Bag of Marbles"},{"floor":26.0,"key":"Letter Opener"}],"event_choices":[{"damage_healed":0.0,"max_hp_gain":0.0,"max_hp_loss":0.0,"gold_gain":0.0,"event_name":"Living Wall","player_choice":"Grow","floor":5.0,"gold_loss":0.0,"damage_taken":0.0,"cards_upgraded":["Evaluate"]},{"cards_removed":["Strike_P"],"damage_healed":0.0,"max_hp_gain":0.0,"max_hp_loss":0.0,"gold_gain":0.0,"event_name":"Golden Wing","player_choice":"Card Removal","floor":7.0,"gold_loss":0.0,"damage_taken":7.0},{"damage_healed":0.0,"max_hp_gain":0.0,"max_hp_loss":0.0,"gold_gain":0.0,"event_name":"Scrap Ooze","player_choice":"Success","floor":14.0,"gold_loss":0.0,"damage_taken":7.0,"relics_obtained":["Shuriken"]},{"damage_healed":0.0,"max_hp_gain":0.0,"max_hp_loss":0.0,"gold_gain":0.0,"cards_transformed":["MasterReality","Defend_P"],"event_name":"Drug Dealer","player_choice":"Became Test Subject","floor":21.0,"gold_loss":0.0,"damage_taken":0.0,"cards_obtained":["Weave","ClearTheMind"]},{"damage_healed":0.0,"max_hp_gain":0.0,"max_hp_loss":0.0,"gold_gain":0.0,"event_name":"The Joust","player_choice":"Bet on Murderer","floor":29.0,"gold_loss":50.0,"damage_taken":0.0},{"damage_healed":0.0,"max_hp_gain":0.0,"max_hp_loss":0.0,"gold_gain":0.0,"event_name":"Accursed Blacksmith","player_choice":"Forge","floor":44.0,"gold_loss":0.0,"damage_taken":0.0,"cards_upgraded":["SandsOfTime"]}],"is_beta":false,"boss_relics":[{"not_picked":["Fusion Hammer","Runic Pyramid"],"picked":"Empty Cage"},{"not_picked":["VioletLotus","Runic Dome"],"picked":"HolyWater"}],"items_purged_floors":[3,19,38],"is_endless":false,"potions_floor_spawned":[1,10,11,12,20,24,31,33,36,39,46,48],"killed_by":"Time Eater","ascension_level":0}}