{"host":"ad59wuc8ynh8u2z6","time":1611114087,"event":{"mods":["AchievementEnabler","BaseMod","Colored Powertips","DeckTracker","Highlight Path","Minty Spire (QoL Compilation)","Permanent Neow"],"gold_per_floor":[368,368,100,111,111,111,175,175,175,204,204,224,224,243,243,343,343,353,353,218,218,133,164,164,178,231,262,274,274,274,284,284,381,381,393,443,453,63,83,83,109,109,179,204,204,231,251,282,282,282],"floor_reached":51,"language":"ENG","playtime":2169,"items_purged":["Strike_B","Strike_B"],"score":1134,"play_id":"11c3d9a0-2f4a-4a17-a6a9-984e6c9745c8","local_time":"20210120044127","is_ascension_mode":true,"campfire_choices":[{"data":"Zap","floor":6,"key":"SMITH"},{"data":"Darkness","floor":8,"key":"SMITH"},{"data":"Dualcast","floor":11,"key":"SMITH"},{"data":"Glacier","floor":13,"key":"SMITH"},{"data":"Defend_B","floor":15,"key":"SMITH"},{"data":"Capacitor","floor":24,"key":"SMITH"},{"data":"Biased Cognition","floor":29,"key":"SMITH"},{"data":"Loop","floor":32,"key":"SMITH"},{"data":"Coolheaded","floor":40,"key":"SMITH"},{"data":"Coolheaded","floor":42,"key":"SMITH"},{"data":"Rainbow","floor":49,"key":"SMITH"}],"circlet_count":0,"master_deck":["Strike_B","Defend_B","Defend_B","Defend_B","Defend_B+1","Zap+1","Dualcast+1","Glacier+1","Darkness+1","Rainbow+1","Darkness+1","Capacitor+1","Biased Cognition+1","Loop+1","Electrodynamics","Coolheaded+1","Glacier","Coolheaded+1","Core Surge","Glacier+1"],"relics":["Cracked Core","Art of War","Lizard Tail","Incense Burner","Pear","Sozu","Lantern","Vajra","Ancient Tea Set","Toy Ornithopter","Letter Opener","Coffee Dripper","TungstenRod","Lee\u0027s Waffle","Cables","Omamori","Mercury Hourglass","Kunai","Strawberry","Oddly Smooth Stone"],"acts_visited":["Exordium","TheCity","TheBeyond"],"potions_floor_usage":[50,50],"damage_taken":[{"damage":0,"enemies":"Small Slimes","floor":1,"turns":3},{"damage":0,"enemies":"2 Louse","floor":4,"turns":2},{"damage":30,"enemies":"3 Sentries","floor":7,"turns":13},{"damage":12,"enemies":"3 Sentries","floor":10,"turns":8},{"damage":0,"enemies":"Jaw Worm","floor":12,"turns":4},{"damage":1,"enemies":"Looter","floor":14,"turns":3},{"damage":0,"enemies":"Slime Boss","floor":16,"turns":6},{"damage":1,"enemies":"3 Byrds","floor":18,"turns":4},{"damage":18,"enemies":"Gremlin Leader","floor":23,"turns":5},{"damage":0,"enemies":"Shell Parasite","floor":25,"turns":4},{"damage":24,"enemies":"Slavers","floor":27,"turns":6},{"damage":0,"enemies":"Cultist and Chosen","floor":28,"turns":4},{"damage":0,"enemies":"Chosen and Byrds","floor":31,"turns":3},{"damage":10,"enemies":"Collector","floor":33,"turns":9},{"damage":23,"enemies":"3 Darklings","floor":35,"turns":3},{"damage":13,"enemies":"2 Orb Walkers","floor":36,"turns":3},{"damage":7,"enemies":"Orb Walker","floor":37,"turns":2},{"damage":14,"enemies":"4 Shapes","floor":39,"turns":6},{"damage":0,"enemies":"Nemesis","floor":41,"turns":7},{"damage":9,"enemies":"Reptomancer","floor":44,"turns":4},{"damage":4,"enemies":"Nemesis","floor":46,"turns":7},{"damage":0,"enemies":"Transient","floor":47,"turns":5},{"damage":0,"enemies":"Giant Head","floor":48,"turns":8},{"damage":0,"enemies":"Time Eater","floor":50,"turns":8}],"seed_played":"-2472387135884480829","potions_obtained":[{"floor":4,"key":"PowerPotion"},{"floor":10,"key":"Fire Potion"}],"is_trial":false,"path_per_floor":["M","?","$","M","?","R","?","R","T","E","R","M","R","M","R","B",null,"M","?","$","?","?","E","R","M","T","E","M","R","?","M","R","B",null,"M","?","M","$","M","R","E","R","T","E","?","E","M","E","R","B",null],"character_chosen":"DEFECT","items_purchased":["Art of War","Explosive Potion","Capacitor","Lee\u0027s Waffle","Cables"],"campfire_rested":0,"item_purchase_floors":[3,3,20,38,38],"current_hp_per_floor":[68,68,68,68,73,73,43,43,43,41,41,41,41,40,40,40,83,82,66,66,66,66,48,48,48,48,24,24,24,24,24,24,14,88,65,52,45,95,81,81,81,81,81,72,72,75,75,75,75,85],"gold":282,"neow_bonus":"TWO_FIFTY_GOLD","is_daily":false,"chose_seed":false,"campfire_upgraded":11,"win_rate":0.0,"timestamp":1611114087,"path_taken":["M","?","$","M","?","R","?","R","T","E","R","M","R","M","R","BOSS","M","?","$","?","?","E","R","M","T","E","M","R","?","M","R","BOSS","M","?","M","$","M","R","E","R","T","E","?","E","M","E","R","BOSS"],"items_purchased_type":["Relic","Potion","Card","Relic","Relic"],"build_version":"2020-12-22","purchased_purges":2,"victory":true,"max_hp_per_floor":[68,68,68,68,73,73,73,73,73,83,83,83,83,83,83,83,83,83,88,88,88,88,88,88,88,88,88,88,88,88,88,88,88,88,88,88,88,95,95,95,95,95,95,95,95,102,102,102,102,102],"card_choices":[{"not_picked":["Steam","Cold Snap"],"picked":"Glacier","floor":1},{"not_picked":["Streamline","Compile Driver","Auto Shields"],"picked":"SKIP","floor":4},{"not_picked":["Beam Cell","Cold Snap"],"picked":"Darkness","floor":7},{"not_picked":["Ball Lightning","Doom and Gloom","Static Discharge"],"picked":"SKIP","floor":10},{"not_picked":["Go for the Eyes","Double Energy","Consume"],"picked":"SKIP","floor":12},{"not_picked":["Sweeping Beam","Turbo","Thunder Strike"],"picked":"SKIP","floor":14},{"not_picked":["Hyperbeam","Creative AI"],"picked":"Rainbow","floor":16},{"not_picked":["Ball Lightning","Self Repair+1"],"picked":"Darkness+1","floor":18},{"not_picked":["Stack","Go for the Eyes","Gash"],"picked":"SKIP","floor":23},{"not_picked":["Leap","Go for the Eyes","Hologram"],"picked":"SKIP","floor":25},{"not_picked":["Go for the Eyes","Leap"],"picked":"Biased Cognition","floor":27},{"not_picked":["Reprogram","Stack","Conserve Battery"],"picked":"SKIP","floor":28},{"not_picked":["Reinforced Body","Double Energy"],"picked":"Loop","floor":31},{"not_picked":["Multi-Cast","Buffer"],"picked":"Electrodynamics","floor":33},{"not_picked":["Double Energy","FTL","Scrape+1"],"picked":"SKIP","floor":35},{"not_picked":["FTL","Chaos"],"picked":"Coolheaded","floor":36},{"not_picked":["Go for the Eyes+1","Sweeping Beam","Redo+1"],"picked":"SKIP","floor":37},{"not_picked":["Turbo+1","Conserve Battery"],"picked":"Glacier","floor":39},{"not_picked":["Leap+1","Barrage"],"picked":"Coolheaded","floor":41},{"not_picked":["Leap+1","Turbo"],"picked":"Core Surge","floor":44},{"not_picked":["Fusion+1","Auto Shields"],"picked":"Glacier+1","floor":46},{"not_picked":["Redo+1","Rebound","Reprogram"],"picked":"SKIP","floor":47},{"not_picked":["Scrape+1","Leap","Stack"],"picked":"SKIP","floor":48}],"player_experience":68106,"relics_obtained":[{"floor":9,"key":"Incense Burner"},{"floor":10,"key":"Pear"},{"floor":23,"key":"Ancient Tea Set"},{"floor":26,"key":"Toy Ornithopter"},{"floor":27,"key":"Letter Opener"},{"floor":36,"key":"TungstenRod"},{"floor":41,"key":"Omamori"},{"floor":43,"key":"Mercury Hourglass"},{"floor":44,"key":"Kunai"},{"floor":46,"key":"Strawberry"},{"floor":48,"key":"Oddly Smooth Stone"}],"event_choices":[{"cards_removed":["Strike_B"],"damage_healed":0,"gold_gain":0,"player_choice":"Forget","damage_taken":0,"max_hp_gain":0,"max_hp_loss":0,"event_name":"Living Wall","floor":2,"gold_loss":0},{"damage_healed":0,"gold_gain":0,"player_choice":"Donut","damage_taken":0,"max_hp_gain":5,"max_hp_loss":0,"event_name":"Big Fish","floor":5,"gold_loss":0},{"damage_healed":0,"gold_gain":0,"player_choice":"Searched \u00272\u0027 times","damage_taken":0,"relics_obtained":["Lizard Tail"],"max_hp_gain":0,"max_hp_loss":0,"event_name":"Dead Adventurer","floor":7,"gold_loss":0},{"damage_healed":0,"gold_gain":0,"player_choice":"Shed Blood","damage_taken":21,"max_hp_gain":5,"max_hp_loss":0,"event_name":"Forgotten Altar","floor":19,"gold_loss":0},{"damage_healed":0,"gold_gain":0,"player_choice":"Opened","damage_taken":0,"relics_obtained":["Lantern"],"max_hp_gain":0,"max_hp_loss":0,"event_name":"The Mausoleum","floor":21,"gold_loss":0},{"damage_healed":0,"gold_gain":0,"player_choice":"Obtained Relic","damage_taken":0,"relics_obtained":["Vajra"],"max_hp_gain":0,"max_hp_loss":0,"event_name":"Addict","floor":22,"gold_loss":85},{"damage_healed":0,"gold_gain":0,"player_choice":"Ignored","damage_taken":0,"max_hp_gain":0,"max_hp_loss":0,"event_name":"Ghosts","floor":30,"gold_loss":0},{"damage_healed":0,"gold_gain":0,"player_choice":"Fight","damage_taken":0,"max_hp_gain":0,"max_hp_loss":0,"event_name":"Mysterious Sphere","floor":36,"gold_loss":0},{"damage_healed":0,"gold_gain":0,"player_choice":"0 cards matched","damage_taken":0,"max_hp_gain":0,"max_hp_loss":0,"event_name":"Match and Keep!","floor":45,"gold_loss":0,"cards_obtained":[]}],"is_beta":false,"boss_relics":[{"not_picked":["Ectoplasm","Fusion Hammer"],"picked":"Sozu"},{"not_picked":["Calling Bell","Pandora\u0027s Box"],"picked":"Coffee Dripper"}],"items_purged_floors":[3,20],"is_endless":false,"potions_floor_spawned":[4,10,12,23,25,31,36,46,47,48],"ascension_level":3}}