{"host":"nug5xkek4sujf8as","time":1611161822,"event":{"mods":["Act Like it!","Arknights The Spire","Aspiration","BaseMod","Booster Modes","CapriCore","Colored Powertips","Conspire","Energized Spire","Gensokyo","Minty Spire (QoL Compilation)","Permanent Neow","Quick Restart","Replay The Spire","Shop Mod","Spicy Shops","StSLib","vexMod","【功能Mod】混沌之环修复补丁","【遗物卡牌】REMEMod","篝火指南"],"gold_per_floor":[109,109,1,62,127,127,127],"floor_reached":6,"language":"ZHS","playtime":294,"items_purged":[],"score":70,"play_id":"b0a0ce9c-b184-4348-86ec-10f3982d021b","local_time":"20210121005702","is_ascension_mode":true,"campfire_choices":[],"circlet_count":0,"master_deck":["AscendersBane","Strike_G","Strike_G","Strike_G","Strike_G","Strike_G","Defend_G","Defend_G","Defend_G","Defend_G","Defend_G","Survivor","Neutralize","Echo Form","PiercingWail","Delirium","Gensokyo:BlemishedSteel","ReplayTheSpireMod:Scrap Shanks+1","Dagger Throw","BowlingBash"],"relics":["Ring of the Snake","REME_ComplimentaryCards","aspiration:Nostalgia","Replay:M_SmolderingBlood","ReplayTheSpireMod:Ring of Challenge","Ring of Fury"],"acts_visited":["Gensokyo:Gensokyo"],"potions_floor_usage":[6],"damage_taken":[{"damage":9.0,"enemies":"Gensokyo:Gryphon","floor":1.0,"turns":5.0},{"damage":25.0,"enemies":"Gensokyo:2_Kodama","floor":4.0,"turns":8.0},{"damage":2.0,"enemies":"Gensokyo:3_Fairies","floor":5.0,"turns":4.0},{"damage":19,"enemies":"Gensokyo:Cirno","floor":6,"turns":4}],"seed_played":"8804435139859142838","potions_obtained":[{"floor":5.0,"key":"Strength Potion"}],"is_trial":false,"path_per_floor":["M","?","COS","M","M","E"],"character_chosen":"THE_SILENT","items_purchased":[],"campfire_rested":0,"item_purchase_floors":[],"current_hp_per_floor":[50,50,50,25,23,4,4],"gold":127,"neow_bonus":"NOSTALGIA","is_daily":false,"chose_seed":false,"campfire_upgraded":0,"win_rate":0.0,"timestamp":1611161822,"path_taken":["M","?","COS","M","M","E"],"items_purchased_type":[],"build_version":"2020-12-22","purchased_purges":0,"victory":false,"max_hp_per_floor":[66,66,66,66,66,66,66],"card_choices":[{"not_picked":["FollowUp","Clash"],"picked":"PiercingWail","floor":1.0},{"not_picked":["Deadly Poison+1","Backflip+1"],"picked":"ReplayTheSpireMod:Scrap Shanks+1","floor":4.0},{"not_picked":["FlyingSleeves","Sucker Punch"],"picked":"Dagger Throw","floor":4.0},{"not_picked":["Envenom","Backflip"],"picked":"BowlingBash","floor":5.0}],"player_experience":699227,"relics_obtained":[{"floor":2.0,"key":"ReplayTheSpireMod:Ring of Challenge"},{"floor":2.0,"key":"Ring of Fury"}],"event_choices":[],"is_beta":false,"boss_relics":[],"items_purged_floors":[],"is_endless":false,"potions_floor_spawned":[5],"killed_by":"Gensokyo:Cirno","ascension_level":19}}