{"host":"8ztb9kwpjc2zof9s","time":1611121663,"event":{"mods":["BaseMod","Block Reminder","Curses Come First","Minty Spire (QoL Compilation)","Relic Stats","StSLib"],"gold_per_floor":[112,187,58,58,58,90,90,116,116,146,95,95,110,126,126,229,229,249,267,292,307,307,307,323,323,350,350,205,205,26,40,40,40,40],"floor_reached":33,"language":"ENG","playtime":1346,"items_purged":["Strike_P","Evaluate","Defend_P"],"score":358,"play_id":"9cb2a7eb-53c8-428d-8ea7-95621fd74264","local_time":"20210119214743","is_ascension_mode":true,"campfire_choices":[{"data":"Evaluate","floor":12,"key":"SMITH"},{"data":"Pray","floor":15,"key":"SMITH"},{"data":"MasterReality","floor":23,"key":"SMITH"},{"data":"Halt","floor":25,"key":"SMITH"},{"data":"Establishment","floor":29,"key":"SMITH"},{"data":"Devotion","floor":32,"key":"SMITH"}],"circlet_count":0,"master_deck":["Strike_P","Strike_P","Defend_P","Defend_P","Eruption+1","Vigilance","Pray+1","SandsOfTime","Prostrate","Protect","Crescendo","Evaluate+1","FlyingSleeves","Protect","MasterReality+1","Consecrate+1","FlyingSleeves","Halt+1","Establishment+1","Prostrate","ClearTheMind","Devotion+1"],"relics":["PureWater","Question Card","Eternal Feather","Mango","CloakClasp","Bag of Preparation","VioletLotus","Red Mask","White Beast Statue","Nunchaku"],"acts_visited":["Exordium","TheCity"],"potions_floor_usage":[8,10,24,24,31,33],"damage_taken":[{"damage":12,"enemies":"Jaw Worm","floor":1,"turns":8},{"damage":0,"enemies":"Lagavulin","floor":6,"turns":5},{"damage":41,"enemies":"Gremlin Nob","floor":8,"turns":5},{"damage":0,"enemies":"Lagavulin","floor":10,"turns":5},{"damage":0,"enemies":"Small Slimes","floor":13,"turns":4},{"damage":0,"enemies":"Cultist","floor":14,"turns":2},{"damage":18,"enemies":"The Guardian","floor":16,"turns":10},{"damage":0,"enemies":"Shell Parasite","floor":18,"turns":4},{"damage":1,"enemies":"Spheric Guardian","floor":19,"turns":4},{"damage":21,"enemies":"Masked Bandits","floor":20,"turns":5},{"damage":4,"enemies":"Snecko","floor":21,"turns":6},{"damage":25,"enemies":"Cultist and Chosen","floor":24,"turns":6},{"damage":8,"enemies":"Shelled Parasite and Fungi","floor":31,"turns":4},{"damage":90,"enemies":"Collector","floor":33,"turns":6}],"seed_played":"8560224924292695939","potions_obtained":[{"floor":1,"key":"Strength Potion"},{"floor":8,"key":"Block Potion"},{"floor":16,"key":"SpeedPotion"},{"floor":19,"key":"GamblersBrew"},{"floor":20,"key":"SpeedPotion"},{"floor":24,"key":"SteroidPotion"},{"floor":31,"key":"Explosive Potion"}],"is_trial":false,"path_per_floor":["M","?","$","?","T","E","?","E","T","E","$","R","M","M","R","B",null,"M","M","?","M","T","R","M","R","T","?","$","R","$","M","R","B"],"character_chosen":"WATCHER","items_purchased":["Prostrate","Evaluate","Prostrate","ClearTheMind"],"campfire_rested":0,"item_purchase_floors":[3,11,28,30],"current_hp_per_floor":[60,49,49,42,42,42,42,15,15,15,15,21,21,21,30,12,86,86,85,64,60,60,72,47,59,59,59,59,71,71,63,75,0,0],"gold":40,"neow_bonus":"TRANSFORM_CARD","is_daily":false,"chose_seed":false,"campfire_upgraded":6,"win_rate":0.0,"timestamp":1611121663,"path_taken":["M","?","$","?","?","E","?","E","T","E","$","R","M","M","R","BOSS","M","M","?","M","?","R","?","R","T","?","$","R","$","M","R","BOSS"],"items_purchased_type":["Card","Card","Card","Card"],"build_version":"2020-12-22","purchased_purges":3,"victory":false,"max_hp_per_floor":[72,72,72,72,72,72,72,86,86,86,86,86,86,86,86,86,86,86,86,86,86,86,86,86,86,86,86,86,86,86,86,86,86,86],"relic_stats":{"Nunchaku":[1],"counters":[14,74],"Eternal Feather":63,"VioletLotus":[7],"CloakClasp":[231],"Bag of Preparation":[20],"Question Card":12,"obtain_stats":[{"Nunchaku":26,"Eternal Feather":6,"Mango":8,"VioletLotus":17,"CloakClasp":9,"Bag of Preparation":10,"Red Mask":20,"PureWater":0,"Question Card":5,"White Beast Statue":22},{"Nunchaku":12,"Eternal Feather":2,"Mango":3,"VioletLotus":7,"CloakClasp":3,"Bag of Preparation":4,"Red Mask":10,"PureWater":0,"Question Card":1,"White Beast Statue":11},{"Nunchaku":64,"Eternal Feather":13,"Mango":18,"VioletLotus":39,"CloakClasp":18,"Bag of Preparation":23,"Red Mask":52,"PureWater":0,"Question Card":8,"White Beast Statue":58}]},"card_choices":[{"not_picked":["ClearTheMind","PathToVictory"],"picked":"SandsOfTime","floor":1},{"not_picked":["SashWhip","ForeignInfluence","JustLucky"],"picked":"Protect","floor":6},{"not_picked":["Study","Evaluate","Adaptation"],"picked":"Crescendo","floor":8},{"not_picked":["LikeWater","Ragnarok","FollowUp","Crescendo"],"picked":"SKIP","floor":10},{"not_picked":["PathToVictory","ThirdEye","BattleHymn"],"picked":"FlyingSleeves","floor":13},{"not_picked":["EmptyBody","FlurryOfBlows","Swivel"],"picked":"Protect","floor":14},{"not_picked":["Ragnarok","DeusExMachina","Blasphemy"],"picked":"MasterReality","floor":16},{"not_picked":["Tantrum","Crescendo","EmptyMind"],"picked":"Evaluate","floor":18},{"not_picked":["WaveOfTheHand+1","Protect","Indignation"],"picked":"Consecrate+1","floor":19},{"not_picked":["SashWhip","Swivel","Crescendo"],"picked":"FlyingSleeves","floor":20},{"not_picked":["SashWhip","MentalFortress+1","LikeWater"],"picked":"Halt","floor":21},{"not_picked":["InnerPeace","Halt","WaveOfTheHand","FearNoEvil"],"picked":"SKIP","floor":24},{"not_picked":["ClearTheMind","FearNoEvil+1","Fasting2"],"picked":"Devotion","floor":31}],"player_experience":266409,"relics_obtained":[{"floor":5,"key":"Question Card"},{"floor":6,"key":"Eternal Feather"},{"floor":8,"key":"Mango"},{"floor":9,"key":"CloakClasp"},{"floor":10,"key":"Bag of Preparation"},{"floor":20,"key":"Red Mask"},{"floor":22,"key":"White Beast Statue"},{"floor":26,"key":"Nunchaku"}],"event_choices":[{"damage_healed":0,"gold_gain":75,"player_choice":"Gather Gold","damage_taken":11,"max_hp_gain":0,"max_hp_loss":0,"event_name":"World of Goop","floor":2,"gold_loss":0},{"cards_removed":["Defend_P"],"damage_healed":0,"gold_gain":0,"player_choice":"Card Removal","damage_taken":7,"max_hp_gain":0,"max_hp_loss":0,"event_name":"Golden Wing","floor":4,"gold_loss":0},{"damage_healed":0,"gold_gain":0,"player_choice":"Grow","damage_taken":0,"max_hp_gain":0,"max_hp_loss":0,"event_name":"Living Wall","floor":7,"gold_loss":0,"cards_upgraded":["Eruption"]},{"damage_healed":0,"gold_gain":0,"player_choice":"Fought Bandits","damage_taken":0,"max_hp_gain":0,"max_hp_loss":0,"event_name":"Masked Bandits","floor":20,"gold_loss":0},{"damage_healed":0,"gold_gain":0,"player_choice":"Read","damage_taken":0,"max_hp_gain":0,"max_hp_loss":0,"event_name":"The Library","floor":27,"gold_loss":0,"cards_obtained":["Establishment"]}],"is_beta":false,"boss_relics":[{"not_picked":["Philosopher\u0027s Stone","Snecko Eye"],"picked":"VioletLotus"}],"items_purged_floors":[3,28,30],"is_endless":false,"potions_floor_spawned":[1,8,16,19,20,24,31],"killed_by":"Collector","ascension_level":3}}