{"host":"5jyeqch4fosnsiz2","time":1611108718,"event":{"mods":["BaseMod","Bestiary","Colored Map","Colored Powertips","Filter the Spire","Minty Spire (QoL Compilation)","Relic Stats","StSLib","Waifu the Spire","ojb\u0027s Better Paths Mod","ojb\u0027s Info Mod"],"gold_per_floor":[116,128,128,0,175,175,2,27,27,27,60,76,76,76],"floor_reached":13,"language":"ENG","playtime":549,"items_purged":["Strike_R","Doubt"],"score":81,"play_id":"43f72d85-20fb-41b1-baa3-ea42e5c4d9fe","local_time":"20210119211158","is_ascension_mode":false,"campfire_choices":[{"data":"Armaments","floor":6,"key":"SMITH"}],"circlet_count":0,"master_deck":["Strike_R","Strike_R","Strike_R","Strike_R","Defend_R","Defend_R","Defend_R","Defend_R","Bash","Trip","Metallicize","Armaments+1","Dropkick","Rampage","Power Through","Dual Wield"],"relics":["Burning Blood","Odd Mushroom","Letter Opener","Anchor"],"acts_visited":["Exordium"],"potions_floor_usage":[13,13],"damage_taken":[{"damage":10,"enemies":"Small Slimes","floor":1,"turns":4},{"damage":4,"enemies":"2 Louse","floor":2,"turns":4},{"damage":13,"enemies":"The Mushroom Lair","floor":8,"turns":6},{"damage":25,"enemies":"3 Sentries","floor":11,"turns":11},{"damage":1,"enemies":"Jaw Worm","floor":12,"turns":4},{"damage":62,"enemies":"Gremlin Nob","floor":13,"turns":7}],"seed_played":"-7155517602293032572","potions_obtained":[{"floor":2,"key":"Strength Potion"},{"floor":12,"key":"PowerPotion"}],"is_trial":false,"path_per_floor":["M","M","?","$","?","R","$","?","T","$","E","M","E"],"character_chosen":"IRONCLAD","items_purchased":["Armaments","Dropkick"],"campfire_rested":0,"item_purchase_floors":[4,7],"current_hp_per_floor":[76,78,83,83,83,83,83,76,76,76,57,62,0,0],"gold":76,"neow_bonus":"RANDOM_COLORLESS","is_daily":false,"chose_seed":false,"campfire_upgraded":1,"win_rate":0.0,"timestamp":1611108718,"path_taken":["M","M","?","$","?","R","$","?","T","?","E","M","E"],"items_purchased_type":["Card","Card"],"build_version":"2020-12-22","purchased_purges":2,"victory":false,"max_hp_per_floor":[80,80,85,85,85,85,85,85,85,85,85,85,85,85],"relic_stats":{"counters":[6,35],"Letter Opener":[20],"obtain_stats":[{"Anchor":11,"Letter Opener":9,"Odd Mushroom":8,"Burning Blood":0},{"Anchor":4,"Letter Opener":3,"Odd Mushroom":3,"Burning Blood":0},{"Anchor":25,"Letter Opener":14,"Odd Mushroom":14,"Burning Blood":0}],"Burning Blood":30},"card_choices":[{"not_picked":["Impatience","Flash of Steel"],"picked":"Trip","floor":0},{"not_picked":["Body Slam","Pommel Strike"],"picked":"Metallicize","floor":1},{"not_picked":["Body Slam","Sentinel","Anger"],"picked":"SKIP","floor":2},{"not_picked":["Power Through","Warcry"],"picked":"Rampage","floor":8},{"not_picked":["True Grit","Corruption"],"picked":"Power Through","floor":11},{"not_picked":["Power Through","Wild Strike"],"picked":"Dual Wield","floor":12}],"player_experience":309002,"relics_obtained":[{"floor":8,"key":"Odd Mushroom"},{"floor":9,"key":"Letter Opener"},{"floor":11,"key":"Anchor"}],"event_choices":[{"damage_healed":0,"gold_gain":0,"player_choice":"Donut","damage_taken":0,"max_hp_gain":5,"max_hp_loss":0,"event_name":"Big Fish","floor":3,"gold_loss":0},{"damage_healed":0,"gold_gain":175,"player_choice":"AGREE","damage_taken":0,"max_hp_gain":0,"max_hp_loss":0,"event_name":"Liars Game","floor":5,"gold_loss":0,"cards_obtained":["Doubt"]},{"damage_healed":0,"gold_gain":0,"player_choice":"Fought Mushrooms","damage_taken":0,"max_hp_gain":0,"max_hp_loss":0,"event_name":"Mushrooms","floor":8,"gold_loss":0}],"is_beta":false,"boss_relics":[],"items_purged_floors":[4,7],"is_endless":false,"potions_floor_spawned":[2,12],"killed_by":"Gremlin Nob","ascension_level":0}}