{"host":"c52z9ixzgdjttcmx","time":1611171768,"event":{"mods":["BaseMod","Colored Powertips","Minty Spire (QoL Compilation)","Rare Cards Sparkle","Relic Stats"],"gold_per_floor":[115,115,115,115,115,147,147,161,184,195,50,50,50,62,62,135,135,152,168,118,118,118],"floor_reached":21,"language":"ENG","playtime":660,"items_purged":[],"score":354,"play_id":"7e870264-10e0-4540-b5a1-decd5d5ab4f4","local_time":"20210120134248","is_ascension_mode":true,"campfire_choices":[{"data":"Footwork","floor":7,"key":"SMITH"},{"floor":13,"key":"REST"},{"data":"Deadly Poison","floor":15,"key":"SMITH"}],"circlet_count":0,"master_deck":["AscendersBane","Strike_G+1","Defend_G","Defend_G","Defend_G","Defend_G+1","Defend_G","Survivor","Neutralize+1","Dagger Spray","Blur","Regret","Footwork+1","Quick Slash","Deadly Poison+1","Distraction+1","Tools of the Trade","Riddle With Holes+1","Masterful Stab+1","Setup+1","Reflex","PiercingWail"],"relics":["Ring of the Snake","NeowsBlessing","Tiny Chest","Tough Bandages","PreservedInsect","Snake Skull","TwistedFunnel","Gremlin Horn","Astrolabe"],"acts_visited":["Exordium","TheCity"],"potions_floor_usage":[16,18],"damage_taken":[{"damage":0,"enemies":"Jaw Worm","floor":1,"turns":1},{"damage":0,"enemies":"Lagavulin","floor":6,"turns":1},{"damage":0,"enemies":"2 Louse","floor":8,"turns":1},{"damage":7,"enemies":"Small Slimes","floor":10,"turns":5},{"damage":0,"enemies":"Looter","floor":14,"turns":3},{"damage":29,"enemies":"Hexaghost","floor":16,"turns":10},{"damage":31,"enemies":"2 Thieves","floor":18,"turns":5},{"damage":16,"enemies":"3 Byrds","floor":19,"turns":4},{"damage":10,"enemies":"3 Cultists","floor":21,"turns":5}],"seed_played":"2953670236696143692","potions_obtained":[{"floor":10,"key":"Fire Potion"},{"floor":14,"key":"Strength Potion"},{"floor":16,"key":"BlessingOfTheForge"}],"is_trial":false,"path_per_floor":["M","?","?","?","T","E","R","M","T","M","$","T","R","M","R","B",null,"M","M","?","M"],"character_chosen":"THE_SILENT","items_purchased":["TwistedFunnel"],"campfire_rested":1,"item_purchase_floors":[11],"current_hp_per_floor":[59,59,59,39,39,39,39,39,39,32,32,32,51,51,51,22,55,24,8,8,0,0],"gold":118,"neow_bonus":"THREE_ENEMY_KILL","is_daily":false,"chose_seed":false,"campfire_upgraded":2,"win_rate":0.0,"timestamp":1611171768,"path_taken":["M","?","?","?","?","E","R","M","T","?","$","?","R","M","R","BOSS","M","M","?","M"],"items_purchased_type":["Relic"],"build_version":"2020-12-22","purchased_purges":0,"victory":false,"max_hp_per_floor":[66,66,66,66,66,66,66,66,66,66,66,66,66,66,66,66,66,66,66,66,66,66],"relic_stats":{"Tough Bandages":[45],"Gremlin Horn":[4,5],"counters":[9,35],"Astrolabe":["Riddle With Holes","Masterful Stab","Setup"],"Tiny Chest":1,"PreservedInsect":0,"Snake Skull":[16],"obtain_stats":[{"TwistedFunnel":11,"Tough Bandages":5,"NeowsBlessing":0,"Gremlin Horn":12,"Astrolabe":17,"Tiny Chest":3,"PreservedInsect":6,"Snake Skull":9,"Ring of the Snake":0},{"TwistedFunnel":4,"Tough Bandages":1,"NeowsBlessing":0,"Gremlin Horn":4,"Astrolabe":6,"Tiny Chest":1,"PreservedInsect":2,"Snake Skull":3,"Ring of the Snake":0},{"TwistedFunnel":8,"Tough Bandages":1,"NeowsBlessing":0,"Gremlin Horn":8,"Astrolabe":21,"Tiny Chest":1,"PreservedInsect":2,"Snake Skull":3,"Ring of the Snake":0}],"Ring of the Snake":[18]},"card_choices":[{"not_picked":["Bane","Quick Slash"],"picked":"Dagger Spray","floor":1},{"not_picked":["Slice","Skewer"],"picked":"Footwork","floor":6},{"not_picked":["Setup","Poisoned Stab"],"picked":"Quick Slash","floor":8},{"not_picked":["Endless Agony","Accuracy"],"picked":"Deadly Poison","floor":10},{"not_picked":["Predator","Heel Hook"],"picked":"Distraction","floor":14},{"not_picked":["Unload","A Thousand Cuts"],"picked":"Tools of the Trade","floor":16},{"not_picked":["Well Laid Plans","Bane"],"picked":"Reflex","floor":18},{"not_picked":["Dodge and Roll","Blade Dance"],"picked":"PiercingWail","floor":19}],"player_experience":3293102,"relics_obtained":[{"floor":5,"key":"Tough Bandages"},{"floor":6,"key":"PreservedInsect"},{"floor":9,"key":"Snake Skull"},{"floor":12,"key":"Gremlin Horn"}],"event_choices":[{"damage_healed":0,"gold_gain":0,"cards_transformed":["Strike_G"],"player_choice":"Change","damage_taken":0,"max_hp_gain":0,"max_hp_loss":0,"event_name":"Living Wall","floor":2,"gold_loss":0,"cards_obtained":["Blur"]},{"damage_healed":0,"gold_gain":0,"player_choice":"Box","damage_taken":0,"relics_obtained":["Tiny Chest"],"max_hp_gain":0,"max_hp_loss":0,"event_name":"Big Fish","floor":3,"gold_loss":0,"cards_obtained":["Regret"]},{"damage_healed":0,"gold_gain":0,"player_choice":"Entered Light","damage_taken":20,"max_hp_gain":0,"max_hp_loss":0,"event_name":"Shining Light","floor":4,"gold_loss":0,"cards_upgraded":["Defend_G","Strike_G"]},{"damage_healed":0,"gold_gain":0,"player_choice":"Upgraded Two","damage_taken":0,"max_hp_gain":0,"max_hp_loss":0,"event_name":"Designer","floor":20,"gold_loss":50,"cards_upgraded":["Neutralize","Distraction"]}],"is_beta":false,"boss_relics":[{"not_picked":["Fusion Hammer","Philosopher\u0027s Stone"],"picked":"Astrolabe"}],"items_purged_floors":[],"is_endless":false,"potions_floor_spawned":[10,14,16],"killed_by":"3 Cultists","ascension_level":15}}