{"host":"l84l8xigz5v5foa2","time":1611159444,"event":{"mods":["2.2 Compatiblity","AchievementEnabler","BaseMod","Better Note","Better Vampires","Card Filter","Colored Map","DeckTracker","Downfall","Gremlin Skip","Highlight Path","Keyboard Shortcuts","Minty Spire (QoL Compilation)","Permanent Neow","Quick Restart","Relic Filter","Relic Stats","StSLib","SuperFastMode","Transform Curses","Unknown Chances"],"gold_per_floor":[361,436,161,161,187,187,187,214,214,232,248,248,264,334,334,408,408,428,478,496,113,140,140,140,140,219,252,252,280,303,344,344,417,417,430,144,194,204,265,265,289,289,361,387,416,416,458,477,477,477,477,477,477,13,38,38],"floor_reached":57,"language":"ENG","playtime":3688,"items_purged":["hexamod:Strike","hexamod:Strike","hexamod:Strike","hexamod:SecondSeal"],"score":2916,"play_id":"bbd92e3c-6bb7-4935-8088-49a51ce53644","local_time":"20210121011724","is_ascension_mode":true,"campfire_choices":[{"data":"hexamod:Float","floor":7.0,"key":"SMITH"},{"data":"hexamod:Incineration","floor":12.0,"key":"SMITH"},{"data":"hexamod:GhostflameBarrier","floor":15.0,"key":"SMITH"},{"floor":23.0,"key":"RECALL"},{"data":"hexamod:RetreatToShadows","floor":25.0,"key":"SMITH"},{"data":"hexamod:Rewind","floor":28.0,"key":"SMITH"},{"data":"hexamod:NecessarySacrifice","floor":32.0,"key":"SMITH"},{"data":"hexamod:FlameSwitch","floor":40.0,"key":"SMITH"},{"data":"hexamod:GhostOfSpirePast","floor":46.0,"key":"SMITH"},{"data":"hexamod:HeatShield","floor":49.0,"key":"SMITH"},{"data":"hexamod:HexaLevel","floor":53.0,"key":"SMITH"}],"circlet_count":0,"master_deck":["AscendersBane","hexamod:Strike+1","hexamod:Defend+1","hexamod:Defend+1","hexamod:Defend+1","hexamod:Defend+1","hexamod:Sear+1","hexamod:Float+1","hexamod:HeatMetal+1","hexamod:TimeOfNeed+1","hexamod:Incineration+1","hexamod:SpectersWail+1","hexamod:GhostflameBarrier+1","hexamod:ShieldOfDarkness+1","hexamod:FourthSeal","hexamod:RetreatToShadows+1","hexamod:HauntingEcho+1","hexamod:ThirdSeal","hexamod:Rewind+1","hexamod:ThirdSeal","hexamod:FifthSeal","hexamod:HeatShield+1","hexamod:NecessarySacrifice+1","hexamod:FlameSwitch+1","hexamod:HexaLevel+1","hexamod:ForkedFlame+1","hexamod:FirstSeal","hexamod:GhostOfSpirePast+1","hexamod:RecurringNightmare+1","hexamod:Hexaguard+1","hexamod:SixthSeal","hexamod:HexaLevel+1","hexamod:TimeOfNeed+1","Madness+1","Madness+1","hexamod:SixthSeal","hexamod:Rewind+1","hexamod:InspiringFlames+1","hexamod:StepThrough+1","hexamod:GhostShield+1","Finesse+1","hexamod:RetreatToShadows+1","hexamod:ThermalTransfer+1"],"relics":["hexamod:SpiritBrand","Toolbox","Mummified Hand","HornCleat","Pen Nib","expansioncontent:StudyCardRelic","Membership Card","White Beast Statue","Happy Flower","Singing Bowl","TungstenRod","hexamod:TheBrokenSeal","Thread and Needle","sneckomod:SneckoTalon","Bag of Preparation","Toxic Egg 2","PreservedInsect","Calipers","Kunai","Strawberry","Molten Egg 2","Pocketwatch","CaptainsWheel","Blood Vial"],"acts_visited":["Exordium","TheCity","TheBeyond","TheEnding"],"potions_floor_usage":[56,56],"damage_taken":[{"damage":0.0,"enemies":"2 Louse","floor":1.0,"turns":3.0},{"damage":12.0,"enemies":"Lagavulin","floor":8.0,"turns":9.0},{"damage":0.0,"enemies":"Jaw Worm","floor":10.0,"turns":4.0},{"damage":0.0,"enemies":"Small Slimes","floor":11.0,"turns":3.0},{"damage":0.0,"enemies":"2 Fungi Beasts","floor":13.0,"turns":3.0},{"damage":5.0,"enemies":"3 Sentries","floor":14.0,"turns":8.0},{"damage":14.0,"enemies":"The Guardian","floor":16.0,"turns":9.0},{"damage":0.0,"enemies":"Shell Parasite","floor":18.0,"turns":3.0},{"damage":2.0,"enemies":"3 Byrds","floor":20.0,"turns":4.0},{"damage":0.0,"enemies":"Snecko","floor":22.0,"turns":3.0},{"damage":27.0,"enemies":"Gremlin Leader","floor":27.0,"turns":4.0},{"damage":2.0,"enemies":"Snake Plant","floor":29.0,"turns":5.0},{"damage":23.0,"enemies":"Centurion and Healer","floor":30.0,"turns":7.0},{"damage":17.0,"enemies":"Book of Stabbing","floor":31.0,"turns":5.0},{"damage":38.0,"enemies":"Collector","floor":33.0,"turns":8.0},{"damage":2.0,"enemies":"Orb Walker","floor":35.0,"turns":4.0},{"damage":0.0,"enemies":"3 Shapes","floor":38.0,"turns":6.0},{"damage":1.0,"enemies":"2 Orb Walkers","floor":39.0,"turns":5.0},{"damage":0.0,"enemies":"Writhing Mass","floor":41.0,"turns":9.0},{"damage":21.0,"enemies":"3 Darklings","floor":44.0,"turns":6.0},{"damage":0.0,"enemies":"Nemesis","floor":45.0,"turns":3.0},{"damage":2.0,"enemies":"Giant Head","floor":47.0,"turns":6.0},{"damage":0.0,"enemies":"Maw","floor":48.0,"turns":8.0},{"damage":117.0,"enemies":"Awakened One","floor":50.0,"turns":16.0},{"damage":8.0,"enemies":"Time Eater","floor":51.0,"turns":12.0},{"damage":0.0,"enemies":"Shield and Spear","floor":55.0,"turns":6.0},{"damage":29,"enemies":"The Heart","floor":56,"turns":9}],"seed_played":"-3396243968718104060","potions_obtained":[{"floor":1.0,"key":"Fire Potion"},{"floor":8.0,"key":"SpeedPotion"},{"floor":10.0,"key":"CultistPotion"},{"floor":11.0,"key":"Fire Potion"},{"floor":14.0,"key":"bronze:BurnAndBuffPotion"},{"floor":16.0,"key":"AttackPotion"},{"floor":16.0,"key":"SpeedPotion"},{"floor":18.0,"key":"Regen Potion"},{"floor":20.0,"key":"ColorlessPotion"},{"floor":22.0,"key":"AttackPotion"},{"floor":27.0,"key":"BlessingOfTheForge"},{"floor":27.0,"key":"GamblersBrew"},{"floor":29.0,"key":"ColorlessPotion"},{"floor":29.0,"key":"EntropicBrew"},{"floor":30.0,"key":"hexamod:EctoCoolerPotion"},{"floor":30.0,"key":"SneckoOil"},{"floor":31.0,"key":"Ancient Potion"},{"floor":31.0,"key":"SkillPotion"},{"floor":33.0,"key":"Explosive Potion"},{"floor":33.0,"key":"Swift Potion"},{"floor":35.0,"key":"AttackPotion"},{"floor":38.0,"key":"Explosive Potion"},{"floor":39.0,"key":"FairyPotion"},{"floor":39.0,"key":"ColorlessPotion"},{"floor":41.0,"key":"Dexterity Potion"},{"floor":45.0,"key":"DuplicationPotion"},{"floor":47.0,"key":"CultistPotion"},{"floor":55.0,"key":"GamblersBrew"},{"floor":55.0,"key":"hexamod:EctoCoolerPotion"}],"is_trial":false,"path_per_floor":["M","?","$","?","T","?","R","E","T","M","M","R","M","E","R","B",null,"M","?","M","$","M","R","?","R","T","E","R","M","M","E","R","B",null,"M","$","T","M","?","R","M","?","T","M","E","R","E","M","R","B","B",null,"R","$","E","B",null],"character_chosen":"THE_SPIRIT","items_purchased":["hexamod:HeatMetal","Toolbox","Membership Card","hexamod:HauntingEcho","White Beast Statue","Bag of Preparation","Toxic Egg 2","Pocketwatch","Finesse+1","CaptainsWheel"],"campfire_rested":0,"item_purchase_floors":[3,3,21,21,21,36,36,54,54,54],"current_hp_per_floor":[57,46,46,29,29,22,22,17,17,24,31,31,38,33,33,26,49,56,56,57,57,57,57,57,57,57,48,48,59,49,81,81,43,72,83,83,83,87,91,91,97,81,81,73,91,91,102,113,113,44,43,104,104,104,115,95],"gold":38,"neow_bonus":"TWO_FIFTY_GOLD","is_daily":false,"chose_seed":false,"campfire_upgraded":10,"win_rate":0.0,"timestamp":1611159444,"path_taken":["M","?","$","?","?","?","R","E","T","M","M","R","M","E","R","BOSS","M","?","?","$","M","R","?","R","T","E","R","M","M","E","R","BOSS","M","$","?","M","?","R","M","?","T","M","E","R","E","M","R","BOSS","BOSS","R","$","E","BOSS"],"items_purchased_type":["Card","Relic","Relic","Card","Relic","Relic","Relic","Relic","Card","Relic"],"build_version":"2020-12-22","purchased_purges":4,"victory":true,"max_hp_per_floor":[57,57,57,57,57,57,57,57,57,57,57,57,57,57,57,57,57,57,57,57,57,57,57,57,57,57,59,59,65,71,81,81,81,81,87,87,87,87,91,91,97,97,97,103,114,114,120,124,124,124,124,124,124,124,128,128],"relic_stats":{"Blood Vial":2,"Happy Flower":[39],"Singing Bowl":54,"counters":[27,168],"Mummified Hand":[242],"Pen Nib":[17],"PreservedInsect":257,"Bag of Preparation":[22],"Kunai":[4],"obtain_stats":[{"Calipers":39,"Happy Flower":24,"Singing Bowl":26,"hexamod:TheBrokenSeal":31,"Thread and Needle":31,"Pen Nib":14,"PreservedInsect":37,"expansioncontent:StudyCardRelic":17,"Bag of Preparation":36,"sneckomod:SneckoTalon":34,"White Beast Statue":21,"Blood Vial":55,"CaptainsWheel":54,"HornCleat":9,"Mummified Hand":8,"Strawberry":45,"Toolbox":3,"Molten Egg 2":47,"Membership Card":21,"Kunai":43,"Toxic Egg 2":36,"hexamod:SpiritBrand":0,"TungstenRod":27,"Pocketwatch":54},{"Calipers":18,"Happy Flower":10,"Singing Bowl":10,"hexamod:TheBrokenSeal":14,"Thread and Needle":14,"Pen Nib":6,"PreservedInsect":16,"expansioncontent:StudyCardRelic":7,"Bag of Preparation":16,"sneckomod:SneckoTalon":15,"White Beast Statue":9,"Blood Vial":26,"CaptainsWheel":25,"HornCleat":2,"Mummified Hand":2,"Strawberry":21,"Toolbox":1,"Molten Egg 2":22,"Membership Card":9,"Kunai":19,"Toxic Egg 2":16,"hexamod:SpiritBrand":0,"TungstenRod":11,"Pocketwatch":25},{"Calipers":93,"Happy Flower":49,"Singing Bowl":49,"hexamod:TheBrokenSeal":70,"Thread and Needle":70,"Pen Nib":30,"PreservedInsect":82,"expansioncontent:StudyCardRelic":39,"Bag of Preparation":82,"sneckomod:SneckoTalon":78,"White Beast Statue":46,"Blood Vial":159,"CaptainsWheel":153,"HornCleat":12,"Mummified Hand":12,"Strawberry":111,"Toolbox":3,"Molten Egg 2":117,"Membership Card":46,"Kunai":102,"Toxic Egg 2":82,"hexamod:SpiritBrand":0,"TungstenRod":53,"Pocketwatch":153}],"TungstenRod":45,"Pocketwatch":[3]},"card_choices":[{"not_picked":["hexamod:SkipABeat","hexamod:GhostShield","hexamod:NightmareStrike"],"picked":"SKIP","floor":1.0},{"not_picked":["hexamod:NightmareStrike","hexamod:Rewind"],"picked":"hexamod:TimeOfNeed","floor":8.0},{"not_picked":["hexamod:SpectralSpark","hexamod:Rewind"],"picked":"hexamod:Incineration","floor":10.0},{"not_picked":["hexamod:HeatCrush","hexamod:FourthSeal"],"picked":"hexamod:SpectersWail","floor":11.0},{"not_picked":["hexamod:SecondSeal","hexamod:PhantomCloak"],"picked":"hexamod:GhostflameBarrier","floor":13.0},{"not_picked":["hexamod:Hexaguard","hexamod:Firestarter"],"picked":"hexamod:ShieldOfDarkness","floor":14.0},{"not_picked":["hexamod:ApocalypticArmor","hexamod:GiftsFromTheDead"],"picked":"hexamod:FifthSeal","floor":16.0},{"not_picked":["hexamod:FirstSeal","hexamod:SecondSeal"],"picked":"hexamod:FourthSeal","floor":18.0},{"not_picked":["hexamod:Firestarter","hexamod:Incineration","hexamod:SpectersWail"],"picked":"SKIP","floor":18.0},{"not_picked":["hexamod:FirstSeal","hexamod:FourthSeal"],"picked":"hexamod:SecondSeal","floor":20.0},{"not_picked":["hexamod:SpectersWail","hexamod:NightmareGuise"],"picked":"hexamod:RetreatToShadows","floor":20.0},{"not_picked":["hexamod:FourthSeal","hexamod:SecondSeal"],"picked":"hexamod:ThirdSeal","floor":22.0},{"not_picked":["hexamod:ShieldOfDarkness","hexamod:GhostShield","hexamod:GhostOfSpireFuture"],"picked":"SKIP","floor":22.0},{"not_picked":["hexamod:FirstSeal","hexamod:FourthSeal"],"picked":"hexamod:ThirdSeal","floor":27.0},{"not_picked":["hexamod:EmpoweredFlame","hexamod:GhostOfSpireFuture"],"picked":"hexamod:Rewind","floor":27.0},{"not_picked":["hexamod:SpectralSpark","hexamod:ExtraCrispy","hexamod:VolcanoVisage"],"picked":"Singing Bowl","floor":27.0},{"not_picked":["hexamod:SecondSeal","hexamod:FourthSeal"],"picked":"hexamod:ThirdSeal","floor":29.0},{"not_picked":["hexamod:ThermalTransfer","hexamod:RadiantFlame","hexamod:RainOfEmbers"],"picked":"Singing Bowl","floor":29.0},{"not_picked":["hexamod:NightmareStrike","hexamod:PhantomFireball","hexamod:ShieldOfDarkness"],"picked":"Singing Bowl","floor":29.0},{"not_picked":["hexamod:Rewind","hexamod:HauntingEcho","hexamod:InspiringFlames"],"picked":"Singing Bowl","floor":29.0},{"not_picked":["hexamod:FirstSeal","hexamod:SecondSeal"],"picked":"hexamod:SixthSeal","floor":30.0},{"not_picked":["hexamod:ExtraCrispy","hexamod:ChargedBarrage"],"picked":"hexamod:FifthSeal","floor":30.0},{"not_picked":["hexamod:FastForward","hexamod:SwordOfDarkness","hexamod:SpectersWail"],"picked":"Singing Bowl","floor":30.0},{"not_picked":["hexamod:Hexaguard","hexamod:ShieldOfDarkness","hexamod:GhostflameBarrier"],"picked":"Singing Bowl","floor":30.0},{"not_picked":["hexamod:Rewind","hexamod:NightmareStrike","hexamod:SwordOfDarkness"],"picked":"Singing Bowl","floor":30.0},{"not_picked":["hexamod:ThermalTransfer+1","hexamod:Firestarter"],"picked":"hexamod:HeatShield","floor":31.0},{"not_picked":["hexamod:EtherealExpedition","hexamod:SpectersWail"],"picked":"hexamod:NecessarySacrifice","floor":31.0},{"not_picked":["hexamod:Toasty","hexamod:HexaLevel"],"picked":"hexamod:FlameSwitch","floor":33.0},{"not_picked":["hexamod:WildfireWeapon","hexamod:VolcanoVisage"],"picked":"hexamod:HexaLevel","floor":33.0},{"not_picked":["hexamod:SixthSeal","hexamod:ApocalypseNow"],"picked":"hexamod:ForkedFlame","floor":33.0},{"not_picked":["hexamod:FourthSeal","hexamod:ThirdSeal"],"picked":"hexamod:FirstSeal","floor":33.0},{"not_picked":["hexamod:AdvancingGuard","hexamod:NightmareGuise+1","hexamod:SpectersWail"],"picked":"Singing Bowl","floor":35.0},{"not_picked":["hexamod:SuperheatedStrike","hexamod:SkipABeat+1","hexamod:SwordOfDarkness+1"],"picked":"Singing Bowl","floor":35.0},{"not_picked":["hexamod:FirstSeal","hexamod:FourthSeal","hexamod:ThirdSeal"],"picked":"Singing Bowl","floor":35.0},{"not_picked":["hexamod:FourthSeal","hexamod:FirstSeal"],"picked":"hexamod:SecondSeal","floor":38.0},{"not_picked":["hexamod:ShieldOfDarkness+1","hexamod:Again+1"],"picked":"hexamod:GhostOfSpirePast","floor":38.0},{"not_picked":["hexamod:FastForward+1","hexamod:ThermalTransfer"],"picked":"hexamod:RecurringNightmare+1","floor":38.0},{"not_picked":["hexamod:PhantomFireball","hexamod:BurningTouch+1"],"picked":"hexamod:Hexaguard+1","floor":38.0},{"not_picked":["hexamod:SecondSeal","hexamod:FourthSeal"],"picked":"hexamod:SixthSeal","floor":39.0},{"not_picked":["hexamod:SpectralSpark+1","hexamod:PhantomFireball+1","hexamod:SoulSteal+1"],"picked":"Singing Bowl","floor":39.0},{"not_picked":["hexamod:BurningTouch+1","hexamod:NightmareGuise+1","hexamod:NightmareStrike+1"],"picked":"Singing Bowl","floor":39.0},{"not_picked":["hexamod:GhostLash+1","hexamod:HeatCrush"],"picked":"hexamod:HexaLevel","floor":39.0},{"not_picked":["hexamod:SpectersWail","hexamod:SuperheatedStrike"],"picked":"hexamod:TimeOfNeed+1","floor":41.0},{"not_picked":["hexamod:AdvancingGuard+1","hexamod:NightmareGuise+1","hexamod:FlamesFromBeyond+1"],"picked":"Singing Bowl","floor":41.0},{"not_picked":["hexamod:SpectralAdrenaline+1","hexamod:NightmareGuise+1","hexamod:NightmareStrike"],"picked":"Singing Bowl","floor":41.0},{"not_picked":["hexamod:FourthSeal","hexamod:ThirdSeal","hexamod:SecondSeal"],"picked":"Singing Bowl","floor":41.0},{"not_picked":["hexamod:PowerFromBeyond+1","hexamod:SkipABeat+1","hexamod:DynamicBlow+1"],"picked":"Singing Bowl","floor":44.0},{"not_picked":["hexamod:NightmareGuise+1","hexamod:NightmareStrike"],"picked":"hexamod:SixthSeal","floor":44.0},{"not_picked":["hexamod:SecondSeal","hexamod:SuperheatedStrike","hexamod:Firestarter"],"picked":"Singing Bowl","floor":44.0},{"not_picked":["hexamod:ThirdSeal","hexamod:SixthSeal","hexamod:SecondSeal"],"picked":"Singing Bowl","floor":44.0},{"not_picked":["hexamod:InspiringFlames+1","hexamod:HeatMetal","hexamod:GhostLash"],"picked":"Singing Bowl","floor":45.0},{"not_picked":["hexamod:GhostShield+1","hexamod:SwordOfDarkness"],"picked":"hexamod:Rewind+1","floor":45.0},{"not_picked":["hexamod:BacktrackSmack+1","hexamod:FlamesFromBeyond+1","hexamod:NightmareStrike"],"picked":"Singing Bowl","floor":45.0},{"not_picked":["hexamod:SpectersWail+1","hexamod:RecurringNightmare+1"],"picked":"hexamod:InspiringFlames+1","floor":47.0},{"not_picked":["hexamod:ThirdSeal","hexamod:FourthSeal","hexamod:SixthSeal"],"picked":"Singing Bowl","floor":47.0},{"not_picked":["hexamod:SpectersWail+1","hexamod:FlamesFromBeyond+1","hexamod:ApocalypseNow+1"],"picked":"Singing Bowl","floor":47.0},{"not_picked":["hexamod:Rewind+1","hexamod:SpectralAdrenaline+1","hexamod:BacktrackSmack+1"],"picked":"Singing Bowl","floor":47.0},{"not_picked":["hexamod:SecondSeal","hexamod:TimeWarp+1"],"picked":"hexamod:StepThrough+1","floor":48.0},{"not_picked":["hexamod:Again+1","hexamod:BacktrackSmack+1"],"picked":"hexamod:GhostShield+1","floor":48.0},{"not_picked":["hexamod:SecondSeal","hexamod:FirstSeal","hexamod:FourthSeal"],"picked":"Singing Bowl","floor":48.0},{"not_picked":["hexamod:NecessarySacrifice+1","hexamod:SpectralSpark+1","hexamod:SwordOfDarkness+1"],"picked":"Singing Bowl","floor":48.0},{"not_picked":["hexamod:AdvancingGuard+1","hexamod:SwordOfDarkness+1"],"picked":"hexamod:RetreatToShadows+1","floor":55.0},{"not_picked":["hexamod:HauntingEcho+1","hexamod:BurningTouch+1"],"picked":"hexamod:ThermalTransfer+1","floor":55.0},{"not_picked":["hexamod:FirstSeal","hexamod:NightmareGuise+1","hexamod:FlamesFromBeyond+1"],"picked":"Singing Bowl","floor":55.0},{"not_picked":["hexamod:FourthSeal","hexamod:SecondSeal","hexamod:FirstSeal"],"picked":"Singing Bowl","floor":55.0}],"player_experience":3325919,"relics_obtained":[{"floor":8.0,"key":"Mummified Hand"},{"floor":9.0,"key":"HornCleat"},{"floor":14.0,"key":"Pen Nib"},{"floor":26.0,"key":"Singing Bowl"},{"floor":27.0,"key":"TungstenRod"},{"floor":31.0,"key":"Thread and Needle"},{"floor":37.0,"key":"PreservedInsect"},{"floor":39.0,"key":"Calipers"},{"floor":43.0,"key":"Kunai"},{"floor":45.0,"key":"Strawberry"},{"floor":47.0,"key":"Molten Egg 2"},{"floor":55.0,"key":"Blood Vial"}],"event_choices":[{"damage_healed":0.0,"max_hp_gain":0.0,"max_hp_loss":0.0,"gold_gain":75.0,"event_name":"World of Goop","player_choice":"Gather Gold","floor":2.0,"gold_loss":0.0,"damage_taken":11.0},{"damage_healed":0.0,"max_hp_gain":0.0,"max_hp_loss":0.0,"gold_gain":0.0,"event_name":"Shining Light","player_choice":"Entered Light","floor":4.0,"gold_loss":0.0,"damage_taken":17.0,"cards_upgraded":["hexamod:HeatMetal","hexamod:Defend"]},{"damage_healed":0.0,"max_hp_gain":0.0,"max_hp_loss":0.0,"gold_gain":100.0,"event_name":"The Joust","player_choice":"Bet on Murderer","floor":19.0,"gold_loss":50.0,"damage_taken":0.0},{"damage_healed":0.0,"max_hp_gain":0.0,"max_hp_loss":0.0,"gold_gain":0.0,"event_name":"WeMeetAgain","player_choice":"Gave Potion","floor":24.0,"gold_loss":0.0,"damage_taken":0.0,"relics_obtained":["Happy Flower"]},{"damage_healed":0.0,"max_hp_gain":0.0,"max_hp_loss":0.0,"gold_gain":0.0,"event_name":"Mysterious Sphere","player_choice":"Fight","floor":39.0,"gold_loss":0.0,"damage_taken":0.0},{"damage_healed":0.0,"max_hp_gain":0.0,"max_hp_loss":0.0,"gold_gain":0.0,"event_name":"Winding Halls","player_choice":"Embrace Madness","floor":42.0,"gold_loss":0.0,"damage_taken":17.0,"cards_obtained":["Madness","Madness"]}],"is_beta":false,"boss_relics":[{"not_picked":["Velvet Choker","Astrolabe"],"picked":"expansioncontent:StudyCardRelic"},{"not_picked":["Calling Bell","SacredBark"],"picked":"sneckomod:SneckoTalon"}],"items_purged_floors":[3,21,36,54],"is_endless":false,"potions_floor_spawned":[1,10,16,18,22,27,29,30,31,33,35,38,39,41,44,45,47,48,55],"ascension_level":20}}