{"host":"nug5xkek4sujf8as","time":1611160940,"event":{"mods":["Act Like it!","Arknights The Spire","Aspiration","BaseMod","Booster Modes","CapriCore","Colored Powertips","Conspire","Energized Spire","Gensokyo","Minty Spire (QoL Compilation)","Permanent Neow","Quick Restart","Replay The Spire","Shop Mod","Spicy Shops","StSLib","vexMod","¡¾¹¦ÄÜMod¡¿»ìãçÖ®»·ÐÞ¸´²¹¶¡","¡¾ÒÅÎï¿¨ÅÆ¡¿REMEMod","óô»ðÖ¸ÄÏ"],"gold_per_floor":[118,118,208,223,239,272,22,52,52,70,70,97,410,429,429,732,732,746,766,766,766,238,238,238,266,266,266,266],"floor_reached":27,"language":"ZHS","playtime":1458,"items_purged":[],"score":251,"play_id":"89d28ee1-17ad-4090-ab0a-18c1efcf8092","local_time":"20210121004220","is_ascension_mode":false,"campfire_choices":[{"floor":15.0,"key":"DIG"},{"data":"ats:Strike V","floor":23.0,"key":"PURGE"}],"circlet_count":0,"master_deck":["ats:Armor Crushing Shot","ats:Defend","ats:Emotion Absorption","ats:Mental Burst","ats:Apocalypse","ats:Composite Medical Shells","ats:Shell Defense","ats:Wolf Pack","ats:Ignite","ats:Healing Strengthening","ats:Flexible Camouflage","REME_LeechingPoison+1","Dagger Throw","Sneak Up","ats:Echo Reverb","ats:Nebulous Foxfire","ats:Curse Doll+1","Body Slam","Gensokyo:ManorOfTheDishes+1","Gensokyo:Shovel","Gensokyo:ScrapIron","Gensokyo:DepletedGenerator","Gensokyo:LockedMedkit","ats:Shadow Assault+1"],"relics":["ats:Sanity Plus","REME_ComplimentaryCards","aspiration:Nostalgia","Sizzling Blood","Bag of Preparation","ats:Originium","conspire:GiftBox","ats:Defend","aspiration:FetidBarrel","Peace Pipe","Pen Nib","Bottled Tornado","Counterbalance","REME_CardOfGreed","vexMod:PaidLearning","Letter Opener","ReplayTheSpireMod:TigerMarble"],"acts_visited":["Gensokyo:Gensokyo","Gensokyo:Gensokyoer"],"potions_floor_usage":[],"damage_taken":[{"damage":6.0,"enemies":"Gensokyo:Python","floor":1.0,"turns":3.0},{"damage":7.0,"enemies":"Gensokyo:Gryphon","floor":4.0,"turns":3.0},{"damage":0.0,"enemies":"Gensokyo:3_Fairies","floor":5.0,"turns":4.0},{"damage":12.0,"enemies":"Gensokyo:Cirno","floor":6.0,"turns":5.0},{"damage":29.0,"enemies":"Gensokyo:Aya","floor":8.0,"turns":5.0},{"damage":20.0,"enemies":"Gensokyo:Gryphon_and_Rabbit","floor":10.0,"turns":5.0},{"damage":22.0,"enemies":"Gensokyo:Cirno","floor":12.0,"turns":8.0},{"damage":30.0,"enemies":"Gensokyo:Kitsune","floor":13.0,"turns":4.0},{"damage":8.0,"enemies":"Gensokyo:3_Kodama","floor":14.0,"turns":4.0},{"damage":42.0,"enemies":"Gensokyo:Kokoro","floor":16.0,"turns":10.0},{"damage":32.0,"enemies":"Gensokyo:Chomper","floor":18.0,"turns":5.0},{"damage":36.0,"enemies":"Gensokyo:AngelMirror","floor":19.0,"turns":3.0},{"damage":50.0,"enemies":"Gensokyo:Reisen","floor":25.0,"turns":7.0},{"damage":16,"enemies":"Gensokyo:Wraith","floor":27,"turns":2}],"seed_played":"7601145408725507233","potions_obtained":[{"floor":4.0,"key":"PowerPotion"},{"floor":8.0,"key":"SkillPotion"},{"floor":12.0,"key":"LiquidBronze"},{"floor":14.0,"key":"ColorlessPotion"},{"floor":18.0,"key":"ColorlessPotion"},{"floor":25.0,"key":"LiquidBronze"}],"is_trial":false,"path_per_floor":["M","?","?","M","M","E","COS","E","T","M","?","E","M","M","R","B",null,"M","M","?","?","COS","R","T","E","T","M"],"character_chosen":"DOCTOR_CLASS","items_purchased":[],"campfire_rested":0,"item_purchase_floors":[],"current_hp_per_floor":[74,44,44,45,53,56,56,35,35,29,29,42,22,38,38,31,76,48,26,26,26,26,26,26,15,15,0,0],"gold":266,"neow_bonus":"NOSTALGIA","is_daily":false,"chose_seed":false,"campfire_upgraded":0,"win_rate":0.0,"timestamp":1611160940,"path_taken":["M","?","?","M","?","E","COS","E","T","M","?","E","?","M","R","BOSS","M","M","?","?","COS","R","?","E","T","?"],"items_purchased_type":[],"build_version":"2020-12-22","purchased_purges":0,"victory":false,"max_hp_per_floor":[76,76,76,76,76,76,76,76,76,76,76,76,76,76,76,76,76,76,76,76,69,69,69,69,69,69,69,69],"card_choices":[{"not_picked":["ats:Revitalization","ats:Leaping Hammer"],"picked":"ats:Apocalypse","floor":1.0},{"not_picked":["ats:Poison Spread","ats:Ignite"],"picked":"ats:Composite Medical Shells","floor":3.0},{"not_picked":["ats:Powerful Strike","ats:Childhood Dance","ats:Chain Hook"],"picked":"SKIP","floor":4.0},{"not_picked":["ats:LN2 Cannon","ats:Magnetic Hammer"],"picked":"ats:Shell Defense","floor":5.0},{"not_picked":["ats:Rat Pack","ats:True Silver Slash"],"picked":"ats:Wolf Pack","floor":6.0},{"not_picked":["ats:Automatic Cover","ats:Apocalypse"],"picked":"ats:Ignite","floor":6.0},{"not_picked":["ats:Cat Scratch","ats:Flame Of Heaven"],"picked":"ats:Healing Strengthening","floor":8.0},{"not_picked":["ats:Roar Of Ursus","ats:Childhood Dance"],"picked":"ats:Flexible Camouflage","floor":10.0},{"not_picked":["ats:Consecutive Shot Auto","ats:Leaping Hammer","ats:Assault Order"],"picked":"SKIP","floor":12.0},{"not_picked":["ats:Poison Spread","ats:Revitalization"],"picked":"ats:Echo Reverb","floor":13.0},{"not_picked":["ats:Hammer On","ats:Cat Scratch","ats:Flame Of Heaven"],"picked":"SKIP","floor":14.0},{"not_picked":["ats:Ambush","ats:Roar Of Ursus"],"picked":"ats:Nebulous Foxfire","floor":16.0},{"not_picked":["ats:Assault Order+1","ats:Defend Order+1"],"picked":"ats:Curse Doll+1","floor":18.0},{"not_picked":["ats:Chain Hook","ats:Guardian Obelisk+1","ats:Cat Scratch"],"picked":"SKIP","floor":19.0},{"not_picked":["Gensokyo:TurboGranny","Gensokyo:EightFeetTall"],"picked":"Gensokyo:ManorOfTheDishes","floor":21.0},{"not_picked":["ats:Demon Strength+1","ats:Soul Absorption+1"],"picked":"ats:Shadow Assault+1","floor":25.0},{"not_picked":["ats:Blood Oath","ats:Curse Doll","ats:Cat Scratch"],"picked":"SKIP","floor":25.0}],"player_experience":697760,"relics_obtained":[{"floor":3.0,"key":"Bag of Preparation"},{"floor":6.0,"key":"ats:Originium"},{"floor":6.0,"key":"conspire:GiftBox"},{"floor":8.0,"key":"ats:Originium"},{"floor":8.0,"key":"aspiration:FetidBarrel"},{"floor":9.0,"key":"Peace Pipe"},{"floor":12.0,"key":"ats:Originium"},{"floor":12.0,"key":"Bottled Tornado"},{"floor":15.0,"key":"Counterbalance"},{"floor":24.0,"key":"Letter Opener"},{"floor":25.0,"key":"ats:Originium"},{"floor":25.0,"key":"ReplayTheSpireMod:TigerMarble"}],"event_choices":[],"is_beta":false,"boss_relics":[{"not_picked":["conspire:SpecialSausage","Replay:Drink Me"],"picked":"ats:Sanity Plus"}],"items_purged_floors":[],"is_endless":false,"potions_floor_spawned":[4,8,12,14,18,25],"killed_by":"Gensokyo:Wraith","ascension_level":0}}