{"host":"xj2wyr3bqqv4irjd","time":1611183084,"event":{"mods":["Act Like it!","Aspiration","BaseMod","Gensokyo","Koishi","Lobotomy","LobotomyExtend","Marisa£®ÏF”Í°°ƒß¿Ì…≥£©","Minty Spire (QoL Compilation)","Quick Restart","Rare Cards Sparkle","Reimu£®≤©¿ˆ¡È√Œ£©","Remilia£®¿Ÿ√◊¿Ú—«£©","Replay The Spire","SIMod","StSLib","The Alterego","The Servant 0.9.4","WarShipGirlsR/’ΩΩ¢…Ÿ≈ÆR mod","Yakumo Yukari mod","Youmu£®ªÍ∆«—˝√Œ£©"],"gold_per_floor":[112,37,54,71,71,71,103,103,103,134,145,162,162,182,182,284,284,291,314,314,325,325,325,346,423,446,464,475,510,140,140,140,220,220,235,50,60,40,52,77,77,90,90,103,113,113,142,154,166,178,190,202,214,179,112,92],"floor_reached":57,"language":"ZHS","playtime":5435,"items_purged":["Koishi:BasicStrike","Koishi:BasicDefend","Koishi:BasicStrike"],"score":1580,"play_id":"822d1986-24b4-459b-8c0b-5c4a563f2f49","local_time":"20210121065124","is_ascension_mode":false,"campfire_choices":[{"floor":6.0,"key":"RECALL"},{"floor":8.0,"key":"REST"},{"floor":15.0,"key":"DIG"},{"floor":23.0,"key":"REST"},{"data":"Koishi:BasicDefend","floor":32,"key":"PURGE"},{"floor":46,"key":"REST"},{"floor":49,"key":"REST"},{"floor":53,"key":"REST"}],"circlet_count":0,"master_deck":["Koishi:BasicStrike+1","Koishi:Provoke","Koishi:HauntingSlash","Koishi:UnseenTerror","Koishi:StingingMind","Koishi:SuperEgo","Koishi:JumpScare","Koishi:ApparitionsStalkTheNight","Koishi:TraumaticStroke+1","Koishi:RollingInRichesHeart","Koishi:GhostParty","Koishi:DanmakuParanoia+1","Koishi:EmbersOfLove","Pot Of Greed","Pot Of Greed","Koishi:Whimsy","Koishi:Bloodlust+1","Koishi:FleetingPhantom+1","Koishi:SprinkleStarAndHeart","Koishi:ApparitionsStalkTheNight","Koishi:Untouchable","Pot Of Greed","Koishi:MindStellarRelief","Koishi:FidgetySnatcher+1","Apotheosis","Koishi:BramblyRoseGarden","Koishi:Catatonia","Koishi:HeartStoppingHorror","Koishi:HeartAttack","Koishi:Bloodlust+1","Madness","Madness","Koishi:BramblyRoseGarden","Pot Of Greed"],"relics":["Fusion Hammer","LetterFromLob","HornCleat","Turnip","aspiration:Lifesprig","Tiny Chest","Honey Jar","Red Mask","Grinning Jar","Replay:Accelerometer","Orichalcum","Tea:ReiMu","Strawberry","Whetstone","Empty Cage","Replay:Bottled Flurry","Koishi:TeethAndClaws","MawBank","ReplayTheSpireMod:CursedCoin","Lantern"],"acts_visited":["Exordium","TheCity","TheBeyond","TheEnding"],"potions_floor_usage":[33,37,40,44,56,56,56,56,56,56,56],"damage_taken":[{"damage":0.0,"enemies":"2 Louse","floor":1.0,"turns":3.0},{"damage":0.0,"enemies":"Jaw Worm","floor":3.0,"turns":6.0},{"damage":0.0,"enemies":"Cultist","floor":4.0,"turns":3.0},{"damage":23.0,"enemies":"Lagavulin","floor":7.0,"turns":6.0},{"damage":36.0,"enemies":"Gremlin Nob","floor":10.0,"turns":5.0},{"damage":0.0,"enemies":"Gremlin Gang","floor":11.0,"turns":8.0},{"damage":0.0,"enemies":"3 Louse","floor":12.0,"turns":3.0},{"damage":0.0,"enemies":"Blue Slaver","floor":14.0,"turns":3.0},{"damage":17.0,"enemies":"Slime Boss","floor":16.0,"turns":11.0},{"damage":15.0,"enemies":"3 Byrds","floor":18.0,"turns":6.0},{"damage":11.0,"enemies":"Masked Bandits","floor":19.0,"turns":5.0},{"damage":5.0,"enemies":"Shell Parasite","floor":21.0,"turns":5.0},{"damage":5.0,"enemies":"Gremlin Leader","floor":24.0,"turns":7.0},{"damage":21.0,"enemies":"Book of Stabbing","floor":27.0,"turns":7.0},{"damage":0.0,"enemies":"Centurion and Healer","floor":28.0,"turns":6.0},{"damage":7.0,"enemies":"Replay:Snechameleon","floor":29.0,"turns":8.0},{"damage":24,"enemies":"Pondfish","floor":33,"turns":14},{"damage":0,"enemies":"3 Shapes","floor":35,"turns":5},{"damage":0,"enemies":"3 Darklings","floor":37,"turns":7},{"damage":5,"enemies":"Jaw Worm Horde","floor":39,"turns":5},{"damage":27,"enemies":"Giant Head","floor":40,"turns":8},{"damage":0,"enemies":"Sphere and 2 Shapes","floor":42,"turns":5},{"damage":22,"enemies":"Maw","floor":44,"turns":7},{"damage":1,"enemies":"4 Shapes","floor":45,"turns":6},{"damage":6,"enemies":"Nemesis","floor":47,"turns":5},{"damage":12,"enemies":"Time Eater","floor":50,"turns":10},{"damage":0,"enemies":"Shield and Spear","floor":55,"turns":8},{"damage":37,"enemies":"The Heart","floor":56,"turns":7}],"seed_played":"8218288317905501954","potions_obtained":[{"floor":4.0,"key":"Energy Potion"},{"floor":7.0,"key":"SkillPotion"},{"floor":10.0,"key":"PowerPotion"},{"floor":14.0,"key":"LiquidMemories"},{"floor":18.0,"key":"SkillPotion"},{"floor":21.0,"key":"BlessingOfTheForge"},{"floor":27.0,"key":"LiquidMemories"},{"floor":28.0,"key":"GrandPatriotsElixir:ReiMu"},{"floor":33,"key":"EntropicBrew"},{"floor":38,"key":"Milkshake"},{"floor":39,"key":"Adrenaline Potion"},{"floor":40,"key":"DistilledChaos"},{"floor":44,"key":"Explosive Potion"}],"is_trial":false,"path_per_floor":["M","$","M","M","?","R","E","R","T","E","M","M","?","M","R","B",null,"M","?","?","M","?","R","E","T","T","E","M","E","$","?","R","B",null,"M","$","M","?","M","E","T","M","T","M","M","R","E","?","R","B",null,null,"R","$","E","B",null],"character_chosen":"KOISHI","items_purchased":["Whetstone","Koishi:ApparitionsStalkTheNight","Koishi:Untouchable","Apotheosis","Koishi:BramblyRoseGarden","ReplayTheSpireMod:CursedCoin"],"campfire_rested":5,"item_purchase_floors":[30,30,30,36,54,54],"current_hp_per_floor":[60,60,60,60,60,60,50,60,60,34,45,52,52,56,56,42,60,54,52,52,60,60,60,60,60,60,59,60,67,67,67,67,67,67,67,67,67,67,67,55,55,64,64,63,67,67,67,59,67,67,67,67,67,67,67,42],"gold":92,"neow_bonus":"BOSS_RELIC","is_daily":false,"chose_seed":false,"campfire_upgraded":0,"win_rate":0.0,"timestamp":1611183084,"path_taken":["M","$","M","M","?","R","E","R","T","E","M","M","?","M","R","BOSS","M","?","?","M","?","R","E","?","T","E","?","E","$","?","R","BOSS","M","$","M","?","M","E","?","M","T","M","M","R","E","?","R","BOSS","R","$","E","BOSS"],"items_purchased_type":["Relic","Card","Card","Card","Card","Relic"],"build_version":"2020-12-22","purchased_purges":3,"victory":true,"max_hp_per_floor":[60,60,60,60,60,60,60,60,60,60,60,60,60,60,60,60,60,60,60,60,60,60,60,60,60,60,60,60,67,67,67,67,67,67,67,67,67,67,67,67,67,67,67,67,67,67,67,67,67,67,67,67,67,67,67,67],"card_choices":[{"not_picked":["Koishi:StingingMind","Koishi:DNAsFlaw","Koishi:SpiritedAway"],"picked":"SKIP","floor":1.0},{"not_picked":["Koishi:UnconsciousUrges","Koishi:IdleWhim"],"picked":"Koishi:UnseenTerror","floor":3.0},{"not_picked":["Koishi:ReflexRadar","Koishi:UnconsciousUprising"],"picked":"Koishi:StingingMind","floor":4.0},{"not_picked":[],"picked":"Koishi:SuperEgo","floor":5.0},{"not_picked":["Koishi:RorschachInDanmaku","Koishi:PhilosophyOfTheDespised"],"picked":"Koishi:JumpScare","floor":7.0},{"not_picked":["Koishi:ParalyzingFear","Koishi:UnconsciousUrges"],"picked":"Koishi:ApparitionsStalkTheNight","floor":10.0},{"not_picked":["Koishi:ReflexRadar","Koishi:SubterraneanRose"],"picked":"Koishi:TraumaticStroke","floor":11.0},{"not_picked":["Koishi:ConditionedTeleport","Koishi:ReflexRadar","Koishi:HeartfeltFancy"],"picked":"SKIP","floor":12.0},{"not_picked":["Koishi:UnconsciousUrges","Koishi:SubconsciousSweep","Koishi:FleetingPhantom"],"picked":"SKIP","floor":14.0},{"not_picked":["Koishi:ConditionedTeleport","Koishi:RoseHell"],"picked":"Koishi:RollingInRichesHeart","floor":16.0},{"not_picked":["Koishi:PhantomBarrier+1","Koishi:SubterraneanRose","Koishi:FidgetySnatcher"],"picked":"Koishi:GhostParty","floor":18.0},{"not_picked":["Koishi:MindNumbingTerror","Koishi:Whimsy","Koishi:RacingHeart"],"picked":"Koishi:DanmakuParanoia+1","floor":19.0},{"not_picked":["Koishi:HeartfeltFancy","Koishi:Prune","Koishi:TraumaticStroke+1"],"picked":"Koishi:EmbersOfLove","floor":21.0},{"not_picked":["Koishi:SubconsciousSweep","Koishi:StingingMind","Koishi:FormlessExistence"],"picked":"Koishi:Whimsy","floor":24.0},{"not_picked":["Koishi:ReflexRadar","Koishi:Prune","Koishi:DNAsFlaw+1"],"picked":"Koishi:Bloodlust+1","floor":27.0},{"not_picked":["Koishi:Jaunt","Koishi:UnseenTerror","Koishi:HeartfeltFancy+1"],"picked":"Koishi:FleetingPhantom+1","floor":28.0},{"not_picked":["Koishi:GhostParty+1","Koishi:SubterraneanRose","Koishi:Prune+1"],"picked":"Koishi:SprinkleStarAndHeart","floor":29.0},{"not_picked":["Koishi:FormlessExistence","Koishi:SilentAndRestless","Koishi:Ego"],"picked":"Koishi:MindStellarRelief","floor":33},{"not_picked":["Koishi:JumpScare+1","Koishi:EmbersOfLove","Koishi:RacingHeart+1"],"picked":"Koishi:FidgetySnatcher+1","floor":35},{"not_picked":["Koishi:SubterraneanRose","Koishi:DreadfulBlow","Koishi:UnconsciousUprising"],"picked":"Koishi:BramblyRoseGarden","floor":37},{"not_picked":["Koishi:Vanish","Koishi:FidgetySnatcher+1","Koishi:ParalyzingFear"],"picked":"Koishi:Catatonia","floor":39},{"not_picked":["Koishi:UnconsciousUprising+1","Koishi:MentalBreakdown","Koishi:FourthEye"],"picked":"Koishi:HeartStoppingHorror","floor":40},{"not_picked":["Koishi:ParalyzingFear","Koishi:IdleWhim+1","Koishi:PhantomStrike+1","Koishi:PhantomBarrier"],"picked":"SKIP","floor":42},{"not_picked":["Koishi:HeartfeltFancy","Koishi:EmbersOfLove","Koishi:StingingMind"],"picked":"Koishi:HeartAttack","floor":44},{"not_picked":["Koishi:DreadfulBlow","Koishi:ReleaseOfTheId","Koishi:DNAsFlaw"],"picked":"Koishi:Bloodlust+1","floor":45},{"not_picked":["Koishi:Whimsy","Koishi:PhantomBarrier","Koishi:LastRemote+1","Koishi:HeartStoppingHorror"],"picked":"SKIP","floor":47},{"not_picked":["Koishi:PhantomBarrier","Koishi:PhantomStrike","Koishi:UnconsciousUprising","Koishi:ReleaseOfTheId+1"],"picked":"SKIP","floor":55}],"player_experience":557569,"relics_obtained":[{"floor":1.0,"key":"LetterFromLob"},{"floor":7.0,"key":"HornCleat"},{"floor":9.0,"key":"Turnip"},{"floor":10.0,"key":"aspiration:Lifesprig"},{"floor":15.0,"key":"Tiny Chest"},{"floor":19.0,"key":"Red Mask"},{"floor":24.0,"key":"Grinning Jar"},{"floor":25.0,"key":"Replay:Accelerometer"},{"floor":26.0,"key":"Orichalcum"},{"floor":27.0,"key":"Tea:ReiMu"},{"floor":29.0,"key":"Strawberry"},{"floor":40,"key":"Replay:Bottled Flurry"},{"floor":41,"key":"Koishi:TeethAndClaws"},{"floor":47,"key":"MawBank"},{"floor":55,"key":"Lantern"}],"event_choices":[{"damage_healed":0.0,"max_hp_gain":0.0,"max_hp_loss":0.0,"gold_gain":0.0,"event_name":"Masked Bandits","player_choice":"Fought Bandits","floor":19.0,"gold_loss":0.0,"damage_taken":0.0},{"damage_healed":0.0,"max_hp_gain":0.0,"max_hp_loss":0.0,"gold_gain":0.0,"event_name":"Vampires","player_choice":"Ignored","floor":20.0,"gold_loss":0.0,"damage_taken":0.0},{"cards_removed":["Koishi:BasicStrike"],"damage_healed":0.0,"max_hp_gain":0.0,"max_hp_loss":0.0,"gold_gain":0.0,"event_name":"Bonfire Elementals","player_choice":"Offered Basic","floor":22.0,"gold_loss":0.0,"damage_taken":0.0},{"damage_healed":0,"gold_gain":0,"player_choice":"Bought 1 Potion","damage_taken":0,"max_hp_gain":0,"max_hp_loss":0,"event_name":"The Woman in Blue","floor":38,"gold_loss":0},{"damage_healed":0,"gold_gain":0,"player_choice":"Embrace Madness","damage_taken":8,"max_hp_gain":0,"max_hp_loss":0,"event_name":"Winding Halls","floor":48,"gold_loss":0,"cards_obtained":["Madness","Madness"]}],"is_beta":false,"boss_relics":[{"not_picked":["Philosopher\u0027s Stone","aspiration:MarisaSkillbook"],"picked":"Honey Jar"},{"not_picked":["ChewingGum","Velvet Choker"],"picked":"Empty Cage"}],"items_purged_floors":[2,30,54],"is_endless":false,"potions_floor_spawned":[4,7,10,11,14,16,18,21,27,28,33,39,40,44],"ascension_level":0}}