{"host":"xp5rvh2jwe2ejyfm","time":1611158612,"event":{"mods":["BaseMod","Downfall","Hermit","Minty Spire (QoL Compilation)","Robot Space Explorer","StSLib","The Clintock","The Construct","The Cursed","The Disciple","The Forsaken","The Hierophant","The Runesmith"],"gold_per_floor":[99,115,126,140,157,157,205,221,239,256,266,441,441,454,469,564,564,564,564,564,577,577,577,577],"floor_reached":22,"language":"ENG","playtime":1059,"items_purged":[],"score":182,"play_id":"ad7d199e-54c1-4b53-a497-7eaa7af03910","local_time":"20210120110332","is_ascension_mode":false,"campfire_choices":[{"data":"Slimebound:Split","floor":1,"key":"SMITH"},{"data":"Slimebound:LeadByExample","floor":13,"key":"SMITH"},{"data":"Slimebound:MinionMaster","floor":18,"key":"SMITH"}],"circlet_count":0,"master_deck":["Slimebound:Strike_Slimebound","Slimebound:Strike_Slimebound","Slimebound:Strike_Slimebound","Slimebound:Tackle","Slimebound:Defend_Slimebound","Slimebound:Defend_Slimebound","Slimebound:Defend_Slimebound","Slimebound:Defend_Slimebound","Slimebound:Split+1","Slimebound:CorrosiveSpit","Slimebound:GrowthPunch","Slimebound:RejuvenatingLick","Slimebound:PressTheAttack","Slimebound:MegaLick","Slimebound:SplitLeeching","Slimebound:LeadByExample+1","Slimebound:ViciousTackle","Slimebound:AcidTongue","Doubt","Slimebound:Repurpose","Slimebound:ItLooksTasty","Slimebound:MinionMaster+1","theForsaken:PlagueCurse","Slimebound:SplitLeeching+1"],"relics":["Slimebound:AbsorbEndCombat","Anchor","downfall:ShatteredFragment","Juzu Bracelet","theForsaken:PaleLantern","theForsaken:PlagueMask"],"acts_visited":["Exordium","TheCity"],"potions_floor_usage":[9,16,16,22],"damage_taken":[{"damage":0,"enemies":"Cultist","floor":2,"turns":3},{"damage":7,"enemies":"Jaw Worm","floor":3,"turns":4},{"damage":0,"enemies":"Small Slimes","floor":4,"turns":3},{"damage":4,"enemies":"Exordium Wildlife","floor":5,"turns":4},{"damage":0,"enemies":"3 Louse","floor":8,"turns":2},{"damage":2,"enemies":"Exordium Thugs","floor":9,"turns":3},{"damage":3,"enemies":"Lots of Slimes","floor":10,"turns":3},{"damage":0,"enemies":"Blue Slaver","floor":11,"turns":3},{"damage":7,"enemies":"2 Fungi Beasts","floor":14,"turns":3},{"damage":10,"enemies":"Exordium Wildlife","floor":15,"turns":4},{"damage":17,"enemies":"WA_ARCHETYPE_RETAIN","floor":16,"turns":8},{"damage":26,"enemies":"3 Byrds","floor":21,"turns":6},{"damage":55,"enemies":"Sentry and Sphere","floor":22,"turns":7}],"seed_played":"2619220041223538924","potions_obtained":[{"floor":3,"key":"Guardian:BlockOnCardUsePotion"},{"floor":4,"key":"Slimebound:SlimedPotion"},{"floor":5,"key":"Weak Potion"},{"floor":10,"key":"ColorlessPotion"}],"is_trial":false,"path_per_floor":["R","M","M","M","M","?","T","M","M","M","M","?","R","M","M","B",null,"R","?","?","M","M"],"character_chosen":"SLIMEBOUND","items_purchased":[],"campfire_rested":0,"item_purchase_floors":[],"current_hp_per_floor":[65,65,60,64,63,45,45,53,59,62,64,64,64,60,58,49,65,65,65,65,47,0,0,0],"gold":577,"neow_bonus":"RANDOM_COMMON_RELIC","is_daily":false,"chose_seed":false,"campfire_upgraded":3,"win_rate":0.0,"timestamp":1611158612,"path_taken":["R","M","M","?","M","?","T","M","M","M","M","?","R","M","M","BOSS","R","?","?","M","M"],"items_purchased_type":[],"build_version":"2020-12-22","purchased_purges":0,"victory":false,"max_hp_per_floor":[65,65,65,65,65,65,65,65,65,65,65,65,65,65,65,65,65,65,65,65,65,65,65,65],"card_choices":[{"not_picked":["Slimebound:LivingWall","Slimebound:SplitAcid"],"picked":"Slimebound:GrowthPunch","floor":2},{"not_picked":["Slimebound:Dissolve","Slimebound:ComboTackle"],"picked":"Slimebound:RejuvenatingLick","floor":3},{"not_picked":["Slimebound:HauntingLick","Slimebound:FinishingTackle"],"picked":"Slimebound:PressTheAttack","floor":4},{"not_picked":["Slimebound:Schlurp","Slimebound:RollThrough"],"picked":"Slimebound:MegaLick","floor":5},{"not_picked":["Slimebound:RollThrough","Slimebound:ComboTackle"],"picked":"Slimebound:SplitLeeching","floor":8},{"not_picked":["Slimebound:LeechingTouch","Slimebound:SplitLeeching"],"picked":"Slimebound:LeadByExample","floor":9},{"not_picked":["Slimebound:HauntingLick","Slimebound:DisruptingSlam"],"picked":"Slimebound:ViciousTackle","floor":10},{"not_picked":["Slimebound:LeechEnergy","Slimebound:Prepare"],"picked":"Slimebound:AcidTongue","floor":11},{"not_picked":["Slimebound:LivingWall","Slimebound:WasteNot"],"picked":"Slimebound:Repurpose","floor":14},{"not_picked":["Slimebound:Prepare","Slimebound:PressTheAttack"],"picked":"Slimebound:ItLooksTasty","floor":15},{"not_picked":["Slimebound:Overexert","Slimebound:LeechLife"],"picked":"Slimebound:MinionMaster","floor":16},{"not_picked":["Slimebound:Prepare+1","Slimebound:DisruptingSlam"],"picked":"Slimebound:SplitLeeching+1","floor":21}],"player_experience":258742,"relics_obtained":[{"floor":7,"key":"Juzu Bracelet"}],"event_choices":[{"damage_healed":0,"gold_gain":0,"player_choice":"Obtain Plague Curse","damage_taken":0,"max_hp_gain":0,"max_hp_loss":0,"event_name":"Plague Doctor","floor":19,"gold_loss":0,"cards_obtained":["theForsaken:PlagueCurse"]},{"damage_healed":0,"gold_gain":0,"player_choice":"Ignored","damage_taken":0,"max_hp_gain":0,"max_hp_loss":0,"event_name":"Vampires","floor":20,"gold_loss":0}],"is_beta":false,"boss_relics":[{"not_picked":["Black Star","Runic Dome"],"picked":"theForsaken:PaleLantern"}],"items_purged_floors":[],"is_endless":false,"potions_floor_spawned":[3,4,5,10,15],"killed_by":"Sentry and Sphere","ascension_level":0}}