{"host":"wha9hktbkslqvblg","time":1611147880,"event":{"mods":["BaseMod","Colored Map","Minty Spire (QoL Compilation)","Relic Stats","SuperFastMode","everything is the same but u backflip on backflip"],"gold_per_floor":[110,35,54,54,54,54,85,97,97,22,22,56,56,75,75,75,75],"floor_reached":16,"language":"KOR","playtime":199,"items_purged":["Strike_R"],"score":266,"play_id":"6e687ad7-c518-49c7-a28e-cc381c8ca200","local_time":"20210120220440","is_ascension_mode":true,"campfire_choices":[{"data":"Wild Strike","floor":6.0,"key":"SMITH"},{"data":"Wild Strike","floor":15.0,"key":"SMITH"}],"circlet_count":0,"master_deck":["AscendersBane","Strike_R","Strike_R","Defend_R","Defend_R","Defend_R","Defend_R","Bash","Wild Strike+1","Uppercut","Second Wind","Wild Strike+1","Body Slam"],"relics":["Burning Blood","NeowsBlessing","Kunai","Pen Nib","Singing Bowl","Lantern"],"acts_visited":["Exordium"],"potions_floor_usage":[16,16],"damage_taken":[{"damage":0.0,"enemies":"Jaw Worm","floor":1.0,"turns":1.0},{"damage":0.0,"enemies":"2 Louse","floor":3.0,"turns":1.0},{"damage":0.0,"enemies":"Gremlin Nob","floor":7.0,"turns":1.0},{"damage":0.0,"enemies":"Cultist","floor":8.0,"turns":2.0},{"damage":52.0,"enemies":"Lagavulin","floor":12.0,"turns":7.0},{"damage":0.0,"enemies":"Red Slaver","floor":14.0,"turns":1.0},{"damage":0,"enemies":"Slime Boss","floor":16,"turns":4}],"seed_played":"-2153002235270649140","potions_obtained":[{"floor":7.0,"key":"SteroidPotion"},{"floor":12.0,"key":"Swift Potion"},{"floor":14.0,"key":"SteroidPotion"}],"is_trial":false,"path_per_floor":["M","?","M","$","?","R","E","M","T","$","?","E","?","M","R","B"],"character_chosen":"IRONCLAD","items_purchased":[],"campfire_rested":0,"item_purchase_floors":[],"current_hp_per_floor":[74,74,75,75,75,75,75,75,75,75,57,11,11,17,17,17,17],"gold":75,"neow_bonus":"THREE_ENEMY_KILL","is_daily":false,"chose_seed":false,"campfire_upgraded":2,"win_rate":0.0,"timestamp":1611147880,"path_taken":["M","?","M","$","?","R","E","M","T","$","?","E","?","M","R","BOSS"],"items_purchased_type":[],"build_version":"2020-12-22","purchased_purges":1,"victory":false,"max_hp_per_floor":[75,75,75,75,75,75,75,75,75,75,75,75,75,75,75,75,75],"relic_stats":{"Singing Bowl":0,"counters":[7,17],"Pen Nib":[1],"Kunai":[2],"obtain_stats":[{"Lantern":12,"NeowsBlessing":0,"Singing Bowl":11,"Pen Nib":9,"Kunai":7,"Burning Blood":0},{"Lantern":5,"NeowsBlessing":0,"Singing Bowl":4,"Pen Nib":4,"Kunai":3,"Burning Blood":0},{"Lantern":12,"NeowsBlessing":0,"Singing Bowl":5,"Pen Nib":5,"Kunai":3,"Burning Blood":0}],"Burning Blood":19},"card_choices":[{"not_picked":["Headbutt","True Grit"],"picked":"Wild Strike","floor":1.0},{"not_picked":["Flame Barrier","Rage","Thunderclap"],"picked":"SKIP","floor":3.0},{"not_picked":["Havoc","Iron Wave"],"picked":"Uppercut","floor":7.0},{"not_picked":["Havoc","Perfected Strike","Ghostly Armor"],"picked":"SKIP","floor":8.0},{"not_picked":["Barricade","Body Slam"],"picked":"Second Wind","floor":12.0},{"not_picked":["Uppercut","Rage"],"picked":"Body Slam","floor":14.0}],"player_experience":985717,"relics_obtained":[{"floor":7.0,"key":"Kunai"},{"floor":9.0,"key":"Pen Nib"},{"floor":12.0,"key":"Lantern"}],"event_choices":[{"cards_removed":["Strike_R"],"damage_healed":0.0,"max_hp_gain":0.0,"max_hp_loss":0.0,"gold_gain":0.0,"event_name":"The Cleric","player_choice":"Card Removal","floor":2.0,"gold_loss":75.0,"damage_taken":0.0},{"damage_healed":0.0,"max_hp_gain":0.0,"max_hp_loss":0.0,"gold_gain":0.0,"event_name":"Liars Game","player_choice":"Ignored","floor":5.0,"gold_loss":0.0,"damage_taken":0.0},{"damage_healed":0.0,"max_hp_gain":0.0,"max_hp_loss":0.0,"gold_gain":0.0,"event_name":"Scrap Ooze","player_choice":"Success","floor":11.0,"gold_loss":0.0,"damage_taken":18.0,"relics_obtained":["Singing Bowl"]},{"damage_healed":0.0,"max_hp_gain":0.0,"max_hp_loss":0.0,"gold_gain":0.0,"cards_transformed":["Strike_R"],"event_name":"Transmorgrifier","player_choice":"Transformed","floor":13.0,"gold_loss":0.0,"damage_taken":0.0,"cards_obtained":["Wild Strike"]}],"is_beta":false,"boss_relics":[],"items_purged_floors":[10],"is_endless":false,"potions_floor_spawned":[7,12,14],"killed_by":"Slime Boss","ascension_level":20}}