{"host":"0jfycbte0yldxyb4","time":1611124619,"event":{"mods":["2.2 Compatiblity","AchievementEnabler","Aspiration","BaseMod","Better Note","BetterRewards","Colored Map","Colored Powertips","GungeonMod","Hermit","Minty Spire (QoL Compilation)","StSLib","The Bladedancer","The Bug Knight","The Servant 0.9.4","The Wild Card"],"gold_per_floor":[118,129,129,141,141,141,141,141,141,160,176,141,141,160,160,263,313,329,11,86,86,105,105,116,130,156,8,8,8,8,8,8,8,8],"floor_reached":33,"language":"ENG","playtime":1855,"items_purged":[],"score":335,"play_id":"da3956b9-bfc3-4615-81f1-1068d48602c2","local_time":"20210120003659","is_ascension_mode":false,"campfire_choices":[{"data":"theWildCard:Metatron","floor":6,"key":"SMITH"},{"data":"theWildCard:StingingStrike","floor":13,"key":"SMITH"},{"floor":15,"key":"REST"},{"data":"theWildCard:CallToAdventure","floor":23,"key":"SMITH"},{"floor":28,"key":"REST"},{"floor":32,"key":"REST"}],"circlet_count":0,"master_deck":["theWildCard:BasicStrike","theWildCard:BasicStrike","theWildCard:BasicStrike","theWildCard:BasicStrike+1","theWildCard:BasicDefend","theWildCard:BasicDefend","theWildCard:BasicDefend","theWildCard:CallToAdventure+1","theWildCard:Arsene","theWildCard:StingingStrike","theWildCard:Patience","theWildCard:Metatron+1","theWildCard:StingingStrike+1","theWildCard:PaleRider","theWildCard:StalwartBlade","theWildCard:AllOutAttack","theWildCard:SeveringSlash","theWildCard:StingingStrike","theWildCard:ArchaicAssault","theWildCard:Providence","theWildCard:Michael","theWildCard:StingingStrike","theWildCard:Sakuya+1","theWildCard:MagicalMight","theWildCard:Polydeuces+1","theWildCard:FinalHour","theWildCard:Providence+1","theWildCard:Scathach"],"relics":["theWildCard:VelvetContract","NeowsBlessing","DemoMod:WhiteGuonStone","MealTicket","Tiny House","Juzu Bracelet","Dream Catcher","aspiration:RitualStick"],"acts_visited":["Exordium","TheCity"],"potions_floor_usage":[16,16,33,33],"damage_taken":[{"damage":0,"enemies":"Small Slimes","floor":1,"turns":1},{"damage":0,"enemies":"Cultist","floor":2,"turns":1},{"damage":0,"enemies":"2 Louse","floor":4,"turns":1},{"damage":7,"enemies":"Looter","floor":10,"turns":3},{"damage":13,"enemies":"Blue Slaver","floor":11,"turns":3},{"damage":3,"enemies":"Exordium Wildlife","floor":14,"turns":2},{"damage":0,"enemies":"Slime Boss","floor":16,"turns":4},{"damage":0,"enemies":"Spheric Guardian","floor":18,"turns":2},{"damage":11,"enemies":"Shell Parasite","floor":22,"turns":3},{"damage":19,"enemies":"Shelled Parasite and Fungi","floor":24,"turns":5},{"damage":17,"enemies":"Snake Plant","floor":25,"turns":5},{"damage":64,"enemies":"Champ","floor":33,"turns":7}],"seed_played":"-4465920017299752313","potions_obtained":[{"floor":4,"key":"BlessingOfTheForge"},{"floor":11,"key":"Dexterity Potion"},{"floor":14,"key":"DuplicationPotion"},{"floor":16,"key":"PowerPotion"},{"floor":17,"key":"Explosive Potion"}],"is_trial":false,"path_per_floor":["M","M","?","M","?","R","?","?","T","M","M","?","R","M","R","B",null,"M","$","?","?","M","R","M","M","T","$","R","?","?","?","R","B"],"character_chosen":"THE_WILD_CARD","items_purchased":["theWildCard:ArchaicAssault","theWildCard:Providence","Juzu Bracelet","theWildCard:Michael","theWildCard:FinalHour"],"campfire_rested":3,"item_purchase_floors":[19,19,19,19,27],"current_hp_per_floor":[60,60,57,57,62,62,62,62,62,55,42,58,58,55,65,65,70,70,70,63,63,52,52,40,23,23,38,59,66,52,39,61,0,0],"gold":8,"neow_bonus":"THREE_ENEMY_KILL","is_daily":false,"chose_seed":false,"campfire_upgraded":3,"win_rate":0.0,"timestamp":1611124619,"path_taken":["M","M","?","M","?","R","?","?","T","?","M","?","R","M","R","BOSS","M","$","?","?","M","R","M","M","T","?","R","?","?","?","R","BOSS"],"items_purchased_type":["Card","Card","Relic","Card","Card"],"build_version":"2020-12-22","purchased_purges":0,"victory":false,"max_hp_per_floor":[60,60,60,60,65,65,65,65,65,65,65,65,65,65,65,65,70,70,70,70,70,70,70,70,70,70,70,70,70,70,75,75,75,75],"card_choices":[{"not_picked":["theWildCard:ArcaneArts","theWildCard:PowerOfTheArcana"],"picked":"theWildCard:StingingStrike","floor":1},{"not_picked":["theWildCard:PowerOfTheArcana","theWildCard:Scathach"],"picked":"theWildCard:Patience","floor":2},{"not_picked":["theWildCard:StalwartBlade","theWildCard:Polydeuces"],"picked":"theWildCard:Metatron","floor":4},{"not_picked":["theWildCard:ArcanaArtistry","theWildCard:ManOfManyFaces"],"picked":"theWildCard:StingingStrike","floor":10},{"not_picked":["theWildCard:ArcanaArtistry","theWildCard:Impatience"],"picked":"theWildCard:PaleRider","floor":11},{"not_picked":["theWildCard:LadyLuck","theWildCard:MasterPlan"],"picked":"theWildCard:StalwartBlade","floor":14},{"not_picked":["theWildCard:TheArcanaUnleashed","theWildCard:Deicide"],"picked":"theWildCard:AllOutAttack","floor":16},{"not_picked":["theWildCard:Michael","theWildCard:Polydeuces"],"picked":"theWildCard:SeveringSlash","floor":17},{"not_picked":["theWildCard:Unburden","theWildCard:StalwartBlade"],"picked":"theWildCard:StingingStrike","floor":18},{"not_picked":["theWildCard:TheUniverse","theWildCard:CryOfAgony+1"],"picked":"theWildCard:Sakuya+1","floor":22},{"not_picked":["theWildCard:EnergizedStroke","theWildCard:ManOfManyFaces+1"],"picked":"theWildCard:MagicalMight","floor":24},{"not_picked":["theWildCard:Michael","theWildCard:SeveringSlash"],"picked":"theWildCard:Polydeuces+1","floor":25},{"not_picked":["theWildCard:Sakuya","theWildCard:Attunement"],"picked":"theWildCard:Providence+1","floor":28},{"not_picked":["theWildCard:MaskChange+1","theWildCard:StalwartBlade"],"picked":"theWildCard:Scathach","floor":32}],"player_experience":2942,"relics_obtained":[{"floor":9,"key":"MealTicket"},{"floor":26,"key":"Dream Catcher"}],"event_choices":[{"damage_healed":0,"gold_gain":0,"player_choice":"Success","damage_taken":3,"relics_obtained":["DemoMod:WhiteGuonStone"],"max_hp_gain":0,"max_hp_loss":0,"event_name":"Scrap Ooze","floor":3,"gold_loss":0},{"damage_healed":0,"gold_gain":0,"player_choice":"Donut","damage_taken":0,"max_hp_gain":5,"max_hp_loss":0,"event_name":"Big Fish","floor":5,"gold_loss":0},{"damage_healed":0,"gold_gain":0,"player_choice":"Ignored","damage_taken":0,"max_hp_gain":0,"max_hp_loss":0,"event_name":"Golden Wing","floor":7,"gold_loss":0},{"damage_healed":0,"gold_gain":0,"player_choice":"Ignored","damage_taken":0,"max_hp_gain":0,"max_hp_loss":0,"event_name":"Purifier","floor":8,"gold_loss":0},{"damage_healed":16,"gold_gain":0,"player_choice":"Healed","damage_taken":0,"max_hp_gain":0,"max_hp_loss":0,"event_name":"The Cleric","floor":12,"gold_loss":35},{"damage_healed":0,"gold_gain":75,"player_choice":"Touch","damage_taken":7,"max_hp_gain":0,"max_hp_loss":0,"event_name":"FaceTrader","floor":20,"gold_loss":0},{"damage_healed":0,"gold_gain":0,"cards_transformed":["theWildCard:BasicDefend"],"player_choice":"Transformed","damage_taken":0,"max_hp_gain":0,"max_hp_loss":0,"event_name":"Transmorgrifier","floor":21,"gold_loss":0,"cards_obtained":["theWildCard:StingingStrike"]},{"damage_healed":0,"gold_gain":0,"player_choice":"Shed Blood","damage_taken":18,"max_hp_gain":5,"max_hp_loss":0,"event_name":"Forgotten Altar","floor":31,"gold_loss":0}],"is_beta":false,"boss_relics":[{"not_picked":["Calling Bell","SacredBark"],"picked":"Tiny House"}],"items_purged_floors":[],"is_endless":false,"potions_floor_spawned":[4,11,14,16,22],"killed_by":"Champ","ascension_level":0}}