{"host":"a5lz0e76zb3fcwkm","time":1611152908,"event":{"mods":["AchievementEnabler","BaseMod","Colored Map","Colored Powertips","Minty Spire (QoL Compilation)","StSLib","SuperFastMode"],"gold_per_floor":[109,109,123,141,162,162,185,185,212,212,118,143,143,164,164,263,263,287,287,303,27,52,93,93,109,133,164,187,187,237,258,258,348,348,361,392,407,428,443,482,482,501,524,537,537,555,465,503,503,503,503,503,503,6,47,47],"floor_reached":57,"language":"KOR","playtime":2994,"items_purged":["Strike_R","Anger","Defend_R","Defend_R"],"score":2675,"play_id":"b1522da8-ad86-458a-9b83-fec04b07deb2","local_time":"20210120232828","is_ascension_mode":true,"campfire_choices":[{"data":"Limit Break","floor":6.0,"key":"SMITH"},{"data":"Shockwave","floor":10.0,"key":"SMITH"},{"data":"Flex","floor":13.0,"key":"SMITH"},{"data":"Fiend Fire","floor":15.0,"key":"SMITH"},{"data":"Dual Wield","floor":24.0,"key":"SMITH"},{"data":"Battle Trance","floor":29.0,"key":"SMITH"},{"data":"Sword Boomerang","floor":32.0,"key":"SMITH"},{"floor":41.0,"key":"RECALL"},{"data":"Exhume","floor":49,"key":"SMITH"},{"data":"Spot Weakness","floor":53,"key":"SMITH"}],"circlet_count":0,"master_deck":["AscendersBane","Defend_R","Limit Break+1","Fiend Fire+1","Shockwave+1","Flex+1","Spot Weakness+1","Reaper","Limit Break","Offering+1","Body Slam+1","Dual Wield+1","Battle Trance+1","Sword Boomerang+1","Warcry+1","Warcry+1","Exhume+1","Reaper"],"relics":["Burning Blood","Golden Idol","Smiling Mask","Astrolabe","Membership Card","Anchor","Pen Nib","SlaversCollar","Magic Flower","Eternal Feather","Boot","Shuriken","ClockworkSouvenir","InkBottle","Kunai","Bag of Marbles"],"acts_visited":["Exordium","TheCity","TheBeyond","TheEnding"],"potions_floor_usage":[56],"damage_taken":[{"damage":2.0,"enemies":"Jaw Worm","floor":1.0,"turns":3.0},{"damage":0.0,"enemies":"Small Slimes","floor":3.0,"turns":2.0},{"damage":4.0,"enemies":"2 Louse","floor":4.0,"turns":4.0},{"damage":0.0,"enemies":"2 Fungi Beasts","floor":5.0,"turns":2.0},{"damage":6.0,"enemies":"Exordium Thugs","floor":7.0,"turns":4.0},{"damage":0.0,"enemies":"Large Slime","floor":12.0,"turns":4.0},{"damage":0.0,"enemies":"2 Fungi Beasts","floor":14.0,"turns":2.0},{"damage":18.0,"enemies":"Slime Boss","floor":16.0,"turns":6.0},{"damage":23.0,"enemies":"2 Thieves","floor":18.0,"turns":2.0},{"damage":10.0,"enemies":"Chosen","floor":20.0,"turns":3.0},{"damage":50.0,"enemies":"Shelled Parasite and Fungi","floor":22.0,"turns":5.0},{"damage":98.0,"enemies":"Slavers","floor":23.0,"turns":7.0},{"damage":28.0,"enemies":"Centurion and Healer","floor":25.0,"turns":4.0},{"damage":57.0,"enemies":"Gremlin Leader","floor":27.0,"turns":5.0},{"damage":32.0,"enemies":"Snecko","floor":28.0,"turns":4.0},{"damage":53.0,"enemies":"3 Cultists","floor":31.0,"turns":5.0},{"damage":19.0,"enemies":"Champ","floor":33.0,"turns":5.0},{"damage":45.0,"enemies":"3 Shapes","floor":35.0,"turns":3.0},{"damage":6.0,"enemies":"Mind Bloom Boss Battle","floor":36.0,"turns":3.0},{"damage":46.0,"enemies":"3 Darklings","floor":37.0,"turns":3.0},{"damage":60.0,"enemies":"Transient","floor":38.0,"turns":6.0},{"damage":51.0,"enemies":"Jaw Worm Horde","floor":39.0,"turns":3.0},{"damage":67.0,"enemies":"Reptomancer","floor":40.0,"turns":4.0},{"damage":35.0,"enemies":"Maw","floor":42.0,"turns":5.0},{"damage":43.0,"enemies":"Transient","floor":44.0,"turns":6.0},{"damage":41.0,"enemies":"Sphere and 2 Shapes","floor":46.0,"turns":3.0},{"damage":49,"enemies":"Giant Head","floor":48,"turns":5},{"damage":114,"enemies":"Awakened One","floor":50,"turns":7},{"damage":52,"enemies":"Time Eater","floor":51,"turns":4},{"damage":8,"enemies":"Shield and Spear","floor":55,"turns":2},{"damage":245,"enemies":"The Heart","floor":56,"turns":7}],"seed_played":"-2033426376524417680","potions_obtained":[{"floor":4.0,"key":"LiquidBronze"},{"floor":5.0,"key":"PowerPotion"},{"floor":18.0,"key":"SteroidPotion"},{"floor":28.0,"key":"Block Potion"},{"floor":36.0,"key":"FearPotion"},{"floor":44.0,"key":"LiquidMemories"}],"is_trial":false,"path_per_floor":["M","?","M","M","M","R","M","?","T","R","$","M","R","M","R","B",null,"M","?","M","$","M","E","R","M","T","E","M","R","?","M","R","B",null,"M","?","M","M","M","E","R","M","T","M","?","M","$","E","R","B","B",null,"R","$","E","B",null],"character_chosen":"IRONCLAD","items_purchased":["Spot Weakness","Membership Card","Dual Wield","Strength Potion","LiquidMemories","ClockworkSouvenir","InkBottle","CultistPotion","LiquidMemories","Kunai"],"campfire_rested":0,"item_purchase_floors":[11,21,21,21,47,54,54,54,54,54],"current_hp_per_floor":[54,28,34,36,42,42,42,42,42,42,42,48,48,54,54,64,72,75,75,71,71,75,43,43,75,75,75,68,68,68,75,75,75,75,54,75,75,75,75,75,75,75,75,75,75,75,75,75,75,75,75,75,75,75,75,75],"gold":47,"neow_bonus":"TRANSFORM_TWO_CARDS","is_daily":false,"chose_seed":false,"campfire_upgraded":9,"win_rate":0.0,"timestamp":1611152908,"path_taken":["M","?","M","M","M","R","M","?","T","R","$","M","R","M","R","BOSS","M","?","M","$","M","E","R","M","T","E","M","R","?","M","R","BOSS","M","?","M","M","M","E","R","M","T","M","?","M","$","E","R","BOSS","BOSS","R","$","E","BOSS"],"items_purchased_type":["Card","Relic","Card","Potion","Potion","Relic","Relic","Potion","Potion","Relic"],"build_version":"2020-12-22","purchased_purges":4,"victory":true,"max_hp_per_floor":[75,75,75,75,75,75,75,75,75,75,75,75,75,75,75,75,75,75,75,75,75,75,75,75,75,75,75,75,75,75,75,75,75,75,75,75,75,75,75,75,75,75,75,75,75,75,75,75,75,75,75,75,75,75,75,75],"card_choices":[{"not_picked":["Armaments","True Grit"],"picked":"Anger","floor":1.0},{"not_picked":["Clash","Carnage"],"picked":"Shockwave","floor":3.0},{"not_picked":["Cleave","Iron Wave","Body Slam"],"picked":"SKIP","floor":4.0},{"not_picked":["Reckless Charge","Rage"],"picked":"Flex","floor":5.0},{"not_picked":["Wild Strike","Anger","Intimidate"],"picked":"SKIP","floor":7.0},{"not_picked":["Rupture","Havoc","True Grit"],"picked":"SKIP","floor":12.0},{"not_picked":["Anger","Heavy Blade"],"picked":"Reaper","floor":14.0},{"not_picked":["Impervious","Double Tap"],"picked":"Limit Break","floor":16.0},{"not_picked":["Shockwave","Flame Barrier","True Grit+1"],"picked":"SKIP","floor":18.0},{"not_picked":["True Grit","Flex+1","Dropkick"],"picked":"SKIP","floor":20.0},{"not_picked":["Anger","Havoc","Spot Weakness"],"picked":"SKIP","floor":22.0},{"not_picked":["Flame Barrier","Perfected Strike","Body Slam"],"picked":"SKIP","floor":23.0},{"not_picked":["Sentinel","Warcry","Body Slam+1"],"picked":"SKIP","floor":25.0},{"not_picked":["Pommel Strike","Disarm","Rampage"],"picked":"SKIP","floor":27.0},{"not_picked":["Havoc","Anger"],"picked":"Battle Trance","floor":28.0},{"not_picked":["Wild Strike","Sever Soul+1"],"picked":"Sword Boomerang","floor":31.0},{"not_picked":["Combust+1","Sentinel","Flame Barrier"],"picked":"SKIP","floor":35.0},{"not_picked":["Entrench","Clothesline+1"],"picked":"Warcry+1","floor":36.0},{"not_picked":["Entrench","Clothesline","Headbutt"],"picked":"SKIP","floor":37.0},{"not_picked":["Thunderclap","Power Through","Clash"],"picked":"SKIP","floor":38.0},{"not_picked":["Inflame","Feel No Pain+1","Rampage"],"picked":"SKIP","floor":39.0},{"not_picked":["Heavy Blade","Shrug It Off","Pommel Strike"],"picked":"SKIP","floor":40.0},{"not_picked":["Body Slam","True Grit"],"picked":"Warcry+1","floor":42.0},{"not_picked":["Body Slam","Rampage"],"picked":"Exhume","floor":44.0},{"not_picked":["Shrug It Off","Clothesline","Thunderclap"],"picked":"SKIP","floor":46.0},{"not_picked":["Clash","Searing Blow","Sever Soul+1"],"picked":"SKIP","floor":48},{"not_picked":["Pommel Strike+1","Seeing Red"],"picked":"Reaper","floor":55}],"player_experience":1770526,"relics_obtained":[{"floor":9.0,"key":"Smiling Mask"},{"floor":23.0,"key":"Anchor"},{"floor":27.0,"key":"Pen Nib"},{"floor":36.0,"key":"Magic Flower"},{"floor":40.0,"key":"Eternal Feather"},{"floor":43.0,"key":"Boot"},{"floor":48,"key":"Shuriken"},{"floor":55,"key":"Bag of Marbles"}],"event_choices":[{"damage_healed":0.0,"max_hp_gain":0.0,"max_hp_loss":0.0,"gold_gain":0.0,"event_name":"Golden Idol","player_choice":"Take Damage","floor":2.0,"gold_loss":0.0,"damage_taken":26.0,"relics_obtained":["Golden Idol"]},{"cards_removed":["Strike_R"],"damage_healed":0.0,"max_hp_gain":0.0,"max_hp_loss":0.0,"gold_gain":0.0,"event_name":"Living Wall","player_choice":"Forget","floor":8.0,"gold_loss":0.0,"damage_taken":0.0},{"damage_healed":0.0,"max_hp_gain":0.0,"max_hp_loss":0.0,"gold_gain":0.0,"event_name":"Ghosts","player_choice":"Ignored","floor":19.0,"gold_loss":0.0,"damage_taken":0.0},{"damage_healed":0.0,"max_hp_gain":0.0,"max_hp_loss":0.0,"gold_gain":100.0,"event_name":"The Joust","player_choice":"Bet on Murderer","floor":30.0,"gold_loss":50.0,"damage_taken":0.0},{"damage_healed":0.0,"max_hp_gain":0.0,"max_hp_loss":0.0,"gold_gain":0.0,"event_name":"MindBloom","player_choice":"Fight","floor":36.0,"gold_loss":0.0,"damage_taken":0.0},{"cards_removed":["Demon Form"],"damage_healed":0.0,"max_hp_gain":0.0,"max_hp_loss":0.0,"gold_gain":0.0,"event_name":"Falling","player_choice":"Removed Power","floor":45.0,"gold_loss":0.0,"damage_taken":0.0}],"is_beta":false,"boss_relics":[{"not_picked":["Black Blood","Runic Cube"],"picked":"Astrolabe"},{"not_picked":["Calling Bell","Empty Cage"],"picked":"SlaversCollar"}],"items_purged_floors":[11,21,47,54],"is_endless":false,"potions_floor_spawned":[4,5,16,18,25,28,31,36,42,44,46,55],"ascension_level":20}}