{"host":"v4tuy5ykrbdcm9o9","time":1611120484,"event":{"mods":["BaseMod","Duelist Mod","Minty Spire (QoL Compilation)","Replay The Spire","StSLib"],"gold_per_floor":[113,113,27,27,41,70,89,102,155,168,197,197,226,238,238,338,338,348,360,360,360],"floor_reached":20,"language":"ENG","playtime":1813,"items_purged":[],"score":308,"play_id":"384751b4-8bfc-4618-914c-fa52551a9254","local_time":"20210120002804","is_ascension_mode":true,"campfire_choices":[{"data":"Establishment","floor":12,"key":"SMITH"},{"data":"WindmillStrike","floor":15,"key":"SMITH"}],"circlet_count":0,"master_deck":["Strike_P","Strike_P","Strike_P","Strike_P","Defend_P","Defend_P","Defend_P","Eruption","Vigilance","Evaluate","WindmillStrike+1","Swivel","CutThroughFate","JustLucky","Weave","FlyingSleeves","Establishment+1","Replay:ManipulateFuture","Replay:ManipulateFuture","Devotion","Perseverance+1","SandsOfTime"],"relics":["PureWater","NeowsBlessing","Divine Protection","Lantern","Smiling Mask","Happy Flower","Ring of Chaos"],"acts_visited":["Exordium","TheCity"],"potions_floor_usage":[10,11,14,19,19,20],"damage_taken":[{"damage":0,"enemies":"Jaw Worm","floor":1,"turns":1},{"damage":0,"enemies":"Cultist","floor":5,"turns":1},{"damage":0,"enemies":"Lagavulin","floor":6,"turns":1},{"damage":0,"enemies":"Small Slimes","floor":7,"turns":2},{"damage":0,"enemies":"Red Slaver","floor":8,"turns":5},{"damage":0,"enemies":"Gremlin Gang","floor":10,"turns":4},{"damage":0,"enemies":"3 Sentries","floor":11,"turns":6},{"damage":3,"enemies":"Lagavulin","floor":13,"turns":7},{"damage":6,"enemies":"3 Louse","floor":14,"turns":2},{"damage":14,"enemies":"Fading Forest","floor":16,"turns":11},{"damage":2,"enemies":"3 Byrds","floor":18,"turns":6},{"damage":44,"enemies":"2 Thieves","floor":19,"turns":4},{"damage":28,"enemies":"3 Cultists","floor":20,"turns":4}],"seed_played":"6747505816617152797","potions_obtained":[{"floor":5,"key":"Dexterity Potion"},{"floor":10,"key":"BlessingOfTheForge"},{"floor":11,"key":"Regen Potion"},{"floor":14,"key":"BottledMiracle"},{"floor":18,"key":"BottledMiracle"}],"is_trial":false,"path_per_floor":["M","?","$","$","M","E","M","M","T","M","E","R","E","M","R","B",null,"M","M","M"],"character_chosen":"WATCHER","items_purchased":["WindmillStrike","PowerPotion"],"campfire_rested":0,"item_purchase_floors":[3,3],"current_hp_per_floor":[72,72,72,72,72,72,72,72,72,72,72,72,69,66,66,62,70,68,24,0,0],"gold":360,"neow_bonus":"THREE_ENEMY_KILL","is_daily":false,"chose_seed":false,"campfire_upgraded":2,"win_rate":0.0,"timestamp":1611120484,"path_taken":["M","?","?","$","M","E","M","?","T","M","E","R","E","M","R","BOSS","M","M","M"],"items_purchased_type":["Card","Potion"],"build_version":"2020-12-22","purchased_purges":0,"victory":false,"max_hp_per_floor":[72,72,72,72,72,72,72,72,72,72,72,72,72,72,72,72,72,72,72,72,72],"card_choices":[{"not_picked":["EmptyFist","SashWhip"],"picked":"Evaluate","floor":1},{"not_picked":["Wallop","Consecrate"],"picked":"Swivel","floor":5},{"not_picked":["Ragnarok","Replay:BluntJabs"],"picked":"CutThroughFate","floor":6},{"not_picked":["Consecrate","Tantrum"],"picked":"JustLucky","floor":7},{"not_picked":["CutThroughFate","Evaluate"],"picked":"Weave","floor":8},{"not_picked":["Study","Collect"],"picked":"FlyingSleeves","floor":10},{"not_picked":["SignatureMove","CarveReality"],"picked":"Establishment","floor":11},{"not_picked":["Fasting2","SignatureMove"],"picked":"Replay:ManipulateFuture","floor":13},{"not_picked":["ReachHeaven","Crescendo"],"picked":"Replay:ManipulateFuture","floor":14},{"not_picked":["Establishment","Scrawl"],"picked":"Devotion","floor":16},{"not_picked":["EmptyBody","FearNoEvil"],"picked":"Perseverance+1","floor":18},{"not_picked":["Replay:DivineShield","CutThroughFate"],"picked":"SandsOfTime","floor":19}],"player_experience":594850,"relics_obtained":[{"floor":6,"key":"Divine Protection"},{"floor":9,"key":"Lantern"},{"floor":11,"key":"Smiling Mask"},{"floor":13,"key":"Happy Flower"}],"event_choices":[{"cards_removed":["Defend_P"],"damage_healed":0,"gold_gain":0,"player_choice":"Purged","damage_taken":0,"max_hp_gain":0,"max_hp_loss":0,"event_name":"Purifier","floor":2,"gold_loss":0}],"is_beta":false,"boss_relics":[{"not_picked":["Abe\u0027s Treasure","Astrolabe"],"picked":"Ring of Chaos"}],"items_purged_floors":[],"is_endless":false,"potions_floor_spawned":[5,10,11,14,18],"killed_by":"3 Cultists","ascension_level":5}}