{"host":"8aoim7owc9xd4zca","time":1611166799,"event":{"mods":["AchievementEnabler","BaseMod","Colored Powertips","Highlight Path","Minty Spire (QoL Compilation)","Permanent Neow","Rare Cards Sparkle","Replay The Spire","StSLib","SuperFastMode","The Jungle"],"gold_per_floor":[119,119,130,157,232,267,281,281,281,281,281,18,52,67,67,197,197,215,22,22,22,46,46,66,104,454,472,496,496,510,510,510,633,633,656,656,719,719,739,739,774,788,788,821,841,57,96,110,110,110,110,110,110],"floor_reached":52,"language":"ENG","playtime":4829,"items_purged":["CommonCold","Shame","Normality"],"score":899,"play_id":"b613cacd-7e40-4304-8cde-8216964d5321","local_time":"20210120101959","is_ascension_mode":true,"campfire_choices":[{"floor":10.0,"key":"REST"},{"floor":15.0,"key":"REST"},{"data":"Amplify","floor":23.0,"key":"SMITH"},{"floor":29.0,"key":"REST"},{"floor":32.0,"key":"REST"},{"floor":40.0,"key":"RECALL"},{"floor":51.0,"key":"REST"}],"circlet_count":0,"master_deck":["Strike_B+1","Strike_B","Strike_B","Defend_B","Defend_B","Defend_B+1","Defend_B+1","Zap","Dualcast+1","Steam Power","Cold Snap","White Noise","Ball Lightning","Loop","Magnetism+1","Turbo","BasicCrystalCard","Amplify+1","Injury","White Noise","Barrage+1","Beam Cell","Crystallizer+1","Decay","Spreading Infection","Ball Lightning+1","Hologram","Sickly","Seek","Panic Button+1","Crystallizer","Violence","ReplayTheSpireMod:Private Reserves","Secret Technique","FIFO Queue+1","Rainbow","Redo+1","Lockon","Aggregate","Static Discharge","Transmutation","Amnesia","Fission","Redo"],"relics":["Cracked Core","Replay:Accelerometer","Smiling Mask","Pen Nib","ReplayTheSpireMod:Ring of Addiction","Potion Belt","SacredBark","ReplayTheSpireMod:Ring of Collecting","Replay:Ringing Soul","Ring of Hypnosis","Golden Idol","Darkstone Periapt","Replay:Ancient Bell","War Paint","Mercury Hourglass","Torii","ReplayTheSpireMod:TigerMarble","Simple Rune","Blood Vial","Ring of Greed","Old Coin","Replay:Wax Seal","Geode","Ring of Fury","SlaversCollar","Durian","Calipers","Ring of Peace","Bottled Lightning","DataDisk","ClockworkSouvenir","ReplayFunnel","Dream Catcher"],"acts_visited":["Exordium","Exordium","TheBeyond"],"potions_floor_usage":[],"damage_taken":[{"damage":5.0,"enemies":"Jaw Worm","floor":1.0,"turns":3.0},{"damage":1.0,"enemies":"2 Louse","floor":3.0,"turns":2.0},{"damage":15.0,"enemies":"Gremlin Nob","floor":6.0,"turns":4.0},{"damage":1.0,"enemies":"Cultist","floor":7.0,"turns":3.0},{"damage":20.0,"enemies":"Lagavulin","floor":13.0,"turns":6.0},{"damage":4.0,"enemies":"2 Fungi Beasts","floor":14.0,"turns":3.0},{"damage":26.0,"enemies":"Hexaghost","floor":16.0,"turns":7.0},{"damage":11.0,"enemies":"theJungle:5_Spyders","floor":18.0,"turns":8.0},{"damage":31.0,"enemies":"theJungle:GiantWrat","floor":22.0,"turns":8.0},{"damage":8.0,"enemies":"theJungle:Lyon","floor":24.0,"turns":5.0},{"damage":56.0,"enemies":"theJungle:Cassacara","floor":25.0,"turns":7.0},{"damage":10.0,"enemies":"theJungle:SlimyTreeVines","floor":27.0,"turns":5.0},{"damage":27.0,"enemies":"theJungle:2_Flameangoes","floor":30.0,"turns":6.0},{"damage":23.0,"enemies":"theJungle:FunGuy","floor":33.0,"turns":11.0},{"damage":25.0,"enemies":"Orb Walker","floor":35.0,"turns":3.0},{"damage":0.0,"enemies":"Mind Bloom Boss Battle","floor":37.0,"turns":4.0},{"damage":13.0,"enemies":"3 Shapes","floor":39.0,"turns":2.0},{"damage":17.0,"enemies":"R_Hoarder","floor":41.0,"turns":5.0},{"damage":67.0,"enemies":"Jaw Worm Horde","floor":42.0,"turns":5.0},{"damage":0.0,"enemies":"Giant Head","floor":44.0,"turns":3.0},{"damage":39.0,"enemies":"4 Shapes","floor":45.0,"turns":5.0},{"damage":0.0,"enemies":"Nemesis","floor":47.0,"turns":7.0},{"damage":2.0,"enemies":"Maw","floor":48.0,"turns":7.0},{"damage":0,"enemies":"Donu and Deca","floor":52,"turns":1}],"seed_played":"-5169763224820822750","potions_obtained":[{"floor":3.0,"key":"Block Potion"},{"floor":6.0,"key":"Venom Potion"},{"floor":8.0,"key":"LiquidBronze"},{"floor":8.0,"key":"EssenceOfSteel"},{"floor":8.0,"key":"FocusPotion"},{"floor":14.0,"key":"Strength Potion"},{"floor":25.0,"key":"FearPotion"},{"floor":27.0,"key":"Explosive Potion"},{"floor":30.0,"key":"Fire Potion"},{"floor":35.0,"key":"Strength Potion"},{"floor":41.0,"key":"Elixir"},{"floor":45.0,"key":"ColorlessPotion"},{"floor":48.0,"key":"Block Potion"}],"is_trial":false,"path_per_floor":["M","?","M","T","?","E","M","?","T","R","?","$","E","M","R","B",null,"M","$","?","$","M","R","M","E","T","M","T","R","M","?","R","B",null,"M","?","?","?","M","R","E","M","T","E","M","$","E","M","PTL","PTL","R","B"],"character_chosen":"DEFECT","items_purchased":["Loop","Magnetism","ReplayTheSpireMod:TigerMarble","DataDisk","ClockworkSouvenir","Static Discharge","Transmutation","ReplayFunnel","EssenceOfSteel"],"campfire_rested":5,"item_purchase_floors":[12,12,19,46,46,46,46,46,46],"current_hp_per_floor":[70,63,62,62,55,40,39,39,39,61,43,46,29,28,52,29,106,98,98,98,98,70,70,65,12,27,27,27,65,43,33,71,59,138,114,114,130,123,115,115,103,41,41,46,12,15,26,29,29,29,86,88,88],"gold":110,"neow_bonus":"RANDOM_EVENT","is_daily":false,"chose_seed":false,"campfire_upgraded":1,"win_rate":0.0,"timestamp":1611166799,"path_taken":["M","?","M","?","?","E","?","?","T","R","?","$","E","M","R","BOSS","M","$","?","?","M","R","M","E","T","M","?","R","M","?","R","BOSS","M","?","?","?","M","R","E","M","T","E","M","$","E","M","PTL","PTL","R","BOSS"],"items_purchased_type":["Card","Card","Relic","Relic","Relic","Card","Card","Relic","Potion"],"build_version":"2020-12-22","purchased_purges":3,"victory":false,"max_hp_per_floor":[75,75,75,75,75,75,75,75,75,75,75,76,79,82,82,85,106,109,109,107,107,110,108,111,114,127,130,130,128,131,131,129,138,138,139,139,153,156,159,159,162,165,163,166,169,172,181,184,184,184,185,185,185],"card_choices":[{"not_picked":["Leap","ReplayTheSpireMod:System Scan"],"picked":"Steam Power","floor":1.0},{"not_picked":["Reprogram","Conserve Battery"],"picked":"Cold Snap","floor":3.0},{"not_picked":["Streamline","Stack"],"picked":"White Noise","floor":6.0},{"not_picked":["Melter","Panic Button"],"picked":"Ball Lightning","floor":7.0},{"not_picked":["Steam","Compile Driver"],"picked":"Turbo","floor":13.0},{"not_picked":["ReplayTheSpireMod:Calculation Training","Ball Lightning"],"picked":"BasicCrystalCard","floor":14.0},{"not_picked":["Core Surge","Mirror Shield"],"picked":"Amplify","floor":16.0},{"not_picked":["Replay:Hysterical Blindness","Pain"],"picked":"Shame","floor":17.0},{"not_picked":["Pain","Languid"],"picked":"Injury","floor":17.0},{"not_picked":["Shame","AbeCurse"],"picked":"ReplayTheSpireMod:Restless Dread","floor":17.0},{"not_picked":["Amplify","ReplaySolidLightProjector"],"picked":"White Noise","floor":18.0},{"not_picked":["Streamline","BasicCrystalCard"],"picked":"Barrage+1","floor":22.0},{"not_picked":["Genetic Algorithm","ReplayTheSpireMod:Reroute Power"],"picked":"Beam Cell","floor":24.0},{"not_picked":["Melter","Hyperbeam"],"picked":"Crystallizer+1","floor":25.0},{"not_picked":["Conserve Battery","Hologram+1"],"picked":"Ball Lightning+1","floor":27.0},{"not_picked":["Gash","Rip and Tear"],"picked":"Hologram","floor":30.0},{"not_picked":["Fission","Mirror Shield"],"picked":"Seek","floor":33.0},{"not_picked":["Turbo","Sweeping Beam+1"],"picked":"Panic Button+1","floor":35.0},{"not_picked":["Beam Cell+1","Conserve Battery"],"picked":"Crystallizer","floor":37.0},{"not_picked":["Impatience","Swift Strike"],"picked":"Violence","floor":38.0},{"not_picked":["Dramatic Entrance","Trip"],"picked":"ReplayTheSpireMod:Private Reserves","floor":38.0},{"not_picked":["ReplayUltimateDefense","Secret Weapon"],"picked":"Secret Technique","floor":38.0},{"not_picked":["ReplayTheSpireMod:Reroute Power+1","Redo"],"picked":"FIFO Queue+1","floor":39.0},{"not_picked":["Panic Button+1","ReplayTheSpireMod:Calculation Training+1"],"picked":"Rainbow","floor":41.0},{"not_picked":["Cold Snap+1","Streamline+1"],"picked":"Redo+1","floor":42.0},{"not_picked":["BasicCrystalCard","Sweeping Beam"],"picked":"Lockon","floor":44.0},{"not_picked":["Stack+1","Rebound+1"],"picked":"Aggregate","floor":45.0},{"not_picked":["Steam","Coolheaded+1","Reprogram+1"],"picked":"SKIP","floor":47.0},{"not_picked":["Sweeping Beam","Gash+1"],"picked":"Fission","floor":48.0},{"not_picked":["Rebound+1","Crystallizer"],"picked":"Redo","floor":51.0}],"player_experience":277558,"relics_obtained":[{"floor":4.0,"key":"Smiling Mask"},{"floor":6.0,"key":"Pen Nib"},{"floor":8.0,"key":"ReplayTheSpireMod:Ring of Addiction"},{"floor":8.0,"key":"Potion Belt"},{"floor":8.0,"key":"SacredBark"},{"floor":8.0,"key":"ReplayTheSpireMod:Ring of Collecting"},{"floor":9.0,"key":"Replay:Ringing Soul"},{"floor":9.0,"key":"Ring of Hypnosis"},{"floor":13.0,"key":"Darkstone Periapt"},{"floor":25.0,"key":"Simple Rune"},{"floor":26.0,"key":"Blood Vial"},{"floor":26.0,"key":"Ring of Greed"},{"floor":26.0,"key":"Old Coin"},{"floor":26.0,"key":"Replay:Wax Seal"},{"floor":28.0,"key":"Geode"},{"floor":28.0,"key":"Ring of Fury"},{"floor":37.0,"key":"Durian"},{"floor":41.0,"key":"Calipers"},{"floor":43.0,"key":"Ring of Peace"},{"floor":44.0,"key":"Bottled Lightning"},{"floor":47.0,"key":"Dream Catcher"}],"event_choices":[{"damage_healed":0.0,"max_hp_gain":0.0,"max_hp_loss":0.0,"gold_gain":0.0,"event_name":"Big Fish","player_choice":"Box","floor":0.0,"gold_loss":0.0,"damage_taken":0.0,"relics_obtained":["Replay:Accelerometer"],"cards_obtained":["Regret"]},{"cards_removed":["Regret"],"damage_healed":0.0,"max_hp_gain":0.0,"max_hp_loss":0.0,"gold_gain":0.0,"event_name":"Golden Wing","player_choice":"Card Removal","floor":2.0,"gold_loss":0.0,"damage_taken":7.0},{"damage_healed":0.0,"max_hp_gain":0.0,"max_hp_loss":0.0,"gold_gain":75.0,"event_name":"FaceTrader","player_choice":"Touch","floor":5.0,"gold_loss":0.0,"damage_taken":7.0},{"damage_healed":0.0,"max_hp_gain":0.0,"max_hp_loss":0.0,"gold_gain":0.0,"event_name":"Golden Idol","player_choice":"Take Damage","floor":11.0,"gold_loss":0.0,"damage_taken":18.0,"relics_obtained":["Golden Idol"]},{"damage_healed":0.0,"max_hp_gain":0.0,"max_hp_loss":0.0,"gold_gain":0.0,"event_name":"Upgrade Shrine","player_choice":"Upgraded","floor":20.0,"gold_loss":0.0,"damage_taken":0.0,"cards_upgraded":["Magnetism"]},{"cards_removed":["Strike_B"],"damage_healed":0.0,"max_hp_gain":0.0,"max_hp_loss":0.0,"gold_gain":0.0,"event_name":"Falling","player_choice":"Removed Attack","floor":36.0,"gold_loss":0.0,"damage_taken":0.0},{"damage_healed":0.0,"max_hp_gain":0.0,"max_hp_loss":0.0,"gold_gain":0.0,"event_name":"MindBloom","player_choice":"Fight","floor":37.0,"gold_loss":0.0,"damage_taken":0.0},{"damage_healed":0.0,"max_hp_gain":0.0,"max_hp_loss":0.0,"gold_gain":0.0,"event_name":"SensoryStone","player_choice":"Memory 3","floor":38.0,"gold_loss":0.0,"damage_taken":10.0}],"is_beta":false,"boss_relics":[{"not_picked":["Sozu","Tiny House"],"picked":"Replay:Ancient Bell"},{"not_picked":["Lantern","Art of War"],"picked":"War Paint"},{"not_picked":["Divine Protection","ReplayTheSpireMod:Ninjato"],"picked":"Mercury Hourglass"},{"not_picked":["Ginger","Pocketwatch"],"picked":"Torii"},{"not_picked":["Calling Bell","ChewingGum"],"picked":"SlaversCollar"}],"items_purged_floors":[12,19,46],"is_endless":false,"potions_floor_spawned":[3,6,14,25,27,30,35,41,45,48],"killed_by":"Donu and Deca","ascension_level":1}}