{"host":"xbs6xfa3tvu21mfl","time":1611133531,"event":{"mods":["BaseMod","Downfall","Minty Spire (QoL Compilation)","Quick Restart","StSLib"],"gold_per_floor":[111,111,11,26,26,60,85,110,110,135,168,201,227,260,260,365,365,378,378,41,41,67,67,67,67,67,92,92,92,127,141,141,237,237,250,250,57,76,121,121,121,121,199,228,228,260,290,317,317,317],"floor_reached":51,"language":"ZHS","playtime":2435,"items_purged":["champ:PreciseThrust","champ:EnGarde"],"score":1177,"play_id":"dc906431-b91b-4398-abd1-afb4312b55db","local_time":"20210120170531","daily_mods":["SealedDeck","Heirloom","Time Dilation","Flight","downfall:Lament","DeadlyEvents","Elite Swarm"],"is_ascension_mode":false,"campfire_choices":[{"floor":15.0,"key":"REST"},{"data":"champ:CheapShot","floor":23.0,"key":"SMITH"},{"data":"champ:VampiricStrike","floor":24.0,"key":"SMITH"},{"data":"champ:LastStand","floor":25.0,"key":"SMITH"},{"data":"champ:CheapShot","floor":29.0,"key":"SMITH"},{"data":"champ:CalledShot","floor":32.0,"key":"SMITH"},{"data":"champ:CheapShot","floor":40.0,"key":"SMITH"},{"data":"J.A.X.","floor":41.0,"key":"SMITH"},{"data":"champ:TripleStrike","floor":42.0,"key":"SMITH"},{"data":"champ:Improvising","floor":45.0,"key":"SMITH"},{"data":"champ:CheapShot","floor":49.0,"key":"SMITH"}],"circlet_count":0,"master_deck":["champ:BerserkerStyle","champ:CalledShot+1","champ:Shatter","champ:FanOfKnives","champ:EnragedBash","champ:BerserkerStyle","champ:AdrenalArmor","champ:BerserkersShout","champ:Encircle","champ:BladeFlurry","Pain","champ:LastStand","champ:Devastate","champ:LastStand+1","champ:StrikeOfGenius","champ:StrikeOfGenius","champ:DancingMaster","champ:TripleStrike+1","champ:TripleStrike","champ:VampiricStrike+1","champ:FanOfKnives","J.A.X.+1","champ:CheapShot+1","champ:CheapShot+1","champ:Devastate","champ:CheapShot+1","champ:BerserkerStyle+1","champ:Improvising+1","champ:MurderStrike","champ:LastStand","champ:CheapShot+1"],"relics":["champ:ChampionCrown","NeowsBlessing","TungstenRod","champ:LiftRelic","Ornamental Fan","WarpedTongs","FossilizedHelix","White Beast Statue","Omamori","Gambling Chip","Dream Catcher","Pocketwatch","Oddly Smooth Stone","Potion Belt","bronze:DecasWashers","Philosopher\u0027s Stone","StrikeDummy","Mango","Letter Opener","Bottled Lightning","Shuriken","Black Star","Membership Card","Du-Vu Doll","Sundial","Pen Nib","Lizard Tail","Strawberry","hexamod:CandleOfCauterizing","Torii","Toy Ornithopter","Thread and Needle","Frozen Egg 2"],"acts_visited":["Exordium","TheCity","TheBeyond"],"potions_floor_usage":[50,50,50,50,50],"damage_taken":[{"damage":0.0,"enemies":"Cultist","floor":1.0,"turns":1.0},{"damage":0.0,"enemies":"Small Slimes","floor":4.0,"turns":1.0},{"damage":0.0,"enemies":"Gremlin Nob","floor":6.0,"turns":1.0},{"damage":49.0,"enemies":"Lagavulin","floor":7.0,"turns":4.0},{"damage":56.0,"enemies":"3 Sentries","floor":8.0,"turns":5.0},{"damage":49.0,"enemies":"Lagavulin","floor":10.0,"turns":3.0},{"damage":72.0,"enemies":"3 Sentries","floor":11.0,"turns":4.0},{"damage":60.0,"enemies":"Lagavulin","floor":12.0,"turns":4.0},{"damage":39.0,"enemies":"Gremlin Nob","floor":13.0,"turns":3.0},{"damage":32.0,"enemies":"3 Sentries","floor":14.0,"turns":4.0},{"damage":0.0,"enemies":"Slime Boss","floor":16.0,"turns":5.0},{"damage":16.0,"enemies":"Shell Parasite","floor":18.0,"turns":1.0},{"damage":18.0,"enemies":"Gremlin Leader","floor":22.0,"turns":1.0},{"damage":42.0,"enemies":"Book of Stabbing","floor":27.0,"turns":2.0},{"damage":42.0,"enemies":"Gremlin Leader","floor":30.0,"turns":2.0},{"damage":18.0,"enemies":"Chosen","floor":31.0,"turns":1.0},{"damage":92.0,"enemies":"Automaton","floor":33.0,"turns":4.0},{"damage":10.0,"enemies":"3 Shapes","floor":35.0,"turns":1.0},{"damage":13.0,"enemies":"3 Darklings","floor":38.0,"turns":3.0},{"damage":30.0,"enemies":"2 Orb Walkers","floor":39.0,"turns":2.0},{"damage":50.0,"enemies":"Reptomancer","floor":44.0,"turns":2.0},{"damage":80.0,"enemies":"Giant Head","floor":46.0,"turns":4.0},{"damage":42.0,"enemies":"Reptomancer","floor":47.0,"turns":2.0},{"damage":30.0,"enemies":"Nemesis","floor":48.0,"turns":2.0},{"damage":101,"enemies":"Donu and Deca","floor":50,"turns":5}],"seed_played":"7939454367286031405","potions_obtained":[{"floor":6.0,"key":"champ:TechniquePotion"},{"floor":7.0,"key":"Fire Potion"},{"floor":8.0,"key":"Fire Potion"},{"floor":10.0,"key":"LiquidMemories"},{"floor":11.0,"key":"champ:UltimateStancePotion"},{"floor":12.0,"key":"ColorlessPotion"},{"floor":13.0,"key":"Swift Potion"},{"floor":14.0,"key":"AttackPotion"},{"floor":16.0,"key":"champ:OpenerPotion"},{"floor":18.0,"key":"Dexterity Potion"},{"floor":22.0,"key":"champ:TechniquePotion"},{"floor":27.0,"key":"Fire Potion"},{"floor":30.0,"key":"champ:TechniquePotion"},{"floor":33.0,"key":"PowerPotion"},{"floor":35.0,"key":"LiquidMemories"},{"floor":39.0,"key":"Fire Potion"},{"floor":44.0,"key":"champ:CounterPotion"},{"floor":46.0,"key":"Weak Potion"},{"floor":47.0,"key":"Dexterity Potion"},{"floor":48.0,"key":"Guardian:BlockOnCardUsePotion"}],"is_trial":true,"path_per_floor":["M","?","?","M","?","E","E","E","T","E","E","E","E","E","R","B",null,"M","?","$","?","E","R","R","R","T","E","$","R","E","M","R","B",null,"M","?","$","M","?","R","R","R","T","E","R","E","E","E","R","B",null],"character_chosen":"THE_CHAMP","items_purchased":["StrikeDummy","Membership Card"],"campfire_rested":1,"item_purchase_floors":[20,37],"current_hp_per_floor":[90,90,90,90,90,90,84,71,71,64,74,56,54,60,87,90,90,90,90,90,90,104,104,104,104,104,104,104,104,95,98,98,96,104,94,94,94,91,94,94,94,94,94,104,104,111,101,111,111,78],"gold":317,"neow_bonus":"","is_daily":false,"chose_seed":false,"campfire_upgraded":10,"win_rate":0.0,"timestamp":1611133531,"path_taken":["M","?","?","?","?","E","E","E","T","E","E","E","E","?","R","BOSS","M","?","$","?","?","R","R","R","T","E","$","R","E","?","R","BOSS","M","?","$","?","?","R","R","R","T","E","R","E","?","E","R","BOSS"],"items_purchased_type":["Relic","Relic"],"build_version":"2020-12-22","purchased_purges":2,"victory":true,"max_hp_per_floor":[90,90,90,90,90,90,90,90,90,90,90,90,90,90,90,90,90,90,90,90,90,104,104,104,104,104,104,104,104,104,104,104,104,104,104,104,104,104,104,104,104,104,104,104,104,111,111,111,111,111],"card_choices":[{"not_picked":["champ:DefensiveShout","champ:PreemptiveStrike"],"picked":"champ:Encircle","floor":1.0},{"not_picked":["champ:Circumvent","champ:CrownThrow"],"picked":"champ:BladeFlurry","floor":4.0},{"not_picked":["champ:Improvising","champ:ShieldThrow"],"picked":"champ:LastStand","floor":6.0},{"not_picked":["champ:HeavySlash","champ:VampiricStrike"],"picked":"champ:Devastate","floor":7.0},{"not_picked":["champ:HoldFirm","champ:HeavySlash"],"picked":"champ:LastStand","floor":8.0},{"not_picked":["champ:LastStand","champ:MurderStrike"],"picked":"champ:StrikeOfGenius","floor":10.0},{"not_picked":["champ:MurderStrike","champ:UltimateStance"],"picked":"champ:StrikeOfGenius","floor":11.0},{"not_picked":["champ:GladiatorForm","champ:SteelEdge"],"picked":"champ:DancingMaster","floor":12.0},{"not_picked":["champ:MurderStrike","champ:VampiricStrike"],"picked":"champ:TripleStrike","floor":13.0},{"not_picked":["champ:StrikeOfGenius","champ:GladiatorForm"],"picked":"champ:TripleStrike","floor":14.0},{"not_picked":["champ:UltimateStance","champ:TripleStrike"],"picked":"champ:VampiricStrike","floor":16.0},{"not_picked":["champ:AdrenalArmor","champ:Circumvent"],"picked":"champ:FanOfKnives","floor":18.0},{"not_picked":["champ:StrikeOfGenius","champ:IgnorePain"],"picked":"champ:CheapShot","floor":22.0},{"not_picked":["champ:IgnorePain","champ:DancingMaster"],"picked":"champ:CheapShot","floor":27.0},{"not_picked":["champ:HeavySlash","champ:UltimateStance"],"picked":"champ:Devastate","floor":30.0},{"not_picked":["champ:EnGarde","champ:TornadoPunch","champ:Lariat"],"picked":"SKIP","floor":31.0},{"not_picked":["champ:SteelEdge","champ:DancingMaster"],"picked":"champ:CheapShot","floor":33.0},{"not_picked":["champ:PerfectedStrike","champ:EnragedBash","champ:FocusedDefense"],"picked":"SKIP","floor":35.0},{"not_picked":["champ:DeathBlow+1","champ:FancyFootwork+1"],"picked":"champ:BerserkerStyle+1","floor":38.0},{"not_picked":["champ:LastStand","champ:DancingMaster"],"picked":"champ:Improvising","floor":44.0},{"not_picked":["champ:Devastate","champ:LastStand"],"picked":"champ:MurderStrike","floor":46.0},{"not_picked":["champ:IgnorePain","champ:VampiricStrike"],"picked":"champ:LastStand","floor":47.0},{"not_picked":["champ:Devastate","champ:UltimateStance"],"picked":"champ:CheapShot","floor":48.0}],"player_experience":148085,"relics_obtained":[{"floor":6.0,"key":"FossilizedHelix"},{"floor":7.0,"key":"White Beast Statue"},{"floor":8.0,"key":"Omamori"},{"floor":9.0,"key":"Gambling Chip"},{"floor":10.0,"key":"Dream Catcher"},{"floor":11.0,"key":"Pocketwatch"},{"floor":12.0,"key":"Oddly Smooth Stone"},{"floor":13.0,"key":"Potion Belt"},{"floor":14.0,"key":"bronze:DecasWashers"},{"floor":22.0,"key":"Mango"},{"floor":26.0,"key":"Letter Opener"},{"floor":27.0,"key":"Bottled Lightning"},{"floor":30.0,"key":"Shuriken"},{"floor":39.0,"key":"Du-Vu Doll"},{"floor":43.0,"key":"Sundial"},{"floor":44.0,"key":"Pen Nib"},{"floor":44.0,"key":"Lizard Tail"},{"floor":46.0,"key":"Strawberry"},{"floor":46.0,"key":"hexamod:CandleOfCauterizing"},{"floor":47.0,"key":"Torii"},{"floor":47.0,"key":"Toy Ornithopter"},{"floor":48.0,"key":"Thread and Needle"},{"floor":48.0,"key":"Frozen Egg 2"}],"event_choices":[{"damage_healed":0.0,"max_hp_gain":0.0,"max_hp_loss":0.0,"gold_gain":0.0,"event_name":"WeMeetAgain","player_choice":"Paid Gold","floor":3.0,"gold_loss":100.0,"damage_taken":0.0,"relics_obtained":["Ornamental Fan"]},{"damage_healed":0.0,"max_hp_gain":0.0,"max_hp_loss":0.0,"gold_gain":0.0,"event_name":"Accursed Blacksmith","player_choice":"Rummage","floor":5.0,"gold_loss":0.0,"damage_taken":0.0,"relics_obtained":["WarpedTongs"],"cards_obtained":["Pain"]},{"damage_healed":0.0,"max_hp_gain":0.0,"max_hp_loss":0.0,"gold_gain":0.0,"event_name":"Drug Dealer","player_choice":"Obtain J.A.X.","floor":19.0,"gold_loss":0.0,"damage_taken":0.0,"cards_obtained":["J.A.X."]},{"damage_healed":0.0,"max_hp_gain":0.0,"max_hp_loss":0.0,"gold_gain":0.0,"event_name":"Vampires","player_choice":"Ignored","floor":21.0,"gold_loss":0.0,"damage_taken":0.0},{"damage_healed":0.0,"max_hp_gain":0.0,"max_hp_loss":0.0,"gold_gain":0.0,"event_name":"Tomb of Lord Red Mask","player_choice":"Ignored","floor":36.0,"gold_loss":0.0,"damage_taken":0.0},{"damage_healed":0.0,"max_hp_gain":0.0,"max_hp_loss":0.0,"gold_gain":0.0,"event_name":"Mysterious Sphere","player_choice":"Fight","floor":39.0,"gold_loss":0.0,"damage_taken":0.0}],"is_beta":false,"boss_relics":[{"not_picked":["Sozu","Coffee Dripper"],"picked":"Philosopher\u0027s Stone"},{"not_picked":["Runic Pyramid","Busted Crown"],"picked":"Black Star"}],"items_purged_floors":[20,37],"is_endless":false,"potions_floor_spawned":[6,7,8,10,11,12,13,14,16,18,22,27,30,31,33,35,38,39,44,46,47,48],"ascension_level":0}}