{"host":"e2mrybwkyvi5pto3","time":1611127612,"event":{"mods":["Act Like it!","BaseMod","CapriCore","Chen","Conspire","Gensokyo","Koishi","KomeijiMod","Marisa£®ÏF”Í°°ƒß¿Ì…≥£©","Minty Spire (QoL Compilation)","Reimu£®≤©¿ˆ¡È√Œ£©","Remilia£®¿Ÿ√◊¿Ú—«£©","SOS£®Àπ∞Õ¥Ô÷Æ◊”£©","StSLib","The Administrix","The Immortal","The Poker Player","The Servant 0.9.4","TheWitcher","Yakumo Yukari mod","Youmu£®ªÍ∆«—˝√Œ£©","Yuyuko"],"gold_per_floor":[113,123,140,160,160,160,193,206,206,136,136,147,158,158,158,263,263,276,276,292,292,292,292,322,322,322,322,322,18,46,66,66,165,165,380,393,393,407,407,440,460,472,472,57,57,57,57,73,73,73],"floor_reached":51,"language":"ZHS","playtime":7679,"items_purged":[],"score":647,"play_id":"9608059b-8a90-4245-91df-d25e19aef849","local_time":"20210120152652","is_ascension_mode":false,"campfire_choices":[{"data":"CareerPray:ReiMu","floor":6.0,"key":"SMITH"},{"data":"NineCharacters:ReiMu","floor":11.0,"key":"SMITH"},{"data":"Amulet:ReiMu","floor":15.0,"key":"SMITH"},{"data":"Gathering:ReiMu","floor":23.0,"key":"SMITH"},{"data":"Authority:ReiMu","floor":25.0,"key":"SMITH"},{"data":"SubcavityFantasy:ReiMu","floor":27.0,"key":"SMITH"},{"data":"NB:ReiMu","floor":32.0,"key":"SMITH"},{"data":"FineLineFantasy:ReiMu","floor":47.0,"key":"SMITH"},{"data":"KamiRite:ReiMu","floor":49,"key":"SMITH"}],"circlet_count":0,"master_deck":["Strike_Lin:ReiMu","Strike_Lin:ReiMu+1","Strike_Lin:ReiMu","Defend_Lin:ReiMu","Defend_Lin:ReiMu","Defend_Lin:ReiMu","Defend_Lin:ReiMu","NB:ReiMu+1","Stagnation:ReiMu","RainPray2:ReiMu","CareerPray:ReiMu+1","KyokaiOfKami:ReiMu","Conquer:ReiMu","NineCharacters:ReiMu+1","Amulet:ReiMu+1","Amulet:ReiMu+1","Amulet:ReiMu+1","SubcavityFantasy:ReiMu+1","SubcavityInstant:ReiMu","Gathering:ReiMu+1","LovePray:ReiMu","Authority:ReiMu+1","SpreadBorder2:ReiMu","CardOfSanctity:ReiMu","Intuition:ReiMu+1","TightArray:ReiMu+1","KamiRite:ReiMu+1","PassingAway:ReiMu+1","FineLineFantasy:ReiMu+1","FantasyMoon:ReiMu","Gensokyo:Shovel","Gensokyo:ReactiveArmor","Gensokyo:Taser","RainPray2:ReiMu"],"relics":["FlyPower:ReiMu","Gensokyo:NagashiBinaDoll","Dead Branch","Shuriken","Coffee Dripper","conspire:BottledYoYo","Omamori","Pocketwatch","TentaclePot:ReiMu","RuthlessExorcism:ReiMu","DonationBox:ReiMu","StoneCalendar","Meat on the Bone","BodyOfKamiR:ReiMu","NitorisBag","ClockworkSouvenir","PreservedInsect"],"acts_visited":["Gensokyo:Gensokyo","Gensokyo:Gensokyoer","Gensokyo:Gensokyoest"],"potions_floor_usage":[48],"damage_taken":[{"damage":2.0,"enemies":"Gensokyo:2_Kodama","floor":1.0,"turns":5.0},{"damage":2.0,"enemies":"Gensokyo:3_Fairies","floor":2.0,"turns":6.0},{"damage":2.0,"enemies":"Gensokyo:Python","floor":3.0,"turns":3.0},{"damage":6.0,"enemies":"Gensokyo:LivingMonolith","floor":4.0,"turns":4.0},{"damage":11.0,"enemies":"Gensokyo:Aya","floor":7.0,"turns":8.0},{"damage":9.0,"enemies":"Gensokyo:Kitsune","floor":8.0,"turns":6.0},{"damage":0.0,"enemies":"Gensokyo:Gryphon_and_Rabbit","floor":12.0,"turns":5.0},{"damage":0.0,"enemies":"Gensokyo:3_Kodama","floor":13.0,"turns":2.0},{"damage":2.0,"enemies":"Gensokyo:Reimu","floor":16.0,"turns":11.0},{"damage":0.0,"enemies":"Gensokyo:AngelMirror","floor":18.0,"turns":2.0},{"damage":16.0,"enemies":"Gensokyo:3_Dogs","floor":20.0,"turns":8.0},{"damage":20.0,"enemies":"Gensokyo:Koishi","floor":24.0,"turns":10.0},{"damage":7.0,"enemies":"conspire:MimicChest","floor":30.0,"turns":7.0},{"damage":8.0,"enemies":"Gensokyo:Slime_Group","floor":31.0,"turns":4.0},{"damage":1.0,"enemies":"Gensokyo:Kaguya","floor":33.0,"turns":12.0},{"damage":2.0,"enemies":"Gensokyo:3_Boulders","floor":35.0,"turns":3.0},{"damage":0.0,"enemies":"Gensokyo:AncientGuardian","floor":36.0,"turns":5.0},{"damage":0.0,"enemies":"Gensokyo:AtlasGolem","floor":38.0,"turns":5.0},{"damage":14.0,"enemies":"Gensokyo:Kasen","floor":40.0,"turns":6.0},{"damage":0.0,"enemies":"Gensokyo:SeedOfUnknown","floor":41.0,"turns":5.0},{"damage":12.0,"enemies":"Gensokyo:3_Boulders","floor":42.0,"turns":3.0},{"damage":0,"enemies":"Gensokyo:AtlasGolem","floor":48,"turns":5},{"damage":8,"enemies":"Gensokyo:Shinki","floor":50,"turns":11}],"seed_played":"-1961813029182631386","potions_obtained":[{"floor":1.0,"key":"Explosive Potion"},{"floor":3.0,"key":"Ancient Potion"},{"floor":8.0,"key":"Weak Potion"},{"floor":12.0,"key":"PinkPotion:ReiMu"},{"floor":30.0,"key":"Swift Potion"},{"floor":36.0,"key":"EntropicBrew"},{"floor":41.0,"key":"Regen Potion"},{"floor":48,"key":"Ancient Potion"}],"is_trial":false,"path_per_floor":["M","M","M","M","?","R","E","M","T","?","R","M","M","?","R","B",null,"M","?","M","?","?","R","E","R","T","R","T","COS","?","M","R","B",null,"M","M","?","M","?","E","M","M","T","COS","$","?","R","M","R","B",null],"character_chosen":"REIMU","items_purchased":[],"campfire_rested":0,"item_purchase_floors":[],"current_hp_per_floor":[69,67,65,59,59,59,48,39,39,39,39,39,39,39,39,37,71,71,71,55,55,70,70,50,50,50,50,50,50,43,35,35,34,71,69,69,69,69,69,55,55,43,43,43,43,43,43,55,55,47],"gold":73,"neow_bonus":"TEN_PERCENT_HP_BONUS","is_daily":false,"chose_seed":false,"campfire_upgraded":9,"win_rate":0.0,"timestamp":1611127612,"path_taken":["M","M","M","M","?","R","E","M","T","?","R","M","M","?","R","BOSS","M","?","M","?","?","R","E","R","T","R","?","COS","?","M","R","BOSS","M","M","?","M","?","E","M","?","T","COS","?","?","R","M","R","BOSS"],"items_purchased_type":[],"build_version":"2020-12-22","purchased_purges":0,"victory":true,"max_hp_per_floor":[71,71,71,71,71,71,71,71,71,71,71,71,71,71,71,71,71,71,71,71,71,71,71,71,71,71,71,71,71,71,71,71,71,71,71,71,71,71,71,71,71,71,71,71,71,71,71,71,71,71],"card_choices":[{"not_picked":["DoubleButterfly:ReiMu","Revelation:ReiMu"],"picked":"RainPray2:ReiMu","floor":1.0},{"not_picked":["DoubleButterfly:ReiMu","PhosphorusFlame:ReiMu"],"picked":"CareerPray:ReiMu","floor":2.0},{"not_picked":["SpringWay:ReiMu","SubcavityInstant:ReiMu"],"picked":"KyokaiOfKami:ReiMu","floor":3.0},{"not_picked":["SpreadBorder2:ReiMu","SpringWay:ReiMu"],"picked":"Conquer:ReiMu","floor":4.0},{"not_picked":["AlertArray:ReiMu","WonderfulDomain:ReiMu"],"picked":"NineCharacters:ReiMu","floor":7.0},{"not_picked":["SafetyPray:ReiMu","AirStrike:ReiMu"],"picked":"Amulet:ReiMu","floor":8.0},{"not_picked":["Conquer:ReiMu","TightArray:ReiMu"],"picked":"Amulet:ReiMu","floor":12.0},{"not_picked":["SpringWay:ReiMu","CareerPray:ReiMu"],"picked":"Amulet:ReiMu","floor":13.0},{"not_picked":["Authority:ReiMu","KyokaiOfKami:ReiMu"],"picked":"SubcavityFantasy:ReiMu","floor":16.0},{"not_picked":["AirStrike:ReiMu","EmergencyTakeOff:ReiMu"],"picked":"SubcavityInstant:ReiMu","floor":18.0},{"not_picked":["WonderfulDomain:ReiMu","RainPray2:ReiMu"],"picked":"LovePray:ReiMu","floor":20.0},{"not_picked":["KyokaiOfKami:ReiMu","Amulet:ReiMu"],"picked":"Authority:ReiMu","floor":24.0},{"not_picked":["Conquer:ReiMu+1","AlertArray:ReiMu"],"picked":"SpreadBorder2:ReiMu","floor":30.0},{"not_picked":["Enchanting:ReiMu","SubAcupoint:ReiMu+1","WonderfulDomain:ReiMu"],"picked":"SKIP","floor":31.0},{"not_picked":["Free:ReiMu","CeremonyResonance:ReiMu"],"picked":"CardOfSanctity:ReiMu","floor":33.0},{"not_picked":["SubcavityInstant:ReiMu","CollectionFlower2:ReiMu","EmergencyTakeOff:ReiMu+1"],"picked":"SKIP","floor":35.0},{"not_picked":["OrbThrow:ReiMu+1","SubcavityInstant:ReiMu+1"],"picked":"Intuition:ReiMu+1","floor":36.0},{"not_picked":["EmergencyTakeOff:ReiMu+1","SpiritualOutbreak2:ReiMu"],"picked":"TightArray:ReiMu+1","floor":38.0},{"not_picked":["MountainWay:ReiMu","ForcedLanding:ReiMu+1"],"picked":"PassingAway:ReiMu+1","floor":40.0},{"not_picked":["YinYang:ReiMu","YinYangSign:ReiMu+1"],"picked":"FineLineFantasy:ReiMu","floor":41.0},{"not_picked":["OrbThrow:ReiMu","TightArray:ReiMu+1"],"picked":"FantasyMoon:ReiMu","floor":42.0},{"not_picked":["TightArray:ReiMu","Intuition:ReiMu+1"],"picked":"RainPray2:ReiMu","floor":48}],"player_experience":78290,"relics_obtained":[{"floor":7.0,"key":"Dead Branch"},{"floor":9.0,"key":"Shuriken"},{"floor":24.0,"key":"conspire:BottledYoYo"},{"floor":26.0,"key":"Omamori"},{"floor":28.0,"key":"Pocketwatch"},{"floor":30.0,"key":"RuthlessExorcism:ReiMu"},{"floor":40.0,"key":"Meat on the Bone"},{"floor":43.0,"key":"BodyOfKamiR:ReiMu"}],"event_choices":[],"is_beta":false,"boss_relics":[{"not_picked":["Astrolabe","ShineYinYang:ReiMu"],"picked":"Coffee Dripper"},{"not_picked":["Velvet Choker","Runic Dome"],"picked":"DonationBox:ReiMu"}],"items_purged_floors":[],"is_endless":false,"potions_floor_spawned":[1,3,8,12,30,31,36,41,48],"ascension_level":0}}