{"host":"oa7am0ne3j8yhx9i","time":1611159214,"event":{"mods":["BaseMod","Minty Spire (QoL Compilation)","StSLib","The Alterego"],"gold_per_floor":[118,118,83,99,47,78,78,111,111,111,123,223,240,259,259,259,259],"floor_reached":16,"language":"ENG","playtime":1590,"items_purged":[],"score":160,"play_id":"d701ad62-54b0-4085-9d7e-0ed43e8f32fa","local_time":"20210120111334","is_ascension_mode":false,"campfire_choices":[{"data":"alterego_mod:Tantrum","floor":7,"key":"SMITH"},{"floor":10,"key":"REST"},{"floor":15,"key":"REST"}],"circlet_count":0,"master_deck":["alterego_mod:Strike","alterego_mod:Strike","alterego_mod:Strike","alterego_mod:Strike","alterego_mod:Defend","alterego_mod:Defend","alterego_mod:Defend","alterego_mod:Defend","alterego_mod:Impale+1","alterego_mod:BigMeatyClaws","alterego_mod:BrynhildrsRune+1","alterego_mod:Undulate","alterego_mod:BiFurious","alterego_mod:Cycle","alterego_mod:Tantrum+1","alterego_mod:Punishment","alterego_mod:TrashNCrash","alterego_mod:SakuraFive"],"relics":["alterego_mod:MasochisticConstitution","NeowsBlessing","The Courier","Toy Ornithopter","Potion Belt"],"acts_visited":["Exordium"],"potions_floor_usage":[8,16],"damage_taken":[{"damage":0,"enemies":"Jaw Worm","floor":1,"turns":1},{"damage":0,"enemies":"2 Louse","floor":4,"turns":1},{"damage":0,"enemies":"Lagavulin","floor":6,"turns":1},{"damage":30,"enemies":"3 Sentries","floor":8,"turns":9},{"damage":0,"enemies":"Cultist","floor":11,"turns":1},{"damage":13,"enemies":"Red Slaver","floor":13,"turns":2},{"damage":40,"enemies":"Exordium Wildlife","floor":14,"turns":6},{"damage":50,"enemies":"The Guardian","floor":16,"turns":5}],"seed_played":"1025995098880662588","potions_obtained":[{"floor":1,"key":"LiquidBronze"},{"floor":8,"key":"Explosive Potion"},{"floor":14,"key":"SteroidPotion"}],"is_trial":false,"path_per_floor":["M","?","?","M","$","E","R","E","T","R","M","?","M","M","R","B"],"character_chosen":"The_Alterego","items_purchased":["alterego_mod:Cycle"],"campfire_rested":2,"item_purchase_floors":[5],"current_hp_per_floor":[70,56,70,70,70,70,70,41,41,62,62,62,50,18,39,0,0],"gold":259,"neow_bonus":"THREE_ENEMY_KILL","is_daily":false,"chose_seed":false,"campfire_upgraded":1,"win_rate":0.0,"timestamp":1611159214,"path_taken":["M","?","?","M","?","E","R","E","T","R","M","?","M","?","R","BOSS"],"items_purchased_type":["Card"],"build_version":"2020-12-22","purchased_purges":0,"victory":false,"max_hp_per_floor":[70,70,70,70,70,70,70,71,71,71,71,71,72,73,73,73,73],"card_choices":[{"not_picked":["alterego_mod:HighServant","alterego_mod:1TonWallop"],"picked":"alterego_mod:Undulate","floor":1},{"not_picked":["alterego_mod:Table","alterego_mod:Birthday"],"picked":"alterego_mod:BiFurious","floor":4},{"not_picked":["alterego_mod:Stockings","alterego_mod:MagicResistance"],"picked":"alterego_mod:Tantrum","floor":6},{"not_picked":["alterego_mod:Undulate","alterego_mod:1TonWallop"],"picked":"alterego_mod:Belle","floor":8},{"not_picked":["alterego_mod:IndependentAction","alterego_mod:Stockings"],"picked":"alterego_mod:Punishment","floor":11},{"not_picked":["alterego_mod:1TonWallop","alterego_mod:Skirt"],"picked":"alterego_mod:TrashNCrash","floor":13},{"not_picked":["alterego_mod:SakuraLabyrinth","alterego_mod:Clap"],"picked":"alterego_mod:SakuraFive","floor":14}],"player_experience":182353,"relics_obtained":[{"floor":6,"key":"The Courier"},{"floor":8,"key":"Toy Ornithopter"},{"floor":9,"key":"Potion Belt"}],"event_choices":[{"damage_healed":0,"gold_gain":0,"player_choice":"Entered Light","damage_taken":14,"max_hp_gain":0,"max_hp_loss":0,"event_name":"Shining Light","floor":2,"gold_loss":0,"cards_upgraded":["alterego_mod:Impale","alterego_mod:BrynhildrsRune"]},{"damage_healed":17,"gold_gain":0,"player_choice":"Healed","damage_taken":0,"max_hp_gain":0,"max_hp_loss":0,"event_name":"The Cleric","floor":3,"gold_loss":35},{"damage_healed":0,"gold_gain":100,"player_choice":"Gold","damage_taken":0,"max_hp_gain":0,"max_hp_loss":0,"event_name":"Wheel of Change","floor":12,"gold_loss":0}],"is_beta":false,"boss_relics":[],"items_purged_floors":[],"is_endless":false,"potions_floor_spawned":[1,8,14],"killed_by":"The Guardian","ascension_level":0}}