{"host":"4iaefauevz142189","time":1611170922,"event":{"mods":["BaseMod","BetterRewards","Minty Spire (QoL Compilation)","Replay The Spire","StSLib"],"gold_per_floor":[110,110,122,132,147,159,159,124,124,43,43,60,60,79,79,181,181,121,121,137,137,210,238,238,254,281,0,15,15,15,15,15],"floor_reached":31,"language":"ENG","playtime":4414,"items_purged":[],"score":245,"play_id":"19f26576-8cbf-4c8f-89c1-1b5109c75f80","local_time":"20210120142842","is_ascension_mode":false,"campfire_choices":[{"data":"BasicCrystalCard","floor":7,"key":"SMITH"},{"data":"BasicCrystalCard","floor":13,"key":"SMITH"},{"floor":15,"key":"REST"},{"floor":29,"key":"REST"}],"circlet_count":0,"master_deck":["Strike_B","Strike_B","Strike_B","Strike_B+1","Defend_B","Defend_B","Defend_B","Defend_B","Zap","Dualcast","ReplayGash","Panic Button","Beam Cell","BasicCrystalCard+1","Gash","BasicCrystalCard+1","Leap","Ball Lightning","Thunder Strike","Gash+1","Time Bomb+1","Gash","Beam Cell","Ball Lightning","Darkness+1","Necronomicurse"],"relics":["Cracked Core","Replay:Bottled Snecko","Ornamental Fan","Replay:Bottled Flurry","Honey Jar","Dream Catcher","Mummified Hand","Vajra","Gremlin Food","Necronomicon"],"acts_visited":["Exordium","TheCity"],"potions_floor_usage":[12,16,16,25],"damage_taken":[{"damage":0,"enemies":"Small Slimes","floor":1,"turns":2},{"damage":0,"enemies":"Cultist","floor":3,"turns":3},{"damage":1,"enemies":"2 Louse","floor":4,"turns":2},{"damage":10,"enemies":"Exordium Thugs","floor":5,"turns":4},{"damage":7,"enemies":"Large Slime","floor":6,"turns":5},{"damage":6,"enemies":"Red Slaver","floor":12,"turns":5},{"damage":7,"enemies":"Exordium Wildlife","floor":14,"turns":5},{"damage":44,"enemies":"The Guardian","floor":16,"turns":10},{"damage":14,"enemies":"2 Thieves","floor":18,"turns":4},{"damage":0,"enemies":"Spheric Guardian","floor":20,"turns":3},{"damage":29,"enemies":"Replay:Snechameleon","floor":23,"turns":5},{"damage":3,"enemies":"Centurion and Healer","floor":25,"turns":4},{"damage":4,"enemies":"Snecko","floor":28,"turns":4},{"damage":28,"enemies":"Gremlin Leader","floor":31,"turns":2}],"seed_played":"-1054399193408164879","potions_obtained":[{"floor":3,"key":"PotionOfCapacity"},{"floor":6,"key":"Weak Potion"},{"floor":12,"key":"BlessingOfTheForge"},{"floor":23,"key":"Dexterity Potion"}],"is_trial":false,"path_per_floor":["M","?","M","M","M","M","R","?","T","$","?","M","R","M","R","B",null,"M","?","M","?","T","E","?","M","T","?","M","R","?","E"],"character_chosen":"DEFECT","items_purchased":["Gash","BasicCrystalCard"],"campfire_rested":2,"item_purchase_floors":[10,10],"current_hp_per_floor":[75,75,75,74,64,57,57,75,75,75,68,62,62,55,75,31,75,61,66,66,66,66,37,23,20,20,20,16,40,24,0,0],"gold":15,"neow_bonus":"RANDOM_COLORLESS","is_daily":false,"chose_seed":false,"campfire_upgraded":2,"win_rate":0.0,"timestamp":1611170922,"path_taken":["M","?","M","M","?","M","R","?","T","$","?","?","R","M","R","BOSS","M","?","?","?","?","E","?","?","T","?","M","R","?","E"],"items_purchased_type":["Card","Card"],"build_version":"2020-12-22","purchased_purges":0,"victory":false,"max_hp_per_floor":[75,75,75,75,75,75,75,75,75,75,75,75,75,75,75,75,75,75,75,75,75,75,75,80,80,80,80,80,80,80,80,80],"card_choices":[{"not_picked":["Trip","Panacea"],"picked":"Dramatic Entrance","floor":0},{"not_picked":["Barrage","Rip and Tear"],"picked":"Conserve Battery","floor":1},{"not_picked":["Coolheaded","Force Field"],"picked":"ReplayGash","floor":3},{"not_picked":["FIFO Queue","Hologram"],"picked":"Panic Button","floor":4},{"not_picked":["Conserve Battery","Stack"],"picked":"Beam Cell","floor":5},{"not_picked":["Sweeping Beam","Beam Cell"],"picked":"BasicCrystalCard","floor":6},{"not_picked":["Double Energy","Turbo"],"picked":"Leap","floor":12},{"not_picked":["Force Field","Turbo"],"picked":"Ball Lightning","floor":14},{"not_picked":["Core Surge","Machine Learning"],"picked":"Thunder Strike","floor":16},{"not_picked":["Lockon","Conserve Battery","Cold Snap"],"picked":"Gash+1","floor":18},{"not_picked":["Conserve Battery+1","ReplayTheSpireMod:System Scan","Sunder+1"],"picked":"Time Bomb+1","floor":20},{"not_picked":["Sweeping Beam","ReplayGash","Turbo"],"picked":"Gash","floor":23},{"not_picked":["Undo","Reinforced Body","Streamline"],"picked":"Beam Cell","floor":25},{"not_picked":["Coolheaded","BasicCrystalCard","Rip and Tear"],"picked":"Ball Lightning","floor":28},{"not_picked":["Sweeping Beam+1","Fusion","Barrage"],"picked":"Darkness+1","floor":29}],"player_experience":143392,"relics_obtained":[{"floor":9,"key":"Ornamental Fan"},{"floor":22,"key":"Mummified Hand"},{"floor":23,"key":"Vajra"},{"floor":26,"key":"Gremlin Food"},{"floor":30,"key":"Necronomicon"}],"event_choices":[{"cards_removed":["Dramatic Entrance"],"damage_healed":0,"gold_gain":0,"player_choice":"Gave Card","damage_taken":0,"relics_obtained":["Replay:Bottled Snecko"],"max_hp_gain":0,"max_hp_loss":0,"event_name":"WeMeetAgain","floor":2,"gold_loss":0},{"damage_healed":18,"gold_gain":0,"player_choice":"Healed","damage_taken":0,"max_hp_gain":0,"max_hp_loss":0,"event_name":"The Cleric","floor":8,"gold_loss":35},{"damage_healed":0,"gold_gain":0,"player_choice":"Success","damage_taken":7,"relics_obtained":["Replay:Bottled Flurry"],"max_hp_gain":0,"max_hp_loss":0,"event_name":"Scrap Ooze","floor":11,"gold_loss":0},{"cards_removed":["Conserve Battery"],"damage_healed":5,"gold_gain":0,"player_choice":"Offered Common","damage_taken":0,"max_hp_gain":0,"max_hp_loss":0,"event_name":"Bonfire Elementals","floor":19,"gold_loss":0},{"cards_removed":["Conserve Battery"],"damage_healed":5,"gold_gain":0,"player_choice":"Offered Special","damage_taken":0,"max_hp_gain":0,"max_hp_loss":0,"event_name":"Bonfire Elementals","floor":19,"gold_loss":0},{"damage_healed":0,"gold_gain":0,"player_choice":"Shed Blood","damage_taken":19,"max_hp_gain":5,"max_hp_loss":0,"event_name":"Forgotten Altar","floor":24,"gold_loss":0},{"damage_healed":0,"gold_gain":0,"player_choice":"Paid Fearfully","damage_taken":0,"max_hp_gain":0,"max_hp_loss":0,"event_name":"Masked Bandits","floor":27,"gold_loss":281},{"damage_healed":0,"gold_gain":0,"player_choice":"Obtained Book","damage_taken":16,"max_hp_gain":0,"max_hp_loss":0,"event_name":"Cursed Tome","floor":30,"gold_loss":0}],"is_beta":false,"boss_relics":[{"not_picked":["Sozu","Empty Cage"],"picked":"Honey Jar"}],"items_purged_floors":[],"is_endless":false,"potions_floor_spawned":[3,6,12,23],"killed_by":"Gremlin Leader","ascension_level":0}}