{"host":"q9718omregw4er46","time":1611166728,"event":{"mods":["BaseMod","Bestiary","Colored Powertips","Minty Spire (QoL Compilation)","Quick Restart","Relic Stats"],"gold_per_floor":[111,111,261,261,108,108,148,148,174,193,237,257,282,282,282],"floor_reached":14,"language":"ENG","playtime":527,"items_purged":[],"score":196,"play_id":"314c57e9-dfc4-475a-b477-51ddaac9680c","local_time":"20210120231848","is_ascension_mode":true,"campfire_choices":[{"data":"Eruption","floor":6.0,"key":"SMITH"},{"floor":8.0,"key":"REST"}],"circlet_count":0,"master_deck":["AscendersBane","Strike_P","Strike_P","Strike_P","Strike_P+1","Defend_P+1","Defend_P+1","Defend_P","Defend_P","Eruption+1","Vigilance+1","FearNoEvil","Crescendo","LikeWater","CutThroughFate","LessonLearned","FlyingSleeves","MentalFortress","Meditate"],"relics":["VioletLotus","Golden Idol","Mummified Hand","Omamori","The Courier"],"acts_visited":["Exordium"],"potions_floor_usage":[],"damage_taken":[{"damage":11.0,"enemies":"Small Slimes","floor":1.0,"turns":6.0},{"damage":17.0,"enemies":"Lagavulin","floor":7.0,"turns":7.0},{"damage":7.0,"enemies":"Jaw Worm","floor":10.0,"turns":4.0},{"damage":3.0,"enemies":"3 Sentries","floor":11.0,"turns":7.0},{"damage":6.0,"enemies":"2 Louse","floor":12.0,"turns":2.0},{"damage":0.0,"enemies":"Blue Slaver","floor":13.0,"turns":4.0},{"damage":45,"enemies":"Lagavulin","floor":14,"turns":8}],"seed_played":"4531837955640278883","potions_obtained":[{"floor":7.0,"key":"EssenceOfSteel"}],"is_trial":false,"path_per_floor":["M","?","?","?","$","R","E","R","T","M","E","M","M","E"],"character_chosen":"WATCHER","items_purchased":["Crescendo","LikeWater","CutThroughFate"],"campfire_rested":1,"item_purchase_floors":[5,5,5],"current_hp_per_floor":[50,50,50,43,43,43,26,44,44,37,34,28,28,0,0],"gold":282,"neow_bonus":"BOSS_RELIC","is_daily":false,"chose_seed":false,"campfire_upgraded":1,"win_rate":0.0,"timestamp":1611166728,"path_taken":["M","?","?","?","$","R","E","R","T","M","E","M","M","E"],"items_purchased_type":["Card","Card","Card"],"build_version":"2020-12-22","purchased_purges":0,"victory":false,"max_hp_per_floor":[68,62,62,62,62,62,62,62,62,62,62,62,62,62,62],"relic_stats":{"counters":[7,38],"Golden Idol":30,"Mummified Hand":[7],"VioletLotus":[14],"obtain_stats":[{"Golden Idol":2,"Mummified Hand":7,"VioletLotus":0,"The Courier":11,"Omamori":9,"PureWater":0},{"Golden Idol":1,"Mummified Hand":2,"VioletLotus":0,"The Courier":4,"Omamori":2,"PureWater":0},{"Golden Idol":6,"Mummified Hand":13,"VioletLotus":0,"The Courier":24,"Omamori":13,"PureWater":0}]},"card_choices":[{"not_picked":["EmptyBody","BowlingBash"],"picked":"FearNoEvil","floor":1.0},{"not_picked":["EmptyBody","Swivel"],"picked":"LessonLearned","floor":7.0},{"not_picked":["WaveOfTheHand","PathToVictory"],"picked":"FlyingSleeves","floor":10.0},{"not_picked":["CutThroughFate","Indignation"],"picked":"MentalFortress","floor":11.0},{"not_picked":["Consecrate","Prostrate"],"picked":"Meditate","floor":12.0},{"not_picked":["Study","Swivel","CrushJoints"],"picked":"SKIP","floor":13.0}],"player_experience":1239247,"relics_obtained":[{"floor":7.0,"key":"Mummified Hand"},{"floor":9.0,"key":"Omamori"},{"floor":11.0,"key":"The Courier"}],"event_choices":[{"damage_healed":0.0,"max_hp_gain":0.0,"max_hp_loss":6.0,"gold_gain":0.0,"event_name":"Golden Idol","player_choice":"Lose Max HP","floor":2.0,"gold_loss":0.0,"damage_taken":0.0,"relics_obtained":["Golden Idol"]},{"damage_healed":0.0,"max_hp_gain":0.0,"max_hp_loss":0.0,"gold_gain":150.0,"event_name":"Liars Game","player_choice":"AGREE","floor":3.0,"gold_loss":0.0,"damage_taken":0.0,"cards_obtained":["Doubt"]},{"cards_removed":["Doubt"],"damage_healed":0.0,"max_hp_gain":0.0,"max_hp_loss":0.0,"gold_gain":0.0,"event_name":"Golden Wing","player_choice":"Card Removal","floor":4.0,"gold_loss":0.0,"damage_taken":7.0}],"is_beta":false,"boss_relics":[],"items_purged_floors":[],"is_endless":false,"potions_floor_spawned":[7],"killed_by":"Lagavulin","ascension_level":20}}