{"host":"ttx8tv95o5vka1nm","time":1611120709,"event":{"mods":["AchievementEnabler","BaseMod","Colored Map","Downfall","Infinite Spire","Minty Spire (QoL Compilation)","Shop Mod","StSLib","The Jungle"],"gold_per_floor":[12,31,46,46,60,95,95,124,179,179,197,230,230,249,249,368,368,386,386,386,404,404,744,759,759,784,818,843,866,899,923,923,1052,1115,1136,1136,1151,621,635,674,737,778,825,950,964,979,979,1004,1004,1125,1125,1140,1140,1154,471,526,526,533,549,549,549,563,563,581,588,588,671,671,667,667,662,651,659,659,659,171,198,218,218,218,222,86,86,172,172,169,169,169,169,176,189,189,180,180,199,248,260,271,280,292,337,349,373,460,476,488,500,542,554,566,578,622,634,620,502,523,523,637,637,656,665,665,665,660,662,662,9,9,32,37,49,49,47,47,150,150,154,148,101,144,144,168,168,163,209,58,58,85,85,95,95,212,212,212,52,67,140],"floor_reached":158,"language":"ENG","playtime":15352,"items_purged":["Writhe","Strike_P","Strike_P","Strike_P","Defend_P","EmptyMind","MentalFortress","DeusExMachina","Devotion+1","Madness+1","ForeignInfluence+1","CutThroughFate","EmptyFist"],"score":5750,"play_id":"ee34ac21-0da8-481e-9ff6-bf534464bea7","local_time":"20210120153149","is_ascension_mode":true,"campfire_choices":[{"data":"1","floor":7,"key":"LIFT"},{"data":"2","floor":13,"key":"LIFT"},{"data":"3","floor":15,"key":"LIFT"},{"data":"Eruption","floor":32,"key":"SMITH"},{"data":"TalkToTheHand","floor":47,"key":"SMITH"},{"data":"Vault","floor":49,"key":"SMITH"},{"data":"Establishment","floor":57,"key":"SMITH"},{"data":"Judgement","floor":61,"key":"SMITH"},{"data":"infinitespire:SevenWalls","floor":66,"key":"SMITH"},{"data":"ForeignInfluence","floor":74,"key":"SMITH"},{"data":"BattleHymn","floor":79,"key":"SMITH"},{"data":"SpiritShield","floor":83,"key":"SMITH"},{"data":"Madness","floor":92,"key":"SMITH"},{"data":"Madness","floor":97,"key":"SMITH"},{"data":"CutThroughFate","floor":100,"key":"SMITH"},{"data":"Ragnarok","floor":109,"key":"SMITH"},{"data":"LessonLearned","floor":117,"key":"SMITH"},{"data":"infinitespire:SevenWalls","floor":126,"key":"SMITH"},{"floor":134,"key":"DIG"},{"floor":143,"key":"DIG"},{"floor":147,"key":"DIG"},{"floor":149,"key":"DIG"},{"floor":151,"key":"DIG"},{"floor":154,"key":"DIG"}],"circlet_count":0,"master_deck":["Eruption+1","Vigilance","TalkToTheHand+1","EmptyBody","FollowUp","WindmillStrike+1","Sanctity+1","EmptyMind+1","Halt+1","InnerPeace+1","Protect","Judgement+1","FollowUp+1","infinitespire:Collect+1","FearNoEvil","CutThroughFate+1","FlurryOfBlows+1","CutThroughFate+1","ReachHeaven+1","WaveOfTheHand+1","Protect+1","Consecrate+1","infinitespire:SevenWalls+1","CrushJoints+1","Vault+1","Establishment+1","CutThroughFate","infinitespire:SevenWalls+1","SpiritShield+1","BattleHymn+1","Vault+1","Tantrum+1","Madness+1","Wallop+1","Ragnarok+1","infinitespire:Menacing+1","LessonLearned+1","Ragnarok+1","TalkToTheHand+1","Wireheading","Panache+1","ConjureBlade+1","Panacea+1","Omniscience+1","Fasting2+1"],"relics":["Happy Flower","TeardropLocket","infinitespire:PuzzleCube","Pen Nib","Golden Idol","Busted Crown","Vajra","Potion Belt","Bag of Marbles","Sundial","Tiny House","infinitespire:Satchel","MerchantsRug","Kunai","Incense Burner","Toy Ornithopter","Lizard Tail","Oddly Smooth Stone","Juzu Bracelet","Unceasing Top","Bag of Preparation","Tiny Chest","Blue Candle","Medical Kit","Eternal Feather","Pantograph","infinitespire:Bottled Soul","Boot","Black Star","SacredBark","Yang","DollysMirror","Orichalcum","Bronze Scales","InkBottle","Frozen Eye","Coffee Dripper","Ginger","Gremlin Horn","Singing Bowl","infinitespire:Eraser","Bottled Lightning","Anchor","Smiling Mask","Mercury Hourglass","White Beast Statue","Toxic Egg 2","CeramicFish","Ancient Tea Set","infinitespire:Midas Blood","WingedGreaves","HornCleat","Molten Egg 2","Philosopher\u0027s Stone","theJungle:PaperFaux","theJungle:SpiritDisease","Omamori","Akabeko","infinitespire:EmpoweringShard","Letter Opener","Spirit Poop","infinitespire:Joker Card","Bottled Lightning","Shovel","Question Card","GoldenEye","Ornamental Fan","infinitespire:Cupcake","Ice Cream","Frozen Egg 2","Frozen Egg 2","infinitespire:Beetle Shell","infinitespire:FocusingShard","Lantern","infinitespire:CheckeredPen","PreservedInsect","The Courier","infinitespire:WardingShard","Bottled Tornado","Nunchaku","Mummified Hand","Strawberry","Blood Vial","Bottled Flame"],"acts_visited":["Exordium","TheCity","TheBeyond","Exordium","Exordium","TheBeyond","Exordium","Exordium","TheBeyond","TheEnding"],"potions_floor_usage":[5,6,16,21,23,33,33,48,114,114,127],"damage_taken":[{"damage":0,"enemies":"Jaw Worm","floor":1,"turns":3},{"damage":1,"enemies":"Small Slimes","floor":2,"turns":3},{"damage":0,"enemies":"2 Louse","floor":3,"turns":1},{"damage":12,"enemies":"Exordium Wildlife","floor":5,"turns":4},{"damage":15,"enemies":"Lagavulin","floor":6,"turns":5},{"damage":8,"enemies":"Gremlin Nob","floor":8,"turns":4},{"damage":0,"enemies":"Looter","floor":11,"turns":3},{"damage":3,"enemies":"3 Sentries","floor":12,"turns":6},{"damage":0,"enemies":"2 Fungi Beasts","floor":14,"turns":2},{"damage":36,"enemies":"Hexaghost","floor":16,"turns":8},{"damage":3,"enemies":"3 Byrds","floor":18,"turns":4},{"damage":0,"enemies":"2 Thieves","floor":21,"turns":1},{"damage":0,"enemies":"Slavers","floor":23,"turns":3},{"damage":0,"enemies":"Sentry and Sphere","floor":24,"turns":1},{"damage":0,"enemies":"Book of Stabbing","floor":27,"turns":3},{"damage":0,"enemies":"Chosen and Byrds","floor":28,"turns":2},{"damage":5,"enemies":"Shelled Parasite and Fungi","floor":29,"turns":2},{"damage":3,"enemies":"Nightmare","floor":30,"turns":5},{"damage":0,"enemies":"Snecko","floor":31,"turns":3},{"damage":6,"enemies":"Collector","floor":33,"turns":4},{"damage":0,"enemies":"3 Shapes","floor":35,"turns":1},{"damage":0,"enemies":"Orb Walker","floor":37,"turns":2},{"damage":0,"enemies":"Maw","floor":39,"turns":2},{"damage":6,"enemies":"Reptomancer","floor":40,"turns":5},{"damage":0,"enemies":"Mind Bloom Boss Battle","floor":41,"turns":5},{"damage":2,"enemies":"Giant Head","floor":42,"turns":4},{"damage":8,"enemies":"infinitespire:Three Voidlings","floor":44,"turns":2},{"damage":14,"enemies":"Nightmare_Alpha","floor":44,"turns":12},{"damage":0,"enemies":"Sphere and 2 Shapes","floor":45,"turns":3},{"damage":0,"enemies":"3 Darklings","floor":46,"turns":3},{"damage":6,"enemies":"Jaw Worm Horde","floor":48,"turns":3},{"damage":15,"enemies":"Awakened One","floor":50,"turns":9},{"damage":0,"enemies":"Cultist","floor":52,"turns":2},{"damage":0,"enemies":"Small Slimes","floor":54,"turns":1},{"damage":0,"enemies":"Gremlin Nob","floor":56,"turns":3},{"damage":0,"enemies":"Jaw Worm","floor":58,"turns":1},{"damage":0,"enemies":"Lagavulin","floor":59,"turns":2},{"damage":0,"enemies":"Gremlin Nob","floor":62,"turns":2},{"damage":0,"enemies":"3 Sentries","floor":64,"turns":3},{"damage":0,"enemies":"Exordium Wildlife","floor":65,"turns":1},{"damage":0,"enemies":"Hexaghost","floor":67,"turns":5},{"damage":0,"enemies":"theJungle:MUSHROOMGANG","floor":69,"turns":3},{"damage":0,"enemies":"theJungle:Flameango_and_Byrd","floor":71,"turns":3},{"damage":0,"enemies":"theJungle:JungleHuntersEncounter","floor":72,"turns":3},{"damage":0,"enemies":"Snake Plant","floor":73,"turns":3},{"damage":0,"enemies":"theJungle:2_Phrogs","floor":78,"turns":3},{"damage":0,"enemies":"theJungle:Lyon","floor":81,"turns":2},{"damage":32,"enemies":"theJungle:TotemBoss","floor":84,"turns":5},{"damage":0,"enemies":"3 Darklings","floor":86,"turns":3},{"damage":0,"enemies":"3 Shapes","floor":90,"turns":3},{"damage":0,"enemies":"Nemesis","floor":91,"turns":2},{"damage":0,"enemies":"Maw","floor":93,"turns":3},{"damage":0,"enemies":"Reptomancer","floor":95,"turns":3},{"damage":0,"enemies":"Jaw Worm Horde","floor":98,"turns":2},{"damage":0,"enemies":"Spire Growth","floor":99,"turns":3},{"damage":10,"enemies":"infinitespire:MassOfShapes","floor":101,"turns":8},{"damage":0,"enemies":"Small Slimes","floor":103,"turns":1},{"damage":0,"enemies":"2 Louse","floor":105,"turns":2},{"damage":0,"enemies":"Gremlin Nob","floor":108,"turns":2},{"damage":0,"enemies":"Lagavulin","floor":112,"turns":2},{"damage":159,"enemies":"Nightmare_Alpha","floor":114,"turns":9},{"damage":0,"enemies":"Gremlin Nob","floor":116,"turns":2},{"damage":0,"enemies":"Slime Boss","floor":118,"turns":4},{"damage":0,"enemies":"theJungle:GiantWrat","floor":120,"turns":2},{"damage":0,"enemies":"theJungle:MUSHROOMGANG","floor":123,"turns":2},{"damage":0,"enemies":"theJungle:JungleHuntersEncounter","floor":124,"turns":4},{"damage":0,"enemies":"theJungle:MamaSnecko","floor":125,"turns":4},{"damage":3,"enemies":"theJungle:2_Phrogs","floor":129,"turns":3},{"damage":0,"enemies":"theJungle:Lyon","floor":130,"turns":1},{"damage":0,"enemies":"theJungle:MamaSnecko","floor":131,"turns":3},{"damage":0,"enemies":"theJungle:FunGuy","floor":135,"turns":5},{"damage":0,"enemies":"Orb Walker","floor":137,"turns":2},{"damage":0,"enemies":"3 Darklings","floor":138,"turns":2},{"damage":0,"enemies":"Transient","floor":139,"turns":6},{"damage":0,"enemies":"2 Orb Walkers","floor":140,"turns":2},{"damage":0,"enemies":"Nemesis","floor":142,"turns":2},{"damage":0,"enemies":"Maw","floor":144,"turns":3},{"damage":0,"enemies":"Giant Head","floor":148,"turns":2},{"damage":0,"enemies":"Jaw Worm Horde","floor":150,"turns":2},{"damage":0,"enemies":"infinitespire:LordOfFortification","floor":152,"turns":1},{"damage":0,"enemies":"Shield and Spear","floor":156,"turns":2},{"damage":0,"enemies":"The Heart","floor":157,"turns":8}],"seed_played":"-3328621581097090893","potions_obtained":[{"floor":1,"key":"champ:CounterPotion"},{"floor":5,"key":"DuplicationPotion"},{"floor":8,"key":"Energy Potion"},{"floor":11,"key":"SteroidPotion"},{"floor":12,"key":"FearPotion"},{"floor":16,"key":"hexamod:SoulburnPotion"},{"floor":18,"key":"Fire Potion"},{"floor":23,"key":"Fire Potion"},{"floor":27,"key":"Dexterity Potion"},{"floor":28,"key":"bronze:BurnAndBuffPotion"},{"floor":29,"key":"Explosive Potion"},{"floor":34,"key":"infinitespire:BlackPotion"},{"floor":35,"key":"CultistPotion"},{"floor":42,"key":"Dexterity Potion"},{"floor":44,"key":"SpeedPotion"},{"floor":45,"key":"SkillPotion"},{"floor":48,"key":"ColorlessPotion"},{"floor":50,"key":"champ:CounterPotion"},{"floor":52,"key":"GamblersBrew"},{"floor":54,"key":"LiquidMemories"},{"floor":58,"key":"Dexterity Potion"},{"floor":59,"key":"EssenceOfSteel"},{"floor":64,"key":"Regen Potion"},{"floor":71,"key":"Strength Potion"},{"floor":72,"key":"SkillPotion"},{"floor":91,"key":"Block Potion"},{"floor":93,"key":"ColorlessPotion"},{"floor":99,"key":"infinitespire:BlackPotion"},{"floor":108,"key":"Strength Potion"},{"floor":112,"key":"SkillPotion"},{"floor":114,"key":"hexamod:SoulburnPotion"},{"floor":116,"key":"EntropicBrew"},{"floor":118,"key":"Strength Potion"},{"floor":120,"key":"Guardian:BlockOnCardUsePotion"},{"floor":123,"key":"SkillPotion"},{"floor":124,"key":"sneckomod:MuddlingPotion"},{"floor":125,"key":"FairyPotion"},{"floor":129,"key":"AttackPotion"},{"floor":130,"key":"sneckomod:MuddlingPotion"},{"floor":131,"key":"Swift Potion"},{"floor":135,"key":"LiquidBronze"},{"floor":137,"key":"champ:CounterPotion"},{"floor":138,"key":"infinitespire:BlackPotion"},{"floor":139,"key":"Strength Potion"},{"floor":148,"key":"ColorlessPotion"},{"floor":150,"key":"Strength Potion"},{"floor":152,"key":"SkillPotion"}],"is_trial":false,"path_per_floor":["M","M","M","?","M","E","R","E","T","?","M","E","R","M","R","B",null,"M","?","AVR","M","?","E","M","?","T","E","M","M","NM","M","R","B",null,"M","AVR","M","$","M","E","?","E","T","?","M","M","R","M","R","B",null,"M","?","M","$","?","R","M","E","T","R","E","?","E","M","R","B",null,"M","AVR","M","M","M","R","?","$","T","E","R","T","M","$","R","B",null,"M","?","T","?","M","E","R","M","T","E","T","R","M","M","R","B",null,"M","?","M","AVR","?","E","R","?","T","E","T","NM","$","E","R","B",null,"M","?","?","M","M","E","R","$","T","E","M","E","T","$","R","B",null,"M","M","M","?","AVR","E","R","M","T","$","R","E","R","M","R","B",null,"R","$","E","B",null],"character_chosen":"WATCHER","items_purchased":["MerchantsRug","Kunai","Incense Burner","WaveOfTheHand","CutThroughFate","Tiny Chest","Blue Candle","Medical Kit","MentalFortress","Yang","BattleHymn","DollysMirror","Tantrum","Frozen Eye","LessonLearned","WingedGreaves","infinitespire:EmpoweringShard","Letter Opener","Wireheading","Panache","Panacea+1","infinitespire:CheckeredPen","Fasting2+1","Strawberry","EssenceOfSteel"],"campfire_rested":0,"item_purchase_floors":[38,38,38,38,55,55,55,55,55,76,76,76,76,82,115,115,127,127,127,127,146,146,155,155,155],"current_hp_per_floor":[72,71,71,71,59,44,44,36,36,36,36,47,47,47,47,11,64,61,68,68,68,68,68,68,68,68,68,68,63,60,60,60,54,85,85,85,85,85,85,79,79,77,77,55,55,55,55,54,54,39,80,80,80,80,80,80,93,93,93,93,93,93,93,93,93,93,93,93,93,93,93,93,93,93,93,93,93,93,93,103,103,103,103,71,95,95,82,82,82,82,82,103,103,103,105,105,105,105,107,107,97,105,107,96,98,98,98,100,113,95,95,97,97,64,64,66,93,118,119,119,119,119,121,123,125,125,125,125,124,126,128,128,128,131,131,131,133,135,137,139,139,141,141,143,143,143,143,145,145,145,145,147,147,147,154,156,158],"gold":140,"neow_bonus":"ONE_RARE_RELIC","is_daily":false,"chose_seed":false,"campfire_upgraded":15,"win_rate":0.0,"timestamp":1611120709,"path_taken":["M","M","M","?","M","E","R","E","T","?","M","E","R","M","R","BOSS","M","?","AVR","M","?","E","M","?","T","E","?","M","NM","M","R","BOSS","M","AVR","M","$","M","E","?","E","T","?","M","M","R","M","R","BOSS","M","?","M","$","?","R","M","E","T","R","E","?","E","M","R","BOSS","M","AVR","M","M","M","R","?","$","T","E","R","?","M","$","R","BOSS","M","?","?","?","M","E","R","M","T","E","?","R","M","M","R","BOSS","M","?","M","AVR","?","E","R","?","T","E","?","NM","$","E","R","BOSS","M","?","?","M","M","E","R","?","T","E","M","E","?","$","R","BOSS","M","M","M","?","AVR","E","R","M","T","$","R","E","R","M","R","BOSS","R","$","E","BOSS"],"items_purchased_type":["Relic","Relic","Relic","Card","Card","Relic","Relic","Relic","Card","Relic","Card","Relic","Card","Relic","Card","Relic","Relic","Relic","Card","Card","Card","Relic","Card","Relic","Potion"],"build_version":"2020-12-22","purchased_purges":13,"victory":true,"max_hp_per_floor":[72,72,72,72,72,72,72,72,72,67,67,81,81,81,81,81,81,81,88,88,88,88,88,88,88,88,88,88,88,88,88,88,88,93,93,93,93,93,93,93,93,93,93,93,93,93,93,93,93,93,93,93,93,93,93,93,93,93,93,93,93,93,93,93,93,93,93,93,93,93,93,93,93,93,93,93,93,93,93,103,103,103,103,103,103,103,103,103,103,103,103,103,103,103,105,105,105,105,107,107,107,107,109,109,111,111,111,113,113,113,113,115,115,117,117,119,119,119,119,119,119,119,121,123,125,125,125,125,127,129,131,131,131,131,131,131,133,135,137,139,139,141,141,143,143,143,143,145,145,145,145,147,147,147,154,156,158],"card_choices":[{"not_picked":["FollowUp","Prostrate"],"picked":"TalkToTheHand","floor":1},{"not_picked":["Crescendo","ThirdEye"],"picked":"EmptyBody","floor":2},{"not_picked":["ThirdEye","CutThroughFate"],"picked":"FollowUp","floor":3},{"not_picked":["JustLucky","FollowUp"],"picked":"WindmillStrike","floor":5},{"not_picked":["Adaptation","MentalFortress"],"picked":"Sanctity","floor":6},{"not_picked":["DeusExMachina","Evaluate"],"picked":"EmptyMind","floor":8},{"not_picked":["EmptyMind","FlurryOfBlows"],"picked":"Halt","floor":11},{"not_picked":["ClearTheMind","MasterReality"],"picked":"InnerPeace","floor":12},{"not_picked":["Halt","PathToVictory"],"picked":"Protect","floor":14},{"not_picked":["Scrawl","Omniscience"],"picked":"Judgement","floor":16},{"not_picked":["Crescendo","Halt+1"],"picked":"FollowUp+1","floor":18},{"not_picked":["PathToVictory"],"picked":"SKIP","floor":21},{"not_picked":[],"picked":"FearNoEvil","floor":23},{"not_picked":[],"picked":"CutThroughFate","floor":24},{"not_picked":["EmptyBody"],"picked":"SKIP","floor":27},{"not_picked":["Conclude"],"picked":"SKIP","floor":28},{"not_picked":[],"picked":"DeusExMachina","floor":29},{"not_picked":[],"picked":"FlurryOfBlows","floor":30},{"not_picked":["FollowUp+1"],"picked":"SKIP","floor":31},{"not_picked":[],"picked":"Devotion","floor":33},{"not_picked":[],"picked":"CutThroughFate","floor":34},{"not_picked":[],"picked":"CutThroughFate+1","floor":35},{"not_picked":[],"picked":"ReachHeaven","floor":37},{"not_picked":[],"picked":"Protect","floor":39},{"not_picked":["Evaluate"],"picked":"SKIP","floor":40},{"not_picked":[],"picked":"Consecrate","floor":41},{"not_picked":["Collect"],"picked":"SKIP","floor":42},{"not_picked":["infinitespire:TheBestDefense","infinitespire:Execution"],"picked":"infinitespire:SevenWalls","floor":44},{"not_picked":[],"picked":"CrushJoints+1","floor":44},{"not_picked":["Consecrate"],"picked":"SKIP","floor":45},{"not_picked":["CutThroughFate"],"picked":"SKIP","floor":46},{"not_picked":[],"picked":"Vault","floor":48},{"not_picked":[],"picked":"Establishment","floor":50},{"not_picked":[],"picked":"Crescendo","floor":52},{"not_picked":["CrushJoints"],"picked":"SKIP","floor":54},{"not_picked":["EmptyBody"],"picked":"SKIP","floor":58},{"not_picked":["Adaptation"],"picked":"SKIP","floor":59},{"not_picked":["Pray"],"picked":"SKIP","floor":62},{"not_picked":["ThirdEye"],"picked":"SKIP","floor":64},{"not_picked":["PathToVictory"],"picked":"SKIP","floor":65},{"not_picked":["infinitespire:Menacing","infinitespire:Gouge"],"picked":"infinitespire:SevenWalls","floor":67},{"not_picked":[],"picked":"SpiritShield","floor":67},{"not_picked":["Pray"],"picked":"SKIP","floor":69},{"not_picked":["MentalFortress+1"],"picked":"SKIP","floor":71},{"not_picked":["EmptyFist"],"picked":"SKIP","floor":72},{"not_picked":[],"picked":"EmptyFist","floor":72},{"not_picked":[],"picked":"ForeignInfluence","floor":73},{"not_picked":["BattleHymn"],"picked":"SKIP","floor":78},{"not_picked":["Protect"],"picked":"SKIP","floor":81},{"not_picked":["FlurryOfBlows"],"picked":"SKIP","floor":86},{"not_picked":["EmptyMind"],"picked":"SKIP","floor":90},{"not_picked":["Crescendo+1"],"picked":"SKIP","floor":91},{"not_picked":["FollowUp"],"picked":"SKIP","floor":93},{"not_picked":["WreathOfFlame+1"],"picked":"Singing Bowl","floor":95},{"not_picked":[],"picked":"Wallop+1","floor":98},{"not_picked":["EmptyFist+1"],"picked":"Singing Bowl","floor":99},{"not_picked":[],"picked":"Ragnarok","floor":101},{"not_picked":["Crescendo"],"picked":"Singing Bowl","floor":103},{"not_picked":["JustLucky"],"picked":"Singing Bowl","floor":105},{"not_picked":["DeceiveReality"],"picked":"Singing Bowl","floor":108},{"not_picked":["Weave"],"picked":"Singing Bowl","floor":112},{"not_picked":["infinitespire:Execution","infinitespire:Collect"],"picked":"infinitespire:Menacing","floor":114},{"not_picked":["Consecrate"],"picked":"Singing Bowl","floor":114},{"not_picked":["Indignation+1"],"picked":"Singing Bowl","floor":116},{"not_picked":[],"picked":"Ragnarok+1","floor":118},{"not_picked":[],"picked":"TalkToTheHand+1","floor":120},{"not_picked":["EmptyBody+1"],"picked":"Singing Bowl","floor":123},{"not_picked":["Weave+1"],"picked":"Singing Bowl","floor":124},{"not_picked":["Worship+1"],"picked":"Singing Bowl","floor":125},{"not_picked":["Fasting2"],"picked":"Singing Bowl","floor":129},{"not_picked":["JustLucky+1"],"picked":"Singing Bowl","floor":130},{"not_picked":["FollowUp+1"],"picked":"Singing Bowl","floor":131},{"not_picked":["DeusExMachina+1"],"picked":"ConjureBlade+1","floor":135},{"not_picked":["Collect+1","LikeWater"],"picked":"Singing Bowl","floor":137},{"not_picked":["Wallop+1","ThirdEye+1"],"picked":"Singing Bowl","floor":138},{"not_picked":["Prostrate+1","SashWhip+1"],"picked":"Singing Bowl","floor":139},{"not_picked":["ForeignInfluence+1","FlyingSleeves+1"],"picked":"Singing Bowl","floor":140},{"not_picked":["CrushJoints+1","PathToVictory+1"],"picked":"Singing Bowl","floor":142},{"not_picked":["Tantrum+1","FollowUp+1"],"picked":"Singing Bowl","floor":144},{"not_picked":["Tantrum+1","Swivel+1"],"picked":"Singing Bowl","floor":148},{"not_picked":["MentalFortress+1"],"picked":"Omniscience+1","floor":150},{"not_picked":["Vault+1","ConjureBlade+1"],"picked":"Singing Bowl","floor":152},{"not_picked":["FlurryOfBlows+1","Pray+1"],"picked":"Singing Bowl","floor":156},{"not_picked":["Vault+1","Alpha+1"],"picked":"Singing Bowl","floor":157}],"player_experience":732233,"relics_obtained":[{"floor":4,"key":"Happy Flower"},{"floor":6,"key":"TeardropLocket"},{"floor":8,"key":"infinitespire:PuzzleCube"},{"floor":9,"key":"Pen Nib"},{"floor":12,"key":"Mango"},{"floor":23,"key":"Old Coin"},{"floor":26,"key":"Potion Belt"},{"floor":27,"key":"Bag of Marbles"},{"floor":30,"key":"Sundial"},{"floor":40,"key":"Toy Ornithopter"},{"floor":41,"key":"Lizard Tail"},{"floor":42,"key":"Oddly Smooth Stone"},{"floor":43,"key":"Juzu Bracelet"},{"floor":44,"key":"Unceasing Top"},{"floor":59,"key":"Pantograph"},{"floor":60,"key":"infinitespire:Bottled Soul"},{"floor":62,"key":"Whetstone"},{"floor":64,"key":"Boot"},{"floor":77,"key":"Orichalcum"},{"floor":78,"key":"Bronze Scales"},{"floor":78,"key":"InkBottle"},{"floor":80,"key":"Pear"},{"floor":88,"key":"Ginger"},{"floor":91,"key":"Art of War"},{"floor":91,"key":"Gremlin Horn"},{"floor":94,"key":"Singing Bowl"},{"floor":95,"key":"infinitespire:Eraser"},{"floor":95,"key":"Regal Pillow"},{"floor":96,"key":"MawBank"},{"floor":108,"key":"Anchor"},{"floor":108,"key":"Smiling Mask"},{"floor":111,"key":"White Beast Statue"},{"floor":112,"key":"Toxic Egg 2"},{"floor":112,"key":"CeramicFish"},{"floor":113,"key":"Ancient Tea Set"},{"floor":114,"key":"infinitespire:Midas Blood"},{"floor":114,"key":"War Paint"},{"floor":116,"key":"HornCleat"},{"floor":116,"key":"Molten Egg 2"},{"floor":125,"key":"Omamori"},{"floor":125,"key":"Akabeko"},{"floor":128,"key":"Spirit Poop"},{"floor":129,"key":"infinitespire:Joker Card"},{"floor":129,"key":"Bottled Lightning"},{"floor":131,"key":"Shovel"},{"floor":131,"key":"Question Card"},{"floor":132,"key":"GoldenEye"},{"floor":134,"key":"Ornamental Fan"},{"floor":140,"key":"Ice Cream"},{"floor":142,"key":"Frozen Egg 2"},{"floor":142,"key":"infinitespire:Beetle Shell"},{"floor":143,"key":"infinitespire:FocusingShard"},{"floor":145,"key":"Lantern"},{"floor":147,"key":"PreservedInsect"},{"floor":148,"key":"The Courier"},{"floor":148,"key":"infinitespire:WardingShard"},{"floor":149,"key":"Bottled Tornado"},{"floor":151,"key":"Nunchaku"},{"floor":154,"key":"Mummified Hand"},{"floor":156,"key":"Blood Vial"},{"floor":156,"key":"Bottled Flame"}],"event_choices":[{"damage_healed":0,"gold_gain":0,"player_choice":"Lose Max HP","damage_taken":0,"relics_obtained":["Golden Idol"],"max_hp_gain":0,"max_hp_loss":5,"event_name":"Golden Idol","floor":10,"gold_loss":0},{"damage_healed":0,"gold_gain":0,"player_choice":"Opened","damage_taken":0,"relics_obtained":["Strawberry"],"max_hp_gain":0,"max_hp_loss":0,"event_name":"The Mausoleum","floor":19,"gold_loss":0,"cards_obtained":["Writhe"]},{"cards_removed":["Strike_P"],"damage_healed":0,"gold_gain":0,"player_choice":"Elegance","damage_taken":0,"max_hp_gain":0,"max_hp_loss":0,"event_name":"Back to Basics","floor":22,"gold_loss":0},{"damage_healed":0,"gold_gain":0,"player_choice":"Fight","damage_taken":0,"max_hp_gain":0,"max_hp_loss":0,"event_name":"MindBloom","floor":41,"gold_loss":0},{"damage_healed":0,"gold_gain":0,"player_choice":"Gave Potion","damage_taken":0,"relics_obtained":["Bag of Preparation"],"max_hp_gain":0,"max_hp_loss":0,"event_name":"WeMeetAgain","floor":53,"gold_loss":0},{"damage_healed":0,"gold_gain":0,"player_choice":"Searched \u00273\u0027 times","damage_taken":0,"relics_obtained":["Eternal Feather"],"max_hp_gain":0,"max_hp_loss":0,"event_name":"Dead Adventurer","floor":56,"gold_loss":0},{"damage_healed":0,"gold_gain":0,"player_choice":"Upgraded","damage_taken":0,"max_hp_gain":0,"max_hp_loss":0,"event_name":"Upgrade Shrine","floor":63,"gold_loss":0,"cards_upgraded":["Devotion"]},{"damage_healed":0,"gold_gain":0,"cards_transformed":["Defend_P"],"player_choice":"Transformed","damage_taken":0,"max_hp_gain":0,"max_hp_loss":0,"event_name":"Transmorgrifier","floor":75,"gold_loss":0,"cards_obtained":["EmptyMind"]},{"damage_healed":0,"gold_gain":0,"player_choice":"Embrace Madness","damage_taken":13,"max_hp_gain":0,"max_hp_loss":0,"event_name":"Winding Halls","floor":87,"gold_loss":0,"cards_obtained":["Madness","Madness"]},{"damage_healed":0,"gold_gain":75,"player_choice":"Gather Gold","damage_taken":11,"max_hp_gain":0,"max_hp_loss":0,"event_name":"World of Goop","floor":104,"gold_loss":0},{"damage_healed":0,"gold_gain":0,"player_choice":"Cursed","damage_taken":0,"max_hp_gain":0,"max_hp_loss":0,"event_name":"Wheel of Change","floor":107,"gold_loss":0,"cards_obtained":["Decay"]},{"damage_healed":0,"gold_gain":0,"player_choice":"Success","damage_taken":18,"relics_obtained":["Mercury Hourglass"],"max_hp_gain":0,"max_hp_loss":0,"event_name":"Scrap Ooze","floor":110,"gold_loss":0},{"damage_healed":0,"gold_gain":0,"player_choice":"Fight","damage_taken":0,"max_hp_gain":0,"max_hp_loss":0,"event_name":"Mysterious Sphere","floor":140,"gold_loss":0}],"is_beta":false,"boss_relics":[{"not_picked":["Runic Dome","Snecko Eye"],"picked":"Empty Cage"},{"not_picked":["bronze:MakeshiftBattery","SacredBark"],"picked":"Tiny House"},{"not_picked":["Calling Bell","Pandora\u0027s Box"],"picked":"HolyWater"},{"not_picked":["Calling Bell","Astrolabe"],"picked":"Black Star"},{"not_picked":["Philosopher\u0027s Stone","Cursed Key"],"picked":"Coffee Dripper"},{"not_picked":["Runic Dome","Velvet Choker"],"picked":"Pandora\u0027s Box"},{"not_picked":["SlaversCollar","bronze:MakeshiftBattery"],"picked":"Philosopher\u0027s Stone"},{"not_picked":["Cursed Key","Astrolabe"],"picked":"infinitespire:Cupcake"},{"not_picked":["Sozu","Runic Dome"],"picked":"Snecko Eye"}],"items_purged_floors":[20,36,38,55,70,76,106,115,127,133,141,146,155],"is_endless":true,"potions_floor_spawned":[1,5,8,11,12,16,18,23,27,28,29,35,42,44,45,48,50,52,54,58,59,64,71,72,91,93,99,108,112,114,116,118,120,123,124,125,129,130,131,135,137,138,139,140,142,144,148,150,152,156,157],"ascension_level":5}}