{"host":"15f3wpiimhe5yrng","time":1611163631,"event":{"mods":["100% Spire Juice","2.2 Compatiblity","BaseMod","Bestiary","Better Altar","Better Match","Better Note","Better Sensory Stone","Better Skull","Better Third Choice","Colored Map","Colored Powertips","Downfall","Good Game Mod","Ironclad Rager","Marisa????????","Minty Spire (QoL Compilation)","Permanent Neow","Relic Filter","SacredBarkPlus","Spicy Shops","StSLib","The Animator","The Marked","TheSwordswoman"],"gold_per_floor":[99,117,134,146,146,146,146,2,2,22,22,85,85,100,115,220,220,120,120,140,156,8,19,66,93,106,124,9,80,91,107,119,217,217,17,30,71,90,105,137,137,162,175,185,201,0,0,17,35,35,35,70,70,70,70,70],"floor_reached":57,"language":"ENG","playtime":6409,"items_purged":["bronze:Strike","bronze:Strike","bronze:Strike"],"score":2209,"play_id":"c3ff21a6-8eb6-4c60-b3a7-1d4d19525b8a","local_time":"20210120182711","is_ascension_mode":false,"campfire_choices":[{"data":"Moonworks:ReflectiveShell","floor":1,"key":"SMITH"},{"data":"bronze:Shell","floor":6,"key":"SMITH"},{"data":"bronze:Overheat","floor":9,"key":"SMITH"},{"data":"bronze:Separator","floor":11,"key":"SMITH"},{"data":"bronze:Overheat","floor":13,"key":"SMITH"},{"floor":18,"key":"RECALL"},{"data":"bronze:Return","floor":35,"key":"SMITH"},{"data":"bronze:Goto","floor":47,"key":"SMITH"},{"data":"bronze:Fortify","floor":54,"key":"SMITH"}],"circlet_count":0,"master_deck":["bronze:Strike","bronze:Defend+1","bronze:Defend","bronze:Defend","bronze:Defend+1","bronze:Replicate","bronze:Goto+1","Moonworks:ReflectiveShell+1","bronze:Shell+1","bronze:Terminator","bronze:DelayedGuard+1","bronze:Fortify+1","bronze:Overheat+1","bronze:Separator+1","bronze:Overheat+1","bronze:Constructor+1","bronze:Return+1","bronze:FindAndReplace","bronze:Boost+1","bronze:FineTuning","bronze:Fortify+1","bronze:BitShift+1","bronze:FineTuning","bronze:ChildClass","bronze:ChildClass","bronze:Flail+1","bronze:HardenedForm+1","bronze:HardenedForm+1","bronze:Verify+1","bronze:FindAndReplace","bronze:Constructor+1","bronze:MaxOutput+1"],"relics":["bronze:BronzeCore","REME:ComplimentaryCards","Thread and Needle","downfall:ShatteredFragment","MealTicket","Coffee Dripper","downfall:HeartBlessingBlue","Omamori","Centennial Puzzle","Matryoshka","Anchor","Frozen Egg 2","Runic Pyramid","downfall:HeartBlessingRed","downfall:HeartBlessingGreen","DollysMirror","Chemical X","Bottled Flame","War Paint","Pen Nib","bronze:ProtectiveGoggles","Boot","Bag of Preparation"],"acts_visited":["Exordium","TheCity","TheBeyond","TheEnding"],"potions_floor_usage":[12,14,16,16,25,33,43],"damage_taken":[{"damage":0,"enemies":"2 Louse","floor":2,"turns":4},{"damage":0,"enemies":"Small Slimes","floor":3,"turns":4},{"damage":0,"enemies":"Cultist","floor":4,"turns":5},{"damage":0,"enemies":"downfall:FleeingMerchant","floor":8,"turns":4},{"damage":3,"enemies":"Red Slaver","floor":10,"turns":3},{"damage":0,"enemies":"Lagavulin Event","floor":12,"turns":5},{"damage":4,"enemies":"Lots of Slimes","floor":14,"turns":6},{"damage":5,"enemies":"2 Fungi Beasts","floor":15,"turns":3},{"damage":24,"enemies":"WA_ARCHETYPE_RETAIN","floor":16,"turns":7},{"damage":0,"enemies":"3 Byrds","floor":20,"turns":4},{"damage":0,"enemies":"Chosen","floor":21,"turns":3},{"damage":0,"enemies":"downfall:FleeingMerchant","floor":22,"turns":4},{"damage":9,"enemies":"Snake Plant","floor":23,"turns":3},{"damage":12,"enemies":"Slavers","floor":25,"turns":8},{"damage":0,"enemies":"Centurion and Healer","floor":26,"turns":6},{"damage":13,"enemies":"3 Cultists","floor":27,"turns":6},{"damage":2,"enemies":"downfall:FleeingMerchant","floor":28,"turns":4},{"damage":0,"enemies":"Snake Plant","floor":30,"turns":5},{"damage":0,"enemies":"Centurion and Healer","floor":31,"turns":6},{"damage":0,"enemies":"Sentry and Sphere","floor":32,"turns":3},{"damage":21,"enemies":"DF_ARCHETYPE_CLAW","floor":33,"turns":9},{"damage":0,"enemies":"3 Darklings","floor":36,"turns":3},{"damage":0,"enemies":"downfall:FleeingMerchant","floor":37,"turns":1},{"damage":0,"enemies":"3 Shapes","floor":38,"turns":6},{"damage":0,"enemies":"Jaw Worm Horde","floor":39,"turns":2},{"damage":5,"enemies":"Nemesis","floor":40,"turns":7},{"damage":25,"enemies":"Reptomancer","floor":42,"turns":5},{"damage":15,"enemies":"Transient","floor":43,"turns":5},{"damage":0,"enemies":"4 Shapes","floor":44,"turns":4},{"damage":0,"enemies":"3 Darklings","floor":45,"turns":3},{"damage":0,"enemies":"Transient","floor":48,"turns":5},{"damage":0,"enemies":"4 Shapes","floor":49,"turns":4},{"damage":13,"enemies":"IC_BLOCK_ARCHETYPE","floor":50,"turns":9},{"damage":16,"enemies":"downfall:CharBossMerchant","floor":52,"turns":8},{"damage":3,"enemies":"downfall:NeowBoss","floor":55,"turns":19},{"damage":0,"enemies":"downfall:NeowBossFinal","floor":56,"turns":12}],"seed_played":"-7887168945861687870","potions_obtained":[{"floor":2,"key":"ColorlessPotion"},{"floor":3,"key":"hexamod:SoulburnPotion"},{"floor":10,"key":"SkillPotion"},{"floor":14,"key":"AttackPotion"},{"floor":16,"key":"hexamod:SoulburnPotion"},{"floor":23,"key":"PowerPotion"},{"floor":25,"key":"Block Potion"},{"floor":27,"key":"bronze:BurnAndBuffPotion"},{"floor":32,"key":"PowerPotion"},{"floor":38,"key":"GamblersBrew"},{"floor":44,"key":"AttackPotion"}],"is_trial":false,"path_per_floor":["R","M","M","M","?","R","T","$","R","M","R","?","R","M","M","B",null,"R","?","M","M","$","M","T","E","M","M","$","T","M","M","M","B",null,"R","M","$","M","M","E","T","E","M","M","M","$","R","M","M","B",null,"E","$","R","B","B",null],"character_chosen":"THE_AUTOMATON","items_purchased":["bronze:Overheat","Omamori","bronze:Fortify","DollysMirror","Chemical X","Boot"],"campfire_rested":0,"item_purchase_floors":[8,22,22,37,37,46],"current_hp_per_floor":[63,63,63,63,42,42,42,42,42,39,39,39,39,35,30,6,63,73,73,73,73,73,64,64,52,52,39,52,52,52,52,52,31,73,73,73,73,73,73,68,68,43,28,28,28,43,43,43,43,30,73,57,72,72,69,69],"gold":70,"neow_bonus":"ONE_RARE_RELIC","is_daily":false,"chose_seed":false,"campfire_upgraded":8,"win_rate":0.0,"timestamp":1611163631,"path_taken":["R","M","M","M","?","R","T","$","R","M","R","?","R","M","M","BOSS","R","?","?","M","$","M","T","E","M","M","$","?","M","M","M","BOSS","R","M","$","?","M","E","T","E","M","M","M","$","R","M","M","BOSS","E","$","R","BOSS","BOSS"],"items_purchased_type":["Card","Relic","Card","Relic","Relic","Relic"],"build_version":"2020-12-22","purchased_purges":3,"victory":true,"max_hp_per_floor":[63,63,63,63,63,63,63,63,63,63,63,63,63,63,63,63,63,73,73,73,73,73,73,73,73,73,73,73,73,73,73,73,73,73,73,73,73,73,73,73,73,73,73,73,73,73,73,73,73,73,73,73,73,73,73,73],"card_choices":[{"not_picked":["bronze:DelayedGuard","bronze:CutThrough"],"picked":"bronze:Shell","floor":2},{"not_picked":["bronze:BitShift","bronze:DelayedSlice"],"picked":"bronze:Terminator","floor":3},{"not_picked":["bronze:WhirlingStrike","bronze:ForLoop"],"picked":"bronze:DelayedGuard","floor":4},{"not_picked":["bronze:Iterate","bronze:Assembly"],"picked":"bronze:Fortify","floor":8},{"not_picked":["bronze:Repulsor","bronze:ForLoop"],"picked":"bronze:Separator","floor":10},{"not_picked":["bronze:CutThrough","bronze:Turbo"],"picked":"bronze:Overheat","floor":12},{"not_picked":["bronze:CutThrough","bronze:BuggyMess"],"picked":"bronze:Constructor","floor":14},{"not_picked":["bronze:ForceShield","bronze:NullPointer"],"picked":"bronze:Return","floor":15},{"not_picked":["bronze:ShipIt","bronze:ThunderWave"],"picked":"bronze:FindAndReplace","floor":16},{"not_picked":["bronze:FineTuning","bronze:DelayedSlice"],"picked":"bronze:Boost+1","floor":20},{"not_picked":["bronze:Invalidate","bronze:Iterate","bronze:Shield+1"],"picked":"SKIP","floor":21},{"not_picked":["bronze:Shield","bronze:Safeguard"],"picked":"bronze:FineTuning","floor":22},{"not_picked":["bronze:Iterate","bronze:Frontload"],"picked":"bronze:BitShift+1","floor":23},{"not_picked":["bronze:OilSpill+1","bronze:Shield+1","bronze:DigitalCarnage"],"picked":"SKIP","floor":25},{"not_picked":["bronze:Philosophize","bronze:CutThrough"],"picked":"bronze:FineTuning","floor":26},{"not_picked":["bronze:Virus","bronze:Separator","bronze:BronzeArmor"],"picked":"SKIP","floor":27},{"not_picked":["bronze:NullPointer+1","bronze:Iterate"],"picked":"bronze:ChildClass","floor":28},{"not_picked":["bronze:Invalidate","bronze:Repair"],"picked":"bronze:ChildClass","floor":30},{"not_picked":["bronze:Terminator","bronze:WildBeam","bronze:BitShift"],"picked":"SKIP","floor":31},{"not_picked":["bronze:BuggyMess","bronze:DelayedGuard"],"picked":"bronze:Flail+1","floor":32},{"not_picked":["bronze:BurnOut","bronze:Mutator+1"],"picked":"bronze:HardenedForm+1","floor":33},{"not_picked":["bronze:CloningBeam","bronze:OilSpill+1","bronze:Flail+1"],"picked":"SKIP","floor":36},{"not_picked":["bronze:Repulsor+1","bronze:MaxOutput+1","bronze:BugBarrage"],"picked":"SKIP","floor":37},{"not_picked":["bronze:Deprecate+1","bronze:ForceShield","bronze:BuggyMess"],"picked":"SKIP","floor":38},{"not_picked":["bronze:WildBeam","bronze:Shell"],"picked":"bronze:Verify+1","floor":39},{"not_picked":["bronze:OilSpill","bronze:Overheat+1","bronze:Fortify+1"],"picked":"SKIP","floor":40},{"not_picked":["bronze:Fortify","bronze:FollowUp"],"picked":"bronze:FindAndReplace","floor":42},{"not_picked":["bronze:Philosophize","bronze:BitShift","bronze:WhirlingStrike+1"],"picked":"SKIP","floor":43},{"not_picked":["bronze:FineTuning","bronze:Overheat+1"],"picked":"bronze:Constructor+1","floor":44},{"not_picked":["bronze:Philosophize+1","bronze:Frontload","bronze:Safeguard"],"picked":"SKIP","floor":45},{"not_picked":["bronze:Constructor+1","bronze:Repair"],"picked":"bronze:MaxOutput+1","floor":48},{"not_picked":["bronze:Philosophize","bronze:DarkDash","bronze:Branch"],"picked":"SKIP","floor":49},{"not_picked":["bronze:ThunderWave","bronze:Branch","bronze:ItsAFeature+1"],"picked":"SKIP","floor":52}],"player_experience":160639,"relics_obtained":[{"floor":12,"key":"MealTicket"},{"floor":24,"key":"Centennial Puzzle"},{"floor":25,"key":"Matryoshka"},{"floor":29,"key":"Anchor"},{"floor":29,"key":"Frozen Egg 2"},{"floor":40,"key":"Bottled Flame"},{"floor":41,"key":"War Paint"},{"floor":41,"key":"Pen Nib"},{"floor":42,"key":"bronze:ProtectiveGoggles"},{"floor":52,"key":"Bag of Preparation"}],"event_choices":[],"is_beta":false,"boss_relics":[{"not_picked":["bronze:MakeshiftBattery","Astrolabe"],"picked":"Coffee Dripper"},{"not_picked":["Cursed Key","Black Star"],"picked":"Runic Pyramid"}],"items_purged_floors":[8,28,46],"is_endless":false,"potions_floor_spawned":[2,3,10,14,16,23,25,27,31,32,38,39,42,44],"ascension_level":0}}