{"host":"exhp4inpfmbngj23","time":1611171995,"event":{"mods":["Abigail Mod","BaseMod","Beaked The Cultist","Downfall","Friendly Minions","Gremlin Mod","Kiyohime????","Minty Spire (QoL Compilation)","StSLib","The Alterego"],"gold_per_floor":[99,99,99,99,99,111,111,138,138,156,13,13,0,15,31,126,126,26,37,37,49,63,77,77,38,38,67,67,85,85,74,88,187,187,87,106,106,106,106,106],"floor_reached":38,"language":"ENG","playtime":3043,"items_purged":["Pain"],"score":417,"play_id":"d16d62a8-fe30-4b4f-91fc-26e11bd7758e","local_time":"20210120114635","is_ascension_mode":false,"campfire_choices":[{"floor":1,"key":"RECALL"},{"data":"bronze:InfiniteLoop","floor":18,"key":"SMITH"},{"data":"bronze:Boost","floor":26,"key":"SMITH"},{"data":"bronze:GetLatest","floor":28,"key":"SMITH"},{"data":"bronze:Terminator","floor":35,"key":"SMITH"}],"circlet_count":0,"master_deck":["bronze:Strike","bronze:Strike","bronze:Strike","bronze:Strike","bronze:Defend","bronze:Defend","bronze:Defend","bronze:Defend","bronze:Replicate","bronze:Goto","bronze:InfiniteBeams+1","bronze:DelayedSlice","bronze:CutThrough","bronze:GetLatest+1","bronze:Boost+1","bronze:Optimize","bronze:Fortify","bronze:DelayedGuard","bronze:Format","bronze:Branch","bronze:Iterate","bronze:InfiniteLoop+1","bronze:Separator+1","bronze:Iterate","bronze:DelayedSlice+1","bronze:HyperBeam","bronze:Constructor+1","bronze:Optimize+1","bronze:FineTuning","bronze:Frontload","bronze:Fortify","bronze:Terminator+1","bronze:WhirlingStrike","bronze:ForceShield","bronze:Verify"],"relics":["bronze:BronzeCore","downfall:HeartsMalice","HornCleat","Eternal Feather","bronze:BottledCode","bronze:MakeshiftBattery","downfall:HeartBlessingGreen","Regal Pillow","Lantern","Happy Flower","Busted Crown","downfall:HeartBlessingBlue"],"acts_visited":["Exordium","TheCity","TheBeyond"],"potions_floor_usage":[16,16,33,33],"damage_taken":[{"damage":0,"enemies":"Jaw Worm","floor":2,"turns":1},{"damage":0,"enemies":"Cultist","floor":3,"turns":1},{"damage":0,"enemies":"Small Slimes","floor":5,"turns":1},{"damage":13,"enemies":"Exordium Wildlife","floor":6,"turns":3},{"damage":9,"enemies":"3 Sentries","floor":8,"turns":7},{"damage":5,"enemies":"Exordium Thugs","floor":10,"turns":3},{"damage":0,"enemies":"downfall:FleeingMerchant","floor":11,"turns":4},{"damage":0,"enemies":"downfall:FleeingMerchant","floor":13,"turns":4},{"damage":0,"enemies":"Blue Slaver","floor":14,"turns":3},{"damage":4,"enemies":"Red Slaver","floor":15,"turns":4},{"damage":31,"enemies":"WA_ARCHETYPE_RETAIN","floor":16,"turns":8},{"damage":1,"enemies":"Shell Parasite","floor":19,"turns":3},{"damage":1,"enemies":"Snecko","floor":21,"turns":3},{"damage":12,"enemies":"Snake Plant","floor":22,"turns":3},{"damage":0,"enemies":"Cultist and Chosen","floor":23,"turns":4},{"damage":7,"enemies":"downfall:FleeingMerchant","floor":25,"turns":4},{"damage":5,"enemies":"Book of Stabbing","floor":27,"turns":4},{"damage":4,"enemies":"Centurion and Healer","floor":29,"turns":4},{"damage":5,"enemies":"downfall:FleeingMerchant","floor":31,"turns":3},{"damage":16,"enemies":"Shelled Parasite and Fungi","floor":32,"turns":3},{"damage":27,"enemies":"DF_ARCHETYPE_CLAW","floor":33,"turns":9},{"damage":60,"enemies":"3 Darklings","floor":36,"turns":10},{"damage":10,"enemies":"3 Darklings","floor":38,"turns":4}],"seed_played":"-6699666486983883024","potions_obtained":[{"floor":6,"key":"Guardian:BlockOnCardUsePotion"},{"floor":8,"key":"Weak Potion"},{"floor":14,"key":"Energy Potion"},{"floor":19,"key":"LiquidMemories"},{"floor":29,"key":"BlessingOfTheForge"}],"is_trial":false,"path_per_floor":["R","M","M","?","M","M","T","E","?","M","$","?","$","M","M","B",null,"R","M","?","M","M","M","T","$","R","E","R","M","T","$","M","B",null,"R","M","$","?"],"character_chosen":"THE_AUTOMATON","items_purchased":["bronze:Fortify","bronze:DelayedGuard","bronze:FineTuning","bronze:Terminator","bronze:WhirlingStrike","Happy Flower"],"campfire_rested":0,"item_purchase_floors":[11,11,25,31,31,31],"current_hp_per_floor":[70,70,70,70,70,57,57,48,48,43,43,43,43,43,39,8,60,60,59,59,58,46,46,46,39,57,52,60,56,56,51,35,8,60,70,10,10,0,0,0],"gold":106,"neow_bonus":"THREE_ENEMY_KILL","is_daily":false,"chose_seed":false,"campfire_upgraded":4,"win_rate":0.0,"timestamp":1611171995,"path_taken":["R","M","M","?","M","?","T","E","?","M","$","?","$","M","M","BOSS","R","M","?","M","M","M","T","?","R","E","R","M","?","$","M","BOSS","R","M","$","?"],"items_purchased_type":["Card","Card","Card","Card","Card","Relic"],"build_version":"2020-12-22","purchased_purges":1,"victory":false,"max_hp_per_floor":[70,70,70,70,70,70,70,70,60,60,60,60,60,60,60,60,60,60,60,60,60,60,60,60,60,60,60,60,60,60,60,60,60,60,70,70,70,70,70,70],"card_choices":[{"not_picked":["bronze:BitShift","bronze:Turbo"],"picked":"bronze:InfiniteBeams","floor":2},{"not_picked":["bronze:FollowUp","bronze:WildBeam"],"picked":"bronze:DelayedSlice","floor":3},{"not_picked":["bronze:Shield","bronze:BugBarrage"],"picked":"bronze:CutThrough","floor":5},{"not_picked":["bronze:DelayedGuard","bronze:Repulsor"],"picked":"bronze:GetLatest","floor":6},{"not_picked":["bronze:Optimize","bronze:InfiniteBeams"],"picked":"bronze:Boost","floor":8},{"not_picked":["bronze:CutThrough","bronze:Frontload","bronze:CloningBeam"],"picked":"SKIP","floor":10},{"not_picked":["bronze:Deprecate","bronze:Turbo"],"picked":"bronze:Optimize","floor":11},{"not_picked":["bronze:BronzeOrb","bronze:Philosophize"],"picked":"bronze:Format","floor":13},{"not_picked":["bronze:BitShift","bronze:WildBeam"],"picked":"bronze:Branch","floor":14},{"not_picked":["bronze:Branch","bronze:Invalidate"],"picked":"bronze:Iterate","floor":15},{"not_picked":["bronze:ShipIt","bronze:RecursiveStrike"],"picked":"bronze:InfiniteLoop","floor":16},{"not_picked":["bronze:DelayedGuard","bronze:BitShift"],"picked":"bronze:Separator+1","floor":19},{"not_picked":["bronze:DelayedGuard","bronze:Deprecate+1"],"picked":"bronze:DelayedSlice+1","floor":21},{"not_picked":["bronze:Allocate","bronze:BugBarrage"],"picked":"bronze:HyperBeam","floor":22},{"not_picked":["bronze:BitShift","bronze:BronzeOrb"],"picked":"bronze:Constructor+1","floor":23},{"not_picked":["bronze:Invalidate+1","bronze:Separator"],"picked":"bronze:Optimize+1","floor":25},{"not_picked":["bronze:Overheat+1","bronze:DarkDash"],"picked":"bronze:Frontload","floor":27},{"not_picked":["bronze:WildBeam","bronze:Separator","bronze:NullPointer+1"],"picked":"SKIP","floor":29},{"not_picked":["bronze:BugBarrage+1","bronze:ClassDefault"],"picked":"bronze:Fortify","floor":31},{"not_picked":["bronze:DelayedGuard","bronze:ForLoop"],"picked":"bronze:ForceShield","floor":32},{"not_picked":["bronze:Assembly","bronze:Break"],"picked":"bronze:Verify","floor":33},{"not_picked":["bronze:Branch+1"],"picked":"SKIP","floor":36}],"player_experience":2028670,"relics_obtained":[{"floor":7,"key":"HornCleat"},{"floor":8,"key":"Eternal Feather"},{"floor":27,"key":"Regal Pillow"},{"floor":30,"key":"Lantern"}],"event_choices":[],"is_beta":false,"boss_relics":[{"not_picked":["Sozu","Philosopher\u0027s Stone"],"picked":"bronze:MakeshiftBattery"},{"not_picked":["Runic Pyramid","Pandora\u0027s Box"],"picked":"Busted Crown"}],"items_purged_floors":[31],"is_endless":false,"potions_floor_spawned":[6,8,14,19,29,32],"killed_by":"3 Darklings","ascension_level":0}}