{"host":"i0avyit1s6jb1siw","time":1611130914,"event":{"mods":["BaseMod","DeckTracker","Dota2Spire","Highlight Path","Minty Spire (QoL Compilation)","Quick Restart","StSLib","SuperFastMode"],"gold_per_floor":[118,12,28,39,39,66,66,80,80,105,132,132,57,67,100,114,167,192,192,192,192],"floor_reached":20,"language":"ENG","playtime":354,"items_purged":["Strike_P"],"score":334,"play_id":"643f9eb6-5498-4837-944f-4919f6003166","local_time":"20210120092154","is_ascension_mode":true,"campfire_choices":[{"data":"Adaptation","floor":7,"key":"SMITH"},{"data":"Eruption","floor":9,"key":"SMITH"},{"data":"Adaptation","floor":12,"key":"SMITH"},{"floor":19,"key":"REST"}],"circlet_count":0,"master_deck":["AscendersBane","Strike_P","Strike_P","Strike_P","Defend_P","Defend_P","Defend_P","Eruption+1","Vigilance","Adaptation+1","Adaptation+1","FollowUp","ClearTheMind","BowlingBash","FlurryOfBlows","FearNoEvil"],"relics":["Dota2Spire:RefresherOrb","Dota2Spire:LotusOrb","Tiny Chest","Ancient Tea Set","Dota2Spire:MagicBottle","Potion Belt","Bag of Preparation","Boot"],"acts_visited":["Exordium"],"potions_floor_usage":[6,15],"damage_taken":[{"damage":8,"enemies":"Small Slimes","floor":1,"turns":5},{"damage":0,"enemies":"Cultist","floor":3,"turns":2},{"damage":2,"enemies":"Jaw Worm","floor":4,"turns":2},{"damage":0,"enemies":"Lagavulin","floor":6,"turns":3},{"damage":18,"enemies":"Red Slaver","floor":8,"turns":3},{"damage":0,"enemies":"Exordium Thugs","floor":14,"turns":3},{"damage":17,"enemies":"Gremlin Nob","floor":15,"turns":3},{"damage":0,"enemies":"Looter","floor":16,"turns":2},{"damage":2,"enemies":"3 Sentries","floor":18,"turns":4},{"damage":44,"enemies":"The Guardian","floor":20,"turns":9}],"seed_played":"-5274078328560302059","potions_obtained":[{"floor":4,"key":"AttackPotion"},{"floor":6,"key":"Dota2Spire:Clarity"},{"floor":8,"key":"BlessingOfTheForge"}],"is_trial":false,"path_per_floor":["M","?","M","M","?","E","R","M","R","T","T","R","$","M","E","M","T","E","R","B"],"character_chosen":"WATCHER","items_purchased":[],"campfire_rested":1,"item_purchase_floors":[],"current_hp_per_floor":[53,53,53,51,51,51,51,33,33,33,33,33,33,33,16,16,16,14,34,0,0],"gold":192,"neow_bonus":"BOSS_RELIC","is_daily":false,"chose_seed":false,"campfire_upgraded":3,"win_rate":0.0,"timestamp":1611130914,"path_taken":["M","?","?","M","?","E","R","M","R","T","T","R","$","M","E","?","?","E","R","BOSS"],"items_purchased_type":[],"build_version":"2020-12-22","purchased_purges":1,"victory":false,"max_hp_per_floor":[68,68,68,68,68,68,68,68,68,68,68,68,68,68,68,68,68,68,68,68,68],"card_choices":[{"not_picked":["Prostrate","Protect"],"picked":"Adaptation","floor":1},{"not_picked":["Nirvana","Collect"],"picked":"Adaptation","floor":3},{"not_picked":["JustLucky","Wireheading","FollowUp"],"picked":"SKIP","floor":4},{"not_picked":["JustLucky","Wireheading"],"picked":"FollowUp","floor":4},{"not_picked":["SashWhip","BattleHymn"],"picked":"ClearTheMind","floor":6},{"not_picked":["JustLucky","MasterReality"],"picked":"BowlingBash","floor":8},{"not_picked":["Consecrate","CarveReality"],"picked":"FlurryOfBlows","floor":14},{"not_picked":["JustLucky","Halt","Protect"],"picked":"SKIP","floor":15},{"not_picked":["Conclude","Prostrate"],"picked":"FearNoEvil","floor":16},{"not_picked":["ClearTheMind","Conclude","WreathOfFlame"],"picked":"SKIP","floor":18}],"player_experience":2302074,"relics_obtained":[{"floor":6,"key":"Tiny Chest"},{"floor":10,"key":"Ancient Tea Set"},{"floor":11,"key":"Dota2Spire:MagicBottle"},{"floor":15,"key":"Potion Belt"},{"floor":17,"key":"Bag of Preparation"},{"floor":18,"key":"Boot"}],"event_choices":[{"damage_healed":0,"gold_gain":0,"player_choice":"Paid Gold","damage_taken":0,"relics_obtained":["Dota2Spire:LotusOrb"],"max_hp_gain":0,"max_hp_loss":0,"event_name":"WeMeetAgain","floor":2,"gold_loss":106},{"cards_removed":["Defend_P"],"damage_healed":0,"gold_gain":0,"player_choice":"Offered Basic","damage_taken":0,"max_hp_gain":0,"max_hp_loss":0,"event_name":"Bonfire Elementals","floor":5,"gold_loss":0}],"is_beta":false,"boss_relics":[],"items_purged_floors":[13],"is_endless":false,"potions_floor_spawned":[4,6,8,14],"killed_by":"The Guardian","ascension_level":20}}