{"host":"bf9sa99gaumonoeu","time":1611163808,"event":{"mods":["AchievementEnabler","Act Like it!","Aspiration","BaseMod","Bestiary","Better Note","Block Reminder","Colored Map","Colored Powertips","Downfall","Fox Events","Friendly Minions","Gensokyo","GifTheSpireLib","Googly Eyes","Hallownest","Hermit","Highlight Path","Jorbs\u0027s Wanderer Trilogy","KinomotoSakuraMod(????)","Koishi","Marisa????????","Minty Spire (QoL Compilation)","Rare Cards Sparkle","Relic Stats","Spire Arcade","StSLib","The Administrix","The Animator","The Bug Knight","The Construct","The Cursed","The Hierophant","The Mystic","The Necromancer","The Poker Player","The Runesmith","The Senshi","The Servant 0.9.4","ojb\u0027s Info Mod"],"gold_per_floor":[162,87,87,104,114,114,39,52,76,76,95,138,172,188,188,188,188],"floor_reached":16,"language":"ENG","playtime":1143,"items_purged":["Strike_G"],"score":204,"play_id":"4e0e93b4-35df-457a-8c10-092fc2c62540","local_time":"20210120153008","is_ascension_mode":true,"campfire_choices":[{"data":"Crippling Poison","floor":6,"key":"SMITH"},{"floor":15,"key":"REST"}],"circlet_count":0,"master_deck":["AscendersBane","Strike_G","Strike_G+1","Strike_G","Defend_G","Defend_G","Defend_G","Defend_G","Defend_G","Survivor","Neutralize","Crippling Poison+1","All Out Attack","Heel Hook","Blade Dance","Catalyst","PiercingWail","Bane","Dodge and Roll"],"relics":["Tiny House","Bronze Scales","Golden Idol","aspiration:ChemicalBlood","foxEvents:LuckyCharm"],"acts_visited":["Exordium"],"potions_floor_usage":[12,12,13,16,16],"damage_taken":[{"damage":2,"enemies":"Jaw Worm","floor":1,"turns":5},{"damage":0,"enemies":"2 Louse","floor":4,"turns":2},{"damage":4,"enemies":"Cultist","floor":5,"turns":5},{"damage":4,"enemies":"Blue Slaver","floor":8,"turns":5},{"damage":12,"enemies":"3 Louse","floor":11,"turns":2},{"damage":15,"enemies":"Lagavulin","floor":12,"turns":4},{"damage":13,"enemies":"Colosseum Slavers","floor":13,"turns":2},{"damage":0,"enemies":"2 Fungi Beasts","floor":14,"turns":2},{"damage":33,"enemies":"The Guardian","floor":16,"turns":10}],"seed_played":"8885106646751289605","potions_obtained":[{"floor":0,"key":"FearPotion"},{"floor":3,"key":"SteroidPotion"},{"floor":12,"key":"Strength Potion"}],"is_trial":false,"path_per_floor":["M","?","?","M","M","R","$","M","T","?","M","E","?","M","R","B"],"character_chosen":"THE_SILENT","items_purchased":[],"campfire_rested":1,"item_purchase_floors":[],"current_hp_per_floor":[62,62,62,62,58,58,58,54,54,54,42,27,14,14,33,0,0],"gold":188,"neow_bonus":"BOSS_RELIC","is_daily":false,"chose_seed":false,"campfire_upgraded":1,"win_rate":0.0,"timestamp":1611163808,"path_taken":["M","?","?","M","M","R","$","?","T","?","M","E","?","M","R","BOSS"],"items_purchased_type":[],"build_version":"2020-12-22","purchased_purges":1,"victory":false,"max_hp_per_floor":[71,71,71,71,71,71,71,71,71,64,64,64,64,64,64,64,64],"relic_stats":{"counters":[9,37],"Golden Idol":23,"Bronze Scales":[56],"obtain_stats":[{"Tiny House":0,"Golden Idol":10,"Bronze Scales":9,"foxEvents:LuckyCharm":13,"Ring of the Snake":0,"aspiration:ChemicalBlood":12},{"Tiny House":0,"Golden Idol":4,"Bronze Scales":4,"foxEvents:LuckyCharm":7,"Ring of the Snake":0,"aspiration:ChemicalBlood":6},{"Tiny House":0,"Golden Idol":17,"Bronze Scales":17,"foxEvents:LuckyCharm":25,"Ring of the Snake":0,"aspiration:ChemicalBlood":23}]},"card_choices":[{"not_picked":["Deflect","Acrobatics"],"picked":"Crippling Poison","floor":0},{"not_picked":["Underhanded Strike","Skewer"],"picked":"All Out Attack","floor":1},{"not_picked":["Finisher","Acrobatics"],"picked":"Heel Hook","floor":4},{"not_picked":["Expertise","Choke"],"picked":"Blade Dance","floor":5},{"not_picked":["Setup","Caltrops","Dagger Throw"],"picked":"SKIP","floor":8},{"not_picked":["Tactician","Expertise"],"picked":"Catalyst","floor":11},{"not_picked":["All Out Attack","Choke"],"picked":"PiercingWail","floor":12},{"not_picked":["Dagger Spray","Skewer"],"picked":"Bane","floor":13},{"not_picked":["Outmaneuver","Riddle With Holes"],"picked":"Dodge and Roll","floor":14}],"player_experience":1080637,"relics_obtained":[{"floor":9,"key":"Bronze Scales"},{"floor":12,"key":"aspiration:ChemicalBlood"},{"floor":13,"key":"foxEvents:LuckyCharm"}],"event_choices":[{"cards_removed":["Strike_G"],"damage_healed":0,"gold_gain":0,"player_choice":"Card Removal","damage_taken":0,"max_hp_gain":0,"max_hp_loss":0,"event_name":"The Cleric","floor":2,"gold_loss":75},{"damage_healed":0,"gold_gain":0,"player_choice":"Got Potions","damage_taken":0,"max_hp_gain":0,"max_hp_loss":0,"event_name":"Lab","floor":3,"gold_loss":0},{"damage_healed":0,"gold_gain":0,"player_choice":"Lose Max HP","damage_taken":0,"relics_obtained":["Golden Idol"],"max_hp_gain":0,"max_hp_loss":7,"event_name":"Golden Idol","floor":10,"gold_loss":0}],"is_beta":false,"boss_relics":[],"items_purged_floors":[7],"is_endless":false,"potions_floor_spawned":[5,8,12],"killed_by":"The Guardian","ascension_level":20}}