{"host":"bq4pt811tk9yrmjl","time":1611172626,"event":{"mods":["AchievementEnabler","BaseMod","Colored Map","Colored Powertips","Defuse TimeMaze Blight","Hermit","Minty Spire (QoL Compilation)","StSLib","SuperFastMode"],"gold_per_floor":[119,49,63,138,138,138,138,168,193,193,206,216,234,244,244,344,344,355,371,387,400,400,400,400,400,400,400,400,400],"floor_reached":28,"language":"ENG","playtime":410,"items_purged":[],"score":257,"play_id":"d30c1753-dbe5-4fea-85e1-e8bc47cd1dc9","local_time":"20210120175706","is_ascension_mode":true,"campfire_choices":[{"data":"Defragment","floor":6,"key":"SMITH"},{"data":"Zap","floor":10,"key":"SMITH"},{"floor":15,"key":"REST"},{"floor":23,"key":"REST"},{"data":"Defragment","floor":27,"key":"SMITH"}],"circlet_count":0,"master_deck":["Strike_B","Strike_B+1","Strike_B","Strike_B","Defend_B+1","Defend_B","Defend_B","Defend_B","Zap+1","Dualcast","Reinforced Body","Defragment+1","Gash","Defragment+1","Electrodynamics","Conserve Battery","Creative AI+1","Self Repair+1"],"relics":["Cracked Core","NeowsBlessing","Shuriken","Velvet Choker","Symbiotic Virus","Blue Candle"],"acts_visited":["Exordium","TheCity"],"potions_floor_usage":[14,16,21,21,21,28],"damage_taken":[{"damage":0,"enemies":"Jaw Worm","floor":1,"turns":1},{"damage":0,"enemies":"2 Louse","floor":3,"turns":1},{"damage":0,"enemies":"Gremlin Nob","floor":8,"turns":1},{"damage":1,"enemies":"Cultist","floor":11,"turns":3},{"damage":0,"enemies":"Red Slaver","floor":12,"turns":3},{"damage":2,"enemies":"Looter","floor":13,"turns":3},{"damage":7,"enemies":"2 Fungi Beasts","floor":14,"turns":3},{"damage":17,"enemies":"Slime Boss","floor":16,"turns":7},{"damage":15,"enemies":"2 Thieves","floor":18,"turns":3},{"damage":0,"enemies":"3 Byrds","floor":19,"turns":2},{"damage":35,"enemies":"Shelled Parasite and Fungi","floor":20,"turns":6},{"damage":14,"enemies":"3 Cultists","floor":21,"turns":4},{"damage":16,"enemies":"Book of Stabbing","floor":28,"turns":4}],"seed_played":"-3677440069308639349","potions_obtained":[{"floor":11,"key":"GamblersBrew"},{"floor":12,"key":"Ancient Potion"},{"floor":14,"key":"Fruit Juice"},{"floor":18,"key":"EntropicBrew"},{"floor":21,"key":"SpeedPotion"}],"is_trial":false,"path_per_floor":["M","$","M","?","?","R","$","E","T","R","M","M","M","M","R","B",null,"M","M","M","M","T","R","?","?","T","R","E"],"character_chosen":"DEFECT","items_purchased":["Defragment"],"campfire_rested":2,"item_purchase_floors":[2],"current_hp_per_floor":[75,75,75,64,49,49,49,49,49,49,48,48,46,44,68,51,80,65,65,30,16,16,40,40,40,40,40,24,24],"gold":400,"neow_bonus":"THREE_ENEMY_KILL","is_daily":false,"chose_seed":false,"campfire_upgraded":3,"win_rate":0.0,"timestamp":1611172626,"path_taken":["M","$","M","?","?","R","$","E","T","R","M","M","?","M","R","BOSS","M","?","M","M","?","R","?","?","T","R","E"],"items_purchased_type":["Card"],"build_version":"2020-12-22","purchased_purges":0,"victory":false,"max_hp_per_floor":[75,75,75,75,75,75,75,75,75,75,75,75,75,80,80,80,80,80,80,80,80,80,80,80,80,80,80,80,80],"card_choices":[{"not_picked":["Ball Lightning","Compile Driver"],"picked":"Reinforced Body","floor":1},{"not_picked":["Lockon","Compile Driver","Turbo"],"picked":"SKIP","floor":3},{"not_picked":["Rebound","Coolheaded"],"picked":"Gash","floor":8},{"not_picked":["Streamline","Blizzard"],"picked":"Defragment","floor":11},{"not_picked":["Glacier","Compile Driver","Turbo"],"picked":"SKIP","floor":12},{"not_picked":["Steam","Go for the Eyes"],"picked":"Electrodynamics","floor":13},{"not_picked":["Defragment","Consume"],"picked":"Conserve Battery","floor":14},{"not_picked":["All For One","Reboot"],"picked":"Creative AI","floor":16},{"not_picked":["Hologram","Go for the Eyes","Beam Cell"],"picked":"SKIP","floor":18},{"not_picked":["Sweeping Beam","Glacier+1","Cold Snap"],"picked":"SKIP","floor":19},{"not_picked":["Skim","FTL","Ball Lightning"],"picked":"SKIP","floor":20},{"not_picked":["Ball Lightning","Leap"],"picked":"Self Repair+1","floor":21}],"player_experience":193288,"relics_obtained":[{"floor":8,"key":"Shuriken"},{"floor":22,"key":"Symbiotic Virus"},{"floor":26,"key":"Blue Candle"}],"event_choices":[{"damage_healed":0,"gold_gain":75,"player_choice":"Gather Gold","damage_taken":11,"max_hp_gain":0,"max_hp_loss":0,"event_name":"World of Goop","floor":4,"gold_loss":0},{"damage_healed":0,"gold_gain":0,"player_choice":"Entered Light","damage_taken":15,"max_hp_gain":0,"max_hp_loss":0,"event_name":"Shining Light","floor":5,"gold_loss":0,"cards_upgraded":["Strike_B","Defend_B"]},{"damage_healed":0,"gold_gain":0,"player_choice":"Ignored","damage_taken":0,"max_hp_gain":0,"max_hp_loss":0,"event_name":"Cursed Tome","floor":24,"gold_loss":0},{"damage_healed":0,"gold_gain":0,"player_choice":"Forge","damage_taken":0,"max_hp_gain":0,"max_hp_loss":0,"event_name":"Accursed Blacksmith","floor":25,"gold_loss":0,"cards_upgraded":["Creative AI"]}],"is_beta":false,"boss_relics":[{"not_picked":["SacredBark","SlaversCollar"],"picked":"Velvet Choker"}],"items_purged_floors":[],"is_endless":false,"potions_floor_spawned":[11,12,14,18,21],"killed_by":"Book of Stabbing","ascension_level":1}}