{"host":"ndpbn7fqb3wjbd7p","time":1611121560,"event":{"mods":["AchievementEnabler","Act Like it!","AlwaysNeverKeys","BaseMod","Better Vampires","Block Reminder","Colored Powertips","DeckTracker","Defuse TimeMaze Blight","Friendly Minions","Hallownest","Hermit","Highlight Path","MarisaÅiñ∂âJÅ@ñÇóùçπÅj","Minty Spire (QoL Compilation)","Permanent Neow","Shade Mod","StSLib","SuperFastMode","Synergy Search","The Mystic","Unceasing Turn Reminder","Wandering Minibosses","egg"],"gold_per_floor":[14,14,14,39,64,64,80,80,80,80,94,19,19,40,40,129,129,143,43,56,106,106,144,163,0,0,21,21,46,46,64,64,64,64],"floor_reached":33,"language":"ENG","playtime":1236,"items_purged":["Strike_G","Strike_G"],"score":505,"play_id":"b3afbc9d-22bb-42a5-8395-ed5080e612ac","local_time":"20210120064600","is_ascension_mode":true,"campfire_choices":[{"data":"Blade Dance","floor":6,"key":"SMITH"},{"data":"1","floor":10,"key":"LIFT"},{"data":"2","floor":13,"key":"LIFT"},{"data":"3","floor":15,"key":"LIFT"},{"data":"Neutralize","floor":30,"key":"SMITH"},{"floor":32,"key":"REST"}],"circlet_count":0,"master_deck":["AscendersBane","Defend_G","Defend_G","Defend_G","Survivor","Neutralize+1","Blade Dance+1","Acrobatics","Heel Hook","Riddle With Holes","Tactician","Finisher","After Image","Accuracy","Heel Hook","Acrobatics"],"relics":["Ring of the Snake","Golden Idol","Girya","Black Star","Incense Burner","Mercury Hourglass","Shuriken"],"acts_visited":["Exordium","TheCity"],"potions_floor_usage":[16,18,23,33],"damage_taken":[{"damage":8,"enemies":"Small Slimes","floor":1,"turns":5},{"damage":0,"enemies":"2 Louse","floor":4,"turns":3},{"damage":0,"enemies":"Cultist","floor":5,"turns":3},{"damage":6,"enemies":"Looter","floor":7,"turns":3},{"damage":0,"enemies":"Red Slaver","floor":11,"turns":2},{"damage":2,"enemies":"2 Fungi Beasts","floor":14,"turns":3},{"damage":9,"enemies":"Hexaghost","floor":16,"turns":7},{"damage":4,"enemies":"Shell Parasite","floor":18,"turns":3},{"damage":0,"enemies":"Chosen","floor":20,"turns":3},{"damage":39,"enemies":"Slavers","floor":23,"turns":7},{"damage":19,"enemies":"Snake Plant","floor":24,"turns":5},{"damage":0,"enemies":"Chosen and Byrds","floor":27,"turns":3},{"damage":3,"enemies":"Sentry and Sphere","floor":29,"turns":3},{"damage":0,"enemies":"3 Cultists","floor":31,"turns":3},{"damage":57,"enemies":"Automaton","floor":33,"turns":6}],"seed_played":"8374346632498557950","potions_obtained":[{"floor":1,"key":"FairyPotion"},{"floor":7,"key":"Poison Potion"},{"floor":14,"key":"PowerPotion"},{"floor":16,"key":"GamblersBrew"},{"floor":18,"key":"LiquidBronze"},{"floor":20,"key":"Block Potion"},{"floor":31,"key":"LiquidBronze"}],"is_trial":false,"path_per_floor":["M","?","?","M","M","R","M","?","T","R","M","$","R","M","R","B",null,"M","$","M","?","?","E","M","?","T","M","$","M","R","M","R","B"],"character_chosen":"THE_SILENT","items_purchased":[],"campfire_rested":1,"item_purchase_floors":[],"current_hp_per_floor":[51,51,51,51,51,51,45,45,45,45,45,45,45,43,43,34,54,50,50,50,50,50,11,10,10,10,10,10,7,7,7,25,0,0],"gold":64,"neow_bonus":"REMOVE_TWO","is_daily":false,"chose_seed":false,"campfire_upgraded":2,"win_rate":0.0,"timestamp":1611121560,"path_taken":["M","?","?","M","M","R","?","?","T","R","M","$","R","?","R","BOSS","M","$","M","?","?","E","M","?","T","M","$","M","R","M","R","BOSS"],"items_purchased_type":[],"build_version":"2020-12-22","purchased_purges":2,"victory":false,"max_hp_per_floor":[66,60,60,60,60,60,60,60,60,60,60,60,60,60,60,60,60,60,60,60,60,60,60,60,60,60,60,60,60,60,60,60,60,60],"card_choices":[{"not_picked":["Masterful Stab","Underhanded Strike"],"picked":"Blade Dance","floor":1},{"not_picked":["Deflect","Backflip"],"picked":"Acrobatics","floor":4},{"not_picked":["Outmaneuver","Dodge and Roll","Masterful Stab"],"picked":"SKIP","floor":5},{"not_picked":["Bane","Predator"],"picked":"Heel Hook","floor":7},{"not_picked":["Poisoned Stab","Sucker Punch"],"picked":"Tactician","floor":11},{"not_picked":["PiercingWail","Doppelganger"],"picked":"Finisher","floor":14},{"not_picked":["Storm of Steel","Envenom"],"picked":"After Image","floor":16},{"not_picked":["Leg Sweep","Cloak And Dagger"],"picked":"Accuracy","floor":18},{"not_picked":["Choke","Quick Slash","Endless Agony"],"picked":"SKIP","floor":20},{"not_picked":["Deadly Poison","Deflect"],"picked":"Heel Hook","floor":23},{"not_picked":["Dash","Caltrops"],"picked":"Acrobatics","floor":24},{"not_picked":["PiercingWail","Quick Slash","Dagger Throw"],"picked":"SKIP","floor":27},{"not_picked":["Dagger Throw","Dodge and Roll","Bouncing Flask"],"picked":"SKIP","floor":29},{"not_picked":["Slice","Backstab","Sucker Punch"],"picked":"SKIP","floor":31}],"player_experience":1162743,"relics_obtained":[{"floor":9,"key":"Girya"},{"floor":23,"key":"Incense Burner"},{"floor":23,"key":"Mercury Hourglass"},{"floor":26,"key":"Shuriken"}],"event_choices":[{"damage_healed":0,"gold_gain":0,"player_choice":"Lose Max HP","damage_taken":0,"relics_obtained":["Golden Idol"],"max_hp_gain":0,"max_hp_loss":6,"event_name":"Golden Idol","floor":2,"gold_loss":0},{"cards_removed":["Strike_G"],"damage_healed":0,"gold_gain":0,"player_choice":"Purged","damage_taken":0,"max_hp_gain":0,"max_hp_loss":0,"event_name":"Purifier","floor":3,"gold_loss":0},{"damage_healed":0,"gold_gain":0,"cards_transformed":["Strike_G"],"player_choice":"Transformed","damage_taken":0,"max_hp_gain":0,"max_hp_loss":0,"event_name":"Transmorgrifier","floor":8,"gold_loss":0,"cards_obtained":["Riddle With Holes"]},{"damage_healed":0,"gold_gain":50,"player_choice":"Stole From Cult","damage_taken":0,"max_hp_gain":0,"max_hp_loss":0,"event_name":"Nest","floor":21,"gold_loss":0},{"cards_removed":["Defend_G"],"damage_healed":0,"gold_gain":0,"player_choice":"Elegance","damage_taken":0,"max_hp_gain":0,"max_hp_loss":0,"event_name":"Back to Basics","floor":22,"gold_loss":0},{"damage_healed":0,"gold_gain":0,"player_choice":"Paid Fearfully","damage_taken":0,"max_hp_gain":0,"max_hp_loss":0,"event_name":"Masked Bandits","floor":25,"gold_loss":163}],"is_beta":false,"boss_relics":[{"not_picked":["Runic Pyramid","SacredBark"],"picked":"Black Star"}],"items_purged_floors":[12,19],"is_endless":false,"potions_floor_spawned":[1,7,14,16,18,20,31],"killed_by":"Automaton","ascension_level":19}}