{"host":"vyjryxuuuxkt43k4","time":1611133955,"event":{"mods":["AchievementEnabler","BaseMod","Colored Map","DeckTracker","Keyboard Shortcuts","Minty Spire (QoL Compilation)","Permanent Neow","Quick Restart","Rare Cards Sparkle","StSLib","SuperFastMode","everything is the same but u backflip on backflip"],"gold_per_floor":[112,12,32,32,32,32,60,71,71,36,36,36,51,63,63,142,142,156,156,166,176,1,1,36,36,36],"floor_reached":25,"language":"KOR","playtime":1584,"items_purged":["Strike_R"],"score":387,"play_id":"1d232829-1f52-4ac1-8433-c6368fe53b94","local_time":"20210120181235","is_ascension_mode":true,"campfire_choices":[{"data":"Armaments","floor":6.0,"key":"SMITH"},{"data":"Bloodletting","floor":11.0,"key":"SMITH"},{"data":"Feel No Pain","floor":15.0,"key":"SMITH"},{"floor":23,"key":"REST"}],"circlet_count":0,"master_deck":["AscendersBane","Defend_R","Defend_R","Defend_R","Defend_R","Bash","Feed","Bloodletting+1","Armaments+1","Headbutt","Disarm","Cleave","Impervious","Feel No Pain+1","Exhume","Fire Breathing+1","Fiend Fire+1","Intimidate","Evolve"],"relics":["Burning Blood","Red Skull","Bottled Lightning","Bottled Flame","Astrolabe","Membership Card","Letter Opener"],"acts_visited":["Exordium","TheCity"],"potions_floor_usage":[24,25,25],"damage_taken":[{"damage":1.0,"enemies":"Cultist","floor":1.0,"turns":3.0},{"damage":6.0,"enemies":"2 Louse","floor":3.0,"turns":3.0},{"damage":52.0,"enemies":"Lagavulin","floor":7.0,"turns":8.0},{"damage":5.0,"enemies":"Jaw Worm","floor":8.0,"turns":5.0},{"damage":3.0,"enemies":"Looter","floor":13.0,"turns":4.0},{"damage":11.0,"enemies":"Lots of Slimes","floor":14.0,"turns":2.0},{"damage":69.0,"enemies":"Slime Boss","floor":16.0,"turns":12.0},{"damage":35.0,"enemies":"Shell Parasite","floor":18.0,"turns":10.0},{"damage":17,"enemies":"2 Thieves","floor":20,"turns":4},{"damage":19,"enemies":"Snake Plant","floor":21,"turns":7},{"damage":46,"enemies":"Book of Stabbing","floor":24,"turns":6},{"damage":12,"enemies":"Shelled Parasite and Fungi","floor":25,"turns":3}],"seed_played":"-8078373802421899519","potions_obtained":[{"floor":7.0,"key":"BlessingOfTheForge"},{"floor":8.0,"key":"Regen Potion"},{"floor":21,"key":"LiquidBronze"},{"floor":24,"key":"Swift Potion"}],"is_trial":false,"path_per_floor":["M","$","M","$","?","R","E","M","T","?","R","T","M","M","R","B",null,"M","?","M","M","$","R","E","M"],"character_chosen":"IRONCLAD","items_purchased":["Armaments","Membership Card","Energy Potion"],"campfire_rested":1,"item_purchase_floors":[2,22,22],"current_hp_per_floor":[76,76,76,76,76,76,34,39,39,60,60,60,67,66,66,17,75,46,46,35,22,22,50,10,0,0],"gold":36,"neow_bonus":"ONE_RANDOM_RARE_CARD","is_daily":false,"chose_seed":false,"campfire_upgraded":3,"win_rate":0.0,"timestamp":1611133955,"path_taken":["M","?","M","$","?","R","E","M","T","?","R","?","M","?","R","BOSS","M","?","M","M","?","R","E","M"],"items_purchased_type":["Card","Relic","Potion"],"build_version":"2020-12-22","purchased_purges":1,"victory":false,"max_hp_per_floor":[78,78,78,78,78,78,82,86,86,86,86,86,90,94,94,94,94,94,94,94,94,94,94,94,94,94],"card_choices":[{"not_picked":["Warcry","Iron Wave"],"picked":"Bloodletting","floor":1.0},{"not_picked":["Iron Wave","Warcry"],"picked":"Headbutt","floor":3.0},{"not_picked":["Sword Boomerang","Perfected Strike"],"picked":"Disarm","floor":7.0},{"not_picked":["Disarm","Evolve"],"picked":"Cleave","floor":8.0},{"not_picked":["Ghostly Armor","Perfected Strike"],"picked":"Impervious","floor":13.0},{"not_picked":["Clothesline","Wild Strike"],"picked":"Feel No Pain","floor":14.0},{"not_picked":["Barricade","Bludgeon"],"picked":"Exhume","floor":16.0},{"not_picked":["Thunderclap+1","Headbutt"],"picked":"Intimidate","floor":18.0},{"not_picked":["Sever Soul","Perfected Strike+1","Cleave"],"picked":"SKIP","floor":20},{"not_picked":["Iron Wave","Warcry","Flex"],"picked":"SKIP","floor":21},{"not_picked":["Intimidate","Armaments"],"picked":"Evolve","floor":24}],"player_experience":153388,"relics_obtained":[{"floor":7.0,"key":"Red Skull"},{"floor":9.0,"key":"Bottled Lightning"},{"floor":12.0,"key":"Bottled Flame"},{"floor":24,"key":"Letter Opener"}],"event_choices":[{"cards_removed":["Strike_R"],"damage_healed":0.0,"max_hp_gain":0.0,"max_hp_loss":0.0,"gold_gain":0.0,"event_name":"Living Wall","player_choice":"Forget","floor":5.0,"gold_loss":0.0,"damage_taken":0.0},{"damage_healed":21.0,"max_hp_gain":0.0,"max_hp_loss":0.0,"gold_gain":0.0,"event_name":"The Cleric","player_choice":"Healed","floor":10.0,"gold_loss":35.0,"damage_taken":0.0},{"cards_removed":["Berserk"],"damage_healed":0.0,"max_hp_gain":0.0,"max_hp_loss":0.0,"gold_gain":0.0,"event_name":"Purifier","player_choice":"Purged","floor":19.0,"gold_loss":0.0,"damage_taken":0.0}],"is_beta":false,"boss_relics":[{"not_picked":["Runic Pyramid","Runic Dome"],"picked":"Astrolabe"}],"items_purged_floors":[2],"is_endless":false,"potions_floor_spawned":[7,8,21,24],"killed_by":"Shelled Parasite and Fungi","ascension_level":15}}