{"host":"s35zr3gblm7slh1q","time":1611101087,"event":{"mods":["BaseMod","Colored Powertips","Downfall","Hermit","Highlight Path","Marisa????????","Minty Spire (QoL Compilation)","Permanent Neow","StSLib","The Disciple"],"gold_per_floor":[99,113,263,263,277,277,303,303,303,315,325,225,5,23,33,129,129,129,149,164,2,2,2,2,24,51,51,51,51,74,110,110,110,110],"floor_reached":32,"language":"ENG","playtime":1680,"items_purged":[],"score":277,"play_id":"c45a365f-1022-4894-9555-d08813af5368","local_time":"20210119190447","is_ascension_mode":false,"campfire_choices":[{"data":"hexamod:SearingWound","floor":1,"key":"SMITH"},{"data":"hexamod:Float","floor":6,"key":"SMITH"},{"floor":8,"key":"RECALL"},{"data":"hexamod:Toasty","floor":12,"key":"SMITH"},{"data":"hexamod:GhostflameInferno","floor":18,"key":"SMITH"},{"floor":27,"key":"REST"}],"circlet_count":0,"master_deck":["hexamod:Strike","hexamod:Strike","hexamod:Strike","hexamod:Strike","hexamod:Defend+1","hexamod:Defend","hexamod:Defend","hexamod:Defend","hexamod:Sear","hexamod:Float+1","hexamod:SearingWound+1","hexamod:RadiantFlame","hexamod:ThirdSeal","hexamod:AdvancingGuard","hexamod:HeatMetal","hexamod:Toasty+1","hexamod:FourthSeal","hexamod:Hexaguard+1","hexamod:FlamesFromBeyond+1","hexamod:HeatCrush","hexamod:ShieldOfDarkness","hexamod:FirstSeal","hexamod:HeatMetal","hexamod:SixthSeal","hexamod:GhostflameInferno+1","CurseOfTheBell","hexamod:FlamesFromBeyond","hexamod:Firestarter","hexamod:SecondSeal","hexamod:ShieldOfDarkness","hexamod:AdvancingGuard+1","hexamod:SearingWound","hexamod:EmpoweredFlame","hexamod:FlamesFromBeyond","hexamod:FirstSeal","hexamod:TimeOfNeed","hexamod:SixthSeal","hexamod:ThermalTransfer"],"relics":["hexamod:SpiritBrand","Akabeko","downfall:HeartBlessingRed","Strange Spoon","Calling Bell","Oddly Smooth Stone","Pantograph","CaptainsWheel","Gambling Chip","Anchor"],"acts_visited":["Exordium","TheCity"],"potions_floor_usage":[2,14,20,31],"damage_taken":[{"damage":0,"enemies":"Small Slimes","floor":2,"turns":3},{"damage":0,"enemies":"2 Louse","floor":5,"turns":2},{"damage":0,"enemies":"Cultist","floor":10,"turns":3},{"damage":6,"enemies":"Exordium Wildlife","floor":11,"turns":5},{"damage":5,"enemies":"downfall:FleeingMerchant","floor":13,"turns":4},{"damage":12,"enemies":"Blue Slaver","floor":14,"turns":3},{"damage":0,"enemies":"Exordium Thugs","floor":15,"turns":3},{"damage":5,"enemies":"SI_SHIV_ARCHETYPE","floor":16,"turns":6},{"damage":0,"enemies":"Chosen","floor":19,"turns":3},{"damage":10,"enemies":"Shell Parasite","floor":20,"turns":4},{"damage":0,"enemies":"downfall:FleeingMerchant","floor":21,"turns":4},{"damage":6,"enemies":"Centurion and Healer","floor":25,"turns":7},{"damage":30,"enemies":"Shelled Parasite and Fungi","floor":26,"turns":7},{"damage":7,"enemies":"3 Cultists","floor":30,"turns":4},{"damage":82,"enemies":"Gremlin Leader","floor":31,"turns":9},{"damage":44,"enemies":"Chosen and Byrds","floor":32,"turns":8}],"seed_played":"7565265668642844346","potions_obtained":[{"floor":2,"key":"Fruit Juice"},{"floor":11,"key":"Dexterity Potion"},{"floor":14,"key":"Fruit Juice"},{"floor":14,"key":"LiquidMemories"},{"floor":15,"key":"Strength Potion"},{"floor":16,"key":"FairyPotion"},{"floor":31,"key":"bronze:BurnAndBuffPotion"}],"is_trial":false,"path_per_floor":["R","M","?","?","M","R","T","R","?","M","M","R","$","M","M","B",null,"R","M","M","$","?","?","T","M","M","R","?","?","M","E","M"],"character_chosen":"THE_SPIRIT","items_purchased":["hexamod:FlamesFromBeyond","Strange Spoon","hexamod:ShieldOfDarkness","CultistPotion"],"campfire_rested":1,"item_purchase_floors":[13,13,21,21],"current_hp_per_floor":[70,75,75,75,75,75,75,75,75,75,69,69,64,57,57,59,80,80,80,70,77,77,80,80,80,57,80,80,80,80,38,0,0,0],"gold":110,"neow_bonus":"ONE_RANDOM_RARE_CARD","is_daily":false,"chose_seed":false,"campfire_upgraded":4,"win_rate":0.0,"timestamp":1611101087,"path_taken":["R","M","?","?","M","R","T","R","?","M","M","R","$","M","M","BOSS","R","M","M","$","?","?","T","?","M","R","?","?","M","E","M"],"items_purchased_type":["Card","Relic","Card","Potion"],"build_version":"2020-12-22","purchased_purges":0,"victory":false,"max_hp_per_floor":[70,75,75,75,75,75,75,75,75,75,75,75,75,80,80,80,80,80,80,80,80,80,80,80,80,80,80,80,80,80,80,80,80,80],"card_choices":[{"not_picked":["hexamod:DynamicBlow","hexamod:HauntingEcho"],"picked":"hexamod:RadiantFlame","floor":2},{"not_picked":["hexamod:Haunt","hexamod:HauntingEcho"],"picked":"hexamod:SpectersWail","floor":5},{"not_picked":["hexamod:PhantomCloak","hexamod:SpectersWail"],"picked":"hexamod:AdvancingGuard","floor":10},{"not_picked":["hexamod:BacktrackSmack","hexamod:ShieldOfDarkness"],"picked":"hexamod:HeatMetal","floor":10},{"not_picked":["hexamod:Haunt","hexamod:HeatMetal"],"picked":"hexamod:Toasty","floor":11},{"not_picked":["hexamod:ForkedFlame","hexamod:HexaLevel"],"picked":"hexamod:FourthSeal","floor":13},{"not_picked":["hexamod:AdvancingGuard","hexamod:Again"],"picked":"hexamod:Hexaguard","floor":13},{"not_picked":["hexamod:InspiringFlames","hexamod:FlamesFromBeyond"],"picked":"hexamod:HeatCrush","floor":14},{"not_picked":["hexamod:SuperheatedStrike","hexamod:AdvancingGuard"],"picked":"hexamod:ShieldOfDarkness","floor":14},{"not_picked":["hexamod:GhostOfSpirePast","hexamod:BurningTouch"],"picked":"hexamod:FirstSeal","floor":15},{"not_picked":["hexamod:PowerFromBeyond","hexamod:ShieldOfDarkness"],"picked":"hexamod:HeatMetal","floor":15},{"not_picked":["hexamod:TimeWarp","hexamod:VolcanoVisage"],"picked":"hexamod:SixthSeal","floor":16},{"not_picked":["hexamod:UnleashSpirits","hexamod:ParanormalForm"],"picked":"hexamod:GhostflameInferno","floor":16},{"not_picked":["hexamod:SpectralAdrenaline+1","hexamod:NightmareGuise"],"picked":"hexamod:FlamesFromBeyond","floor":19},{"not_picked":["hexamod:EmpoweredFlame+1","hexamod:InspiringFlames"],"picked":"hexamod:Firestarter","floor":20},{"not_picked":["hexamod:SkipABeat+1","hexamod:Haunt"],"picked":"hexamod:ThirdSeal","floor":21},{"not_picked":["hexamod:Firestarter","hexamod:ThermalTransfer"],"picked":"hexamod:SecondSeal","floor":21},{"not_picked":["hexamod:SkipABeat+1","hexamod:InspiringFlames"],"picked":"hexamod:AdvancingGuard+1","floor":25},{"not_picked":["hexamod:SecondSeal","hexamod:HeatMetal+1"],"picked":"hexamod:SearingWound","floor":25},{"not_picked":["hexamod:Again","hexamod:SuperheatedStrike"],"picked":"hexamod:EmpoweredFlame","floor":26},{"not_picked":["hexamod:EmpoweredFlame","hexamod:RadiantFlame+1"],"picked":"hexamod:FlamesFromBeyond","floor":26},{"not_picked":["hexamod:ThermalTransfer","hexamod:NightmareStrike+1"],"picked":"hexamod:FirstSeal","floor":30},{"not_picked":["hexamod:HauntingEcho","hexamod:AdvancingGuard"],"picked":"hexamod:TimeOfNeed","floor":30},{"not_picked":["hexamod:HeatMetal","hexamod:TimeWarp"],"picked":"hexamod:SixthSeal","floor":31},{"not_picked":["hexamod:RadiantFlame","hexamod:BacktrackSmack"],"picked":"hexamod:ThermalTransfer","floor":31}],"player_experience":370257,"relics_obtained":[{"floor":7,"key":"Akabeko"},{"floor":17,"key":"Oddly Smooth Stone"},{"floor":17,"key":"Pantograph"},{"floor":17,"key":"CaptainsWheel"},{"floor":24,"key":"Gambling Chip"},{"floor":31,"key":"Anchor"}],"event_choices":[{"cards_removed":["downfall:Icky"],"damage_healed":0,"gold_gain":0,"player_choice":"Card Removal","damage_taken":0,"max_hp_gain":0,"max_hp_loss":0,"event_name":"The Cleric","floor":4,"gold_loss":0},{"cards_removed":["hexamod:ThirdSeal"],"damage_healed":3,"gold_gain":0,"player_choice":"Offered Uncommon","damage_taken":0,"max_hp_gain":0,"max_hp_loss":0,"event_name":"Bonfire Elementals","floor":23,"gold_loss":0},{"damage_healed":0,"gold_gain":0,"player_choice":"Ignored","damage_taken":0,"max_hp_gain":0,"max_hp_loss":0,"event_name":"Vampires","floor":28,"gold_loss":0},{"damage_healed":0,"gold_gain":0,"player_choice":"Ignored","damage_taken":0,"max_hp_gain":0,"max_hp_loss":0,"event_name":"NoteForYourself","floor":29,"gold_loss":0}],"is_beta":false,"boss_relics":[{"not_picked":["Runic Dome","Pandora\u0027s Box"],"picked":"Calling Bell"}],"items_purged_floors":[],"is_endless":false,"potions_floor_spawned":[2,11,14,16,25,26,31],"killed_by":"Chosen and Byrds","ascension_level":0}}