{"host":"q1dfbtk1mb5myi3r","time":1611128723,"event":{"mods":["BaseMod","BetterRewards","Minty Spire (QoL Compilation)","Replay The Spire","StSLib","The Animator"],"gold_per_floor":[112,112,41,67,67,67,82,94,94],"floor_reached":8,"language":"ENG","playtime":524,"items_purged":[],"score":46,"play_id":"43d97ad2-3391-433f-b7e8-41a25fd98eae","local_time":"20210120024523","is_ascension_mode":false,"campfire_choices":[{"data":"animator:Aqua","floor":6,"key":"SMITH"}],"circlet_count":0,"master_deck":["animator:Strike_Konosuba","animator:Defend_Konosuba","animator:Strike","animator:Strike","animator:Strike","animator:Defend","animator:Defend","animator:Defend","animator:Kazuma+1","animator:Aqua+1","animator:Chris"],"relics":["animator:LivingPicture","animator:TheMissingPiece"],"acts_visited":["Exordium"],"potions_floor_usage":[7],"damage_taken":[{"damage":3,"enemies":"2 Louse","floor":1,"turns":5},{"damage":6,"enemies":"Cultist","floor":4,"turns":5},{"damage":0,"enemies":"Small Slimes","floor":7,"turns":5},{"damage":29,"enemies":"Gremlin Nob","floor":8,"turns":5}],"seed_played":"5970989900074995348","potions_obtained":[{"floor":4,"key":"ColorlessPotion"}],"is_trial":false,"path_per_floor":["M","?","$","M","?","R","M","E"],"character_chosen":"THE_ANIMATOR","items_purchased":["animator:Chris"],"campfire_rested":0,"item_purchase_floors":[3],"current_hp_per_floor":[65,65,65,60,76,76,76,50,50],"gold":94,"neow_bonus":"RANDOM_EVENT","is_daily":false,"chose_seed":false,"campfire_upgraded":1,"win_rate":0.0,"timestamp":1611128723,"path_taken":["M","?","?","M","?","R","M","E"],"items_purchased_type":["Card"],"build_version":"2020-12-22","purchased_purges":0,"victory":false,"max_hp_per_floor":[66,66,66,66,76,76,76,76,76],"card_choices":[{"not_picked":["animator:Tatsumaki","animator:Souei","animator:ElricAlphonse"],"picked":"SKIP","floor":1},{"not_picked":["animator:Sebas","animator:LizardPriest","animator:Sloth"],"picked":"SKIP","floor":4},{"not_picked":["animator:Hakurou","animator:Shizu","animator:ChaikaBohdan"],"picked":"SKIP","floor":7}],"player_experience":120808,"relics_obtained":[],"event_choices":[{"damage_healed":0,"gold_gain":0,"player_choice":"Grow","damage_taken":0,"max_hp_gain":0,"max_hp_loss":0,"event_name":"Living Wall","floor":0,"gold_loss":0,"cards_upgraded":["animator:Kazuma"]},{"damage_healed":0,"gold_gain":0,"player_choice":"1 cards matched","damage_taken":0,"max_hp_gain":0,"max_hp_loss":0,"event_name":"Match and Keep!","floor":2,"gold_loss":0,"cards_obtained":["animator:Wiz"]},{"cards_removed":["animator:Wiz"],"damage_healed":6,"gold_gain":0,"player_choice":"Offered Rare","damage_taken":0,"max_hp_gain":10,"max_hp_loss":0,"event_name":"Bonfire Elementals","floor":5,"gold_loss":0}],"is_beta":false,"boss_relics":[],"items_purged_floors":[],"is_endless":false,"potions_floor_spawned":[4],"killed_by":"Gremlin Nob","ascension_level":0}}