{"host":"ln76an1o32p2wxtf","time":1611157344,"event":{"mods":["AchievementEnabler","Act Like it!","BaseMod","BetterRewards","Colored Powertips","Energized Spire","GifTheSpireLib","Infinite Spire","Minty Spire (QoL Compilation)","Shop Mod","StSLib","Yuri Mod"],"gold_per_floor":[111,111,36,47,62,95,111,121,145,145,168,193,223,123,123,223,223,243,243,78,97,115,145,156,156,180,30,43,43,77,90,90,90,90],"floor_reached":33,"language":"ENG","playtime":1635,"items_purged":["yuri:yuriStrike","yuri:yuriStrike","yuri:yuriStrike","yuri:yuriStrike"],"score":347,"play_id":"f0cae141-62cd-4052-b96b-193d0eb6d843","local_time":"20210120234224","is_ascension_mode":false,"campfire_choices":[{"data":"yuri:TeaSet","floor":10.0,"key":"SMITH"},{"floor":15.0,"key":"REST"},{"floor":25,"key":"REST"},{"data":"yuri:DistillInsanity","floor":29,"key":"SMITH"},{"floor":32,"key":"RECALL"}],"circlet_count":0,"master_deck":["yuri:yuriDefend","yuri:yuriDefend","yuri:yuriDefend","yuri:Oolong","yuri:yuriStab","yuri:UnstableStrike","yuri:GlitchedStrike","yuri:TeaSet+1","yuri:DistillInsanity+1","yuri:WickedSlash","yuri:NoEscape","yuri:BookRed","yuri:NoEscape","yuri:UnstableStrike+1","yuri:GreenTea"],"relics":["yuri:yuriKnife","NeowsBlessing","Sundial","Orichalcum","Bronze Scales","Potion Belt","Empty Cage","Bag of Marbles","Anchor"],"acts_visited":["Exordium","TheCity"],"potions_floor_usage":[24,24,33,33],"damage_taken":[{"damage":0.0,"enemies":"Small Slimes","floor":1.0,"turns":1.0},{"damage":0.0,"enemies":"Cultist","floor":4.0,"turns":1.0},{"damage":0.0,"enemies":"Jaw Worm","floor":5.0,"turns":1.0},{"damage":14.0,"enemies":"Gremlin Nob","floor":6.0,"turns":3.0},{"damage":8.0,"enemies":"Gremlin Gang","floor":7.0,"turns":4.0},{"damage":11.0,"enemies":"Exordium Thugs","floor":8.0,"turns":4.0},{"damage":25.0,"enemies":"3 Sentries","floor":12.0,"turns":10.0},{"damage":17,"enemies":"Hexaghost","floor":16,"turns":9},{"damage":15,"enemies":"2 Thieves","floor":18,"turns":3},{"damage":5,"enemies":"Shell Parasite","floor":21,"turns":5},{"damage":23,"enemies":"Shelled Parasite and Fungi","floor":22,"turns":4},{"damage":32,"enemies":"Slavers","floor":23,"turns":5},{"damage":15,"enemies":"Snecko","floor":24,"turns":5},{"damage":9,"enemies":"Chosen and Byrds","floor":28,"turns":3},{"damage":9,"enemies":"Book of Stabbing","floor":30,"turns":4},{"damage":8,"enemies":"3 Cultists","floor":31,"turns":3},{"damage":53,"enemies":"Collector","floor":33,"turns":7}],"seed_played":"-295310759261757484","potions_obtained":[{"floor":4.0,"key":"Fire Potion"},{"floor":6.0,"key":"Block Potion"},{"floor":7.0,"key":"FearPotion"},{"floor":16,"key":"SkillPotion"},{"floor":18,"key":"Ancient Potion"},{"floor":22,"key":"DistilledChaos"}],"is_trial":false,"path_per_floor":["M","?","$","M","M","E","M","M","T","R","T","E","?","$","R","B",null,"M","?","$","M","M","E","M","R","T","$","M","R","E","M","R","B"],"character_chosen":"YURI","items_purchased":["yuri:BookRed"],"campfire_rested":2,"item_purchase_floors":[20],"current_hp_per_floor":[80,80,80,80,80,66,62,55,55,55,55,34,34,34,58,45,80,69,69,69,71,55,30,19,43,43,43,41,41,36,40,40,0,0],"gold":90,"neow_bonus":"THREE_ENEMY_KILL","is_daily":false,"chose_seed":false,"campfire_upgraded":2,"win_rate":0.0,"timestamp":1611157344,"path_taken":["M","?","?","?","M","E","M","?","T","R","?","E","?","$","R","BOSS","M","?","$","M","M","E","M","R","T","$","M","R","E","M","R","BOSS"],"items_purchased_type":["Card"],"build_version":"2020-12-22","purchased_purges":4,"victory":false,"max_hp_per_floor":[80,80,80,80,80,80,80,80,80,80,80,80,80,80,80,80,80,80,80,80,80,80,80,80,80,80,80,80,80,80,80,80,80,80],"card_choices":[{"not_picked":["yuri:Skip","yuri:yuriQuickStrike"],"picked":"yuri:UnstableStrike","floor":1.0},{"not_picked":["yuri:BookBlue","yuri:Stalk"],"picked":"yuri:GlitchedStrike","floor":4.0},{"not_picked":["yuri:Spin","yuri:yuriQuickStrike"],"picked":"yuri:TeaSet","floor":5.0},{"not_picked":["yuri:HeavierStrike","yuri:yuriHeavyStrike","yuri:GlitchedStrike"],"picked":"SKIP","floor":6.0},{"not_picked":["yuri:TPose","yuri:UntestedCode","yuri:DejaVu"],"picked":"SKIP","floor":7.0},{"not_picked":["yuri:TeaSet","yuri:ReactiveMadness"],"picked":"yuri:DistillInsanity","floor":8.0},{"not_picked":["yuri:ReactiveMadness","yuri:DejaVu"],"picked":"yuri:WickedSlash","floor":12.0},{"not_picked":["yuri:MagneticKnives","yuri:ExploitStrike"],"picked":"yuri:NoEscape","floor":16},{"not_picked":["yuri:Stare","yuri:SelfHarm","yuri:HeavierStrike"],"picked":"SKIP","floor":18},{"not_picked":["yuri:Spin","yuri:Skip","yuri:MPose+1"],"picked":"SKIP","floor":21},{"not_picked":["yuri:CorruptHitbox","yuri:ThornRemove","yuri:ReactiveMadness"],"picked":"SKIP","floor":22},{"not_picked":["yuri:HeavierStrike","yuri:SeeingDouble"],"picked":"yuri:NoEscape","floor":23},{"not_picked":["yuri:SelfHarm","yuri:yuriQuickStrike","yuri:Stalk"],"picked":"SKIP","floor":24},{"not_picked":["yuri:CalmingAura","yuri:SeeingDouble"],"picked":"yuri:UnstableStrike+1","floor":28},{"not_picked":["yuri:Skip","yuri:HeavierStrike+1"],"picked":"yuri:GreenTea","floor":30},{"not_picked":["yuri:DejaVu","yuri:yuriHeavyStrike","yuri:TPose"],"picked":"SKIP","floor":31}],"player_experience":751420,"relics_obtained":[{"floor":6.0,"key":"Sundial"},{"floor":9.0,"key":"Orichalcum"},{"floor":11.0,"key":"Bronze Scales"},{"floor":12.0,"key":"Potion Belt"},{"floor":23,"key":"Bag of Marbles"},{"floor":30,"key":"Anchor"}],"event_choices":[{"damage_healed":0.0,"max_hp_gain":0.0,"max_hp_loss":0.0,"gold_gain":0.0,"event_name":"NoteForYourself","player_choice":"Ignored","floor":2.0,"gold_loss":0.0,"damage_taken":0.0},{"damage_healed":0.0,"max_hp_gain":0.0,"max_hp_loss":0.0,"gold_gain":30.0,"event_name":"Dead Adventurer","player_choice":"Searched \u00271\u0027 times","floor":13.0,"gold_loss":0.0,"damage_taken":0.0},{"cards_removed":["yuri:yuriDefend"],"damage_healed":0,"gold_gain":0,"player_choice":"Purged","damage_taken":0,"max_hp_gain":0,"max_hp_loss":0,"event_name":"Purifier","floor":19,"gold_loss":0}],"is_beta":false,"boss_relics":[{"not_picked":["Tiny House","Cursed Key"],"picked":"Empty Cage"}],"items_purged_floors":[3,14,20,27],"is_endless":false,"potions_floor_spawned":[4,6,7,16,18,22],"killed_by":"Collector","ascension_level":0}}