{"host":"q5bbnu3mfyli8rtg","time":1611127698,"event":{"mods":["BaseMod","Colored Map","Downfall","Marisa£®ÏF”Í°°ƒß¿Ì…≥£©","Minty Spire (QoL Compilation)","Shop Mod","StSLib","SuperFastMode"],"gold_per_floor":[360,372,372,372,372,372,402,150,226,261,261,71,146,165,165,262,312,328,42,141,141,141,141,141],"floor_reached":23,"language":"ZHS","playtime":822,"items_purged":["Regret"],"score":183,"play_id":"fe057a7d-1254-4324-9d2b-cf32bcc8f776","local_time":"20210120152818","is_ascension_mode":false,"campfire_choices":[{"data":"Doppelganger","floor":6,"key":"SMITH"},{"data":"Acrobatics","floor":11,"key":"SMITH"},{"floor":15,"key":"REST"}],"circlet_count":0,"master_deck":["Strike_G","Strike_G","Strike_G","Strike_G","Defend_G","Defend_G","Defend_G","Defend_G","Survivor","Neutralize","Dagger Spray","Slice","Doppelganger+1","Flying Knee","Acrobatics+1","Apotheosis","Quick Slash","Bullet Time+1","Cloak And Dagger","Sucker Punch+1"],"relics":["Ring of the Snake","Centennial Puzzle","Oddly Smooth Stone","InkBottle","Potion Belt","Blue Candle","Regal Pillow","Tiny House","Turnip"],"acts_visited":["Exordium","TheCity"],"potions_floor_usage":[10],"damage_taken":[{"damage":1,"enemies":"Cultist","floor":1,"turns":4},{"damage":1,"enemies":"2 Louse","floor":2,"turns":3},{"damage":12,"enemies":"3 Sentries","floor":10,"turns":8},{"damage":0,"enemies":"Small Slimes","floor":14,"turns":3},{"damage":25,"enemies":"Slime Boss","floor":16,"turns":10},{"damage":1,"enemies":"Chosen","floor":18,"turns":4},{"damage":68,"enemies":"Gremlin Leader","floor":23,"turns":4}],"seed_played":"-4976137381187183857","potions_obtained":[{"floor":1,"key":"SteroidPotion"},{"floor":2,"key":"ColorlessPotion"},{"floor":16,"key":"LiquidMemories"},{"floor":17,"key":"Strength Potion"},{"floor":18,"key":"Dexterity Potion"}],"is_trial":false,"path_per_floor":["M","M","?","?","?","R","?","$","T","E","R","$","?","M","R","B",null,"M","$","?","?","?","E"],"character_chosen":"THE_SILENT","items_purchased":["Flying Knee","Potion Belt","Apotheosis","Turnip"],"campfire_rested":1,"item_purchase_floors":[8,8,12,19],"current_hp_per_floor":[62,61,61,58,58,58,58,58,58,46,46,46,35,35,63,38,68,67,67,67,67,67,0,0],"gold":141,"neow_bonus":"TWO_FIFTY_GOLD","is_daily":false,"chose_seed":false,"campfire_upgraded":2,"win_rate":0.0,"timestamp":1611127698,"path_taken":["M","M","?","?","?","R","?","$","T","E","R","?","?","M","R","BOSS","M","$","?","?","?","E"],"items_purchased_type":["Card","Relic","Card","Relic"],"build_version":"2020-12-22","purchased_purges":1,"victory":false,"max_hp_per_floor":[63,63,63,63,63,63,63,63,63,63,63,63,63,63,63,63,68,68,68,68,68,68,68,68],"card_choices":[{"not_picked":["Leg Sweep","Blur"],"picked":"Dagger Spray","floor":1},{"not_picked":["Expertise","Flying Knee"],"picked":"Slice","floor":2},{"not_picked":["Flying Knee","Acrobatics","Concentrate"],"picked":"SKIP","floor":10},{"not_picked":["Flying Knee","Concentrate"],"picked":"Acrobatics","floor":10},{"not_picked":["Noxious Fumes","Acrobatics"],"picked":"Quick Slash","floor":14},{"not_picked":["Wraith Form v2","Corpse Explosion"],"picked":"Bullet Time","floor":16},{"not_picked":["PiercingWail","Expertise"],"picked":"Cloak And Dagger","floor":17},{"not_picked":["Backflip","Dagger Throw"],"picked":"Sucker Punch+1","floor":18}],"player_experience":133547,"relics_obtained":[{"floor":9,"key":"Blue Candle"},{"floor":10,"key":"Regal Pillow"}],"event_choices":[{"damage_healed":0,"gold_gain":0,"cards_transformed":["Defend_G"],"player_choice":"Change","damage_taken":0,"max_hp_gain":0,"max_hp_loss":0,"event_name":"Living Wall","floor":3,"gold_loss":0,"cards_obtained":["Doppelganger"]},{"damage_healed":0,"gold_gain":0,"player_choice":"Success","damage_taken":3,"relics_obtained":["Centennial Puzzle"],"max_hp_gain":0,"max_hp_loss":0,"event_name":"Scrap Ooze","floor":4,"gold_loss":0},{"damage_healed":0,"gold_gain":0,"player_choice":"Box","damage_taken":0,"relics_obtained":["Oddly Smooth Stone"],"max_hp_gain":0,"max_hp_loss":0,"event_name":"Big Fish","floor":5,"gold_loss":0,"cards_obtained":["Regret"]},{"damage_healed":0,"gold_gain":30,"player_choice":"Searched \u00273\u0027 times","damage_taken":0,"relics_obtained":["InkBottle"],"max_hp_gain":0,"max_hp_loss":0,"event_name":"Dead Adventurer","floor":7,"gold_loss":0},{"damage_healed":0,"gold_gain":75,"player_choice":"Gather Gold","damage_taken":11,"max_hp_gain":0,"max_hp_loss":0,"event_name":"World of Goop","floor":13,"gold_loss":0},{"damage_healed":0,"gold_gain":99,"player_choice":"Stole From Cult","damage_taken":0,"max_hp_gain":0,"max_hp_loss":0,"event_name":"Nest","floor":20,"gold_loss":0},{"cards_removed":["Strike_G"],"damage_healed":0,"gold_gain":0,"player_choice":"Offered Basic","damage_taken":0,"max_hp_gain":0,"max_hp_loss":0,"event_name":"Bonfire Elementals","floor":22,"gold_loss":0}],"is_beta":false,"boss_relics":[{"not_picked":["Pandora\u0027s Box","HoveringKite"],"picked":"Tiny House"}],"items_purged_floors":[8],"is_endless":false,"potions_floor_spawned":[1,2,16,18],"killed_by":"Gremlin Leader","ascension_level":0}}