{"host":"vhkb6vx6yafo1fpa","time":1611126081,"event":{"mods":["BaseMod","Colored Map","Custom Start","Minty Spire (QoL Compilation)","Quick Restart","Replay The Spire","StSLib","SuperFastMode"],"gold_per_floor":[111,122,315,85,101,134,161,180,206,206,206,220,237,247,247,351,351,369,319,338,351,351,351,369,383,383,401,413,350,361,361,361,373,373,373,373],"floor_reached":35,"language":"KOR","playtime":1260,"items_purged":["Strike_R","Defend_R","Strike_R"],"score":292,"play_id":"9afbd743-44fb-4470-98d7-78c2eea21ae8","local_time":"20210120160121","is_ascension_mode":false,"campfire_choices":[{"data":"True Grit","floor":11,"key":"SMITH"},{"data":"Battle Trance","floor":15,"key":"SMITH"},{"data":"Sentinel","floor":23,"key":"SMITH"},{"floor":34,"key":"RECALL"}],"circlet_count":0,"master_deck":["Strike_R","Strike_R","Defend_R","Defend_R","Defend_R","Bash","Pommel Strike","Ghostly Armor","True Grit+1","Battle Trance+1","Cleave","Defy Death","Sentinel+1","Offering","Sword Boomerang+1","Defy Death","Metallicize","Twin Strike+1","Inflame+1","Corruption","Heavy Blade+1","ReplayTheSpireMod:Strike From Hell","Hemokinesis"],"relics":["Burning Blood","Membership Card","Red Skull","Replay:Mystery Machine","Centennial Puzzle","Replay:Accelerometer","Honey Jar","HornCleat"],"acts_visited":["Exordium","TheCity"],"potions_floor_usage":[35],"damage_taken":[{"damage":4.0,"enemies":"2 Louse","floor":1.0,"turns":3.0},{"damage":2.0,"enemies":"Small Slimes","floor":2.0,"turns":4.0},{"damage":0,"enemies":"Cultist","floor":5,"turns":2},{"damage":43,"enemies":"Lagavulin","floor":6,"turns":8},{"damage":0,"enemies":"Blue Slaver","floor":8,"turns":3},{"damage":0,"enemies":"Gremlin Gang","floor":12,"turns":3},{"damage":3,"enemies":"2 Fungi Beasts","floor":13,"turns":3},{"damage":3,"enemies":"Red Slaver","floor":14,"turns":2},{"damage":17,"enemies":"Hexaghost","floor":16,"turns":11},{"damage":6,"enemies":"Chosen","floor":18,"turns":4},{"damage":7,"enemies":"Spheric Guardian","floor":20,"turns":3},{"damage":15,"enemies":"Snake Plant","floor":21,"turns":7},{"damage":27,"enemies":"Cultist and Chosen","floor":24,"turns":6},{"damage":0,"enemies":"Centurion and Healer","floor":25,"turns":1},{"damage":0,"enemies":"Chosen and Byrds","floor":27,"turns":1},{"damage":0,"enemies":"Snecko","floor":28,"turns":1},{"damage":0,"enemies":"Centurion and Healer","floor":30,"turns":1},{"damage":0,"enemies":"Snake Plant","floor":33,"turns":1},{"damage":90,"enemies":"Pondfish","floor":35,"turns":9}],"seed_played":"8513447831462635827","potions_obtained":[{"floor":5,"key":"Weak Potion"},{"floor":8,"key":"FearPotion"},{"floor":12,"key":"ColorlessPotion"},{"floor":14,"key":"GamblersBrew"},{"floor":18,"key":"HeartOfIron"},{"floor":20,"key":"DuplicationPotion"},{"floor":22,"key":"Death Potion"},{"floor":22,"key":"Death Potion"},{"floor":22,"key":"PowerPotion"},{"floor":25,"key":"FearPotion"},{"floor":33,"key":"BlessingOfTheForge"}],"is_trial":false,"path_per_floor":["M","M","?","$","M","E","T","M","T","?","R","M","M","M","R","B",null,"M","$","M","M","?","R","M","M","T","M","M","$","M","PTL","PTL","M","R","B"],"character_chosen":"IRONCLAD","items_purchased":["Membership Card","Battle Trance"],"campfire_rested":0,"item_purchase_floors":[4,4],"current_hp_per_floor":[80,80,60,60,66,29,29,35,35,10,10,16,19,22,22,11,80,80,80,79,70,70,70,49,55,55,61,67,67,73,73,73,79,79,0,0],"gold":373,"neow_bonus":"RANDOM_EVENT","is_daily":false,"chose_seed":false,"campfire_upgraded":3,"win_rate":0.0,"timestamp":1611126081,"path_taken":["M","M","?","?","M","E","?","?","T","?","R","M","M","M","R","BOSS","M","$","M","M","?","R","M","M","T","M","M","$","?","PTL","PTL","M","R","BOSS"],"items_purchased_type":["Relic","Card"],"build_version":"2020-12-22","purchased_purges":3,"victory":false,"max_hp_per_floor":[80,80,80,80,80,80,80,80,80,80,80,80,80,80,80,80,80,80,80,80,80,80,80,80,80,80,80,80,80,80,80,80,80,80,80,80],"card_choices":[{"not_picked":["Clothesline","Second Wind"],"picked":"Pommel Strike","floor":1.0},{"not_picked":["Twin Strike","ReplayReversal"],"picked":"Ghostly Armor","floor":2.0},{"not_picked":["Twin Strike","Warcry"],"picked":"True Grit","floor":3.0},{"not_picked":["Replay:Undeath\u0027s Touch","Metallicize"],"picked":"Cleave","floor":5},{"not_picked":["True Grit","Cleave","Anger"],"picked":"SKIP","floor":6},{"not_picked":["Clash","Havoc"],"picked":"Defy Death","floor":8},{"not_picked":["Perfected Strike","Anger"],"picked":"Sentinel","floor":12},{"not_picked":["Life Link","Blood for Blood","Wild Strike"],"picked":"SKIP","floor":13},{"not_picked":["Clothesline","Thunderclap","Immolate"],"picked":"SKIP","floor":14},{"not_picked":["Reaper","Immolate"],"picked":"Offering","floor":16},{"not_picked":["Massacre+1","Replay:Undeath\u0027s Touch","Headbutt"],"picked":"Sword Boomerang+1","floor":18},{"not_picked":["Shockwave","Heavy Blade+1","Havoc"],"picked":"Defy Death","floor":20},{"not_picked":["True Grit","Rampage","Spot Weakness"],"picked":"Metallicize","floor":21},{"not_picked":["Thunderclap","Anger","Clash"],"picked":"Twin Strike+1","floor":24},{"not_picked":["Havoc","Headbutt","Massacre+1"],"picked":"Inflame+1","floor":25},{"not_picked":["Armaments","Clash","Warcry"],"picked":"Corruption","floor":27},{"not_picked":["Pommel Strike","Headbutt+1","Havoc"],"picked":"Heavy Blade+1","floor":28},{"not_picked":["Entrench","Infernal Blade","Whirlwind+1"],"picked":"ReplayTheSpireMod:Strike From Hell","floor":30},{"not_picked":["Inflame","Thunderclap","Life Link"],"picked":"Hemokinesis","floor":33}],"player_experience":327848,"relics_obtained":[{"floor":6,"key":"Red Skull"},{"floor":7,"key":"Replay:Mystery Machine"},{"floor":9,"key":"Centennial Puzzle"},{"floor":26,"key":"HornCleat"}],"event_choices":[{"cards_removed":["Strike_R"],"damage_healed":0.0,"max_hp_gain":0.0,"max_hp_loss":0.0,"gold_gain":0.0,"event_name":"Living Wall","player_choice":"Forget","floor":0.0,"gold_loss":0.0,"damage_taken":0.0},{"damage_healed":0,"gold_gain":0,"player_choice":"Success","damage_taken":25,"relics_obtained":["Replay:Accelerometer"],"max_hp_gain":0,"max_hp_loss":0,"event_name":"Scrap Ooze","floor":10,"gold_loss":0},{"damage_healed":0,"gold_gain":0,"player_choice":"Got Potions","damage_taken":0,"max_hp_gain":0,"max_hp_loss":0,"event_name":"Lab","floor":22,"gold_loss":0}],"is_beta":false,"boss_relics":[{"not_picked":["Runic Dome","Cursed Key"],"picked":"Honey Jar"}],"items_purged_floors":[4,19,29],"is_endless":false,"potions_floor_spawned":[5,8,12,14,18,20,25,33],"killed_by":"Pondfish","ascension_level":0}}