{"host":"qwttrqaysb380yri","time":1608366233,"event":{"mods":["BaseMod","Custom Start","Minty Spire (QoL Compilation)","Permanent Neow","Puzzle Mod","Relic Stats","StSLib","The Cursed","The Hierophant"],"gold_per_floor":[109,109,39,58,73,53,53],"floor_reached":6,"playtime":170,"items_purged":[],"score":63,"play_id":"eda4e48b-d0e7-4d35-b201-da988fa03108","local_time":"20201219092353","is_ascension_mode":true,"campfire_choices":[],"circlet_count":0,"master_deck":["AscendersBane","hierophant:Strike_Hierophant","hierophant:Strike_Hierophant","hierophant:Strike_Hierophant","hierophant:Punish","hierophant:Defend_Hierophant","hierophant:Defend_Hierophant","hierophant:Defend_Hierophant","hierophant:Defend_Hierophant","hierophant:ChurchCoffers","Dramatic Entrance","hierophant:SealAway","hierophant:AuricShield","hierophant:Upheaval","hierophant:PassingBell"],"relics":["hierophant:PropheticMaskRelic"],"acts_visited":["Exordium"],"potions_floor_usage":[],"damage_taken":[{"damage":0,"enemies":"Small Slimes","floor":1,"turns":3},{"damage":6,"enemies":"Cultist","floor":4,"turns":3},{"damage":0,"enemies":"2 Louse","floor":5,"turns":1},{"damage":55,"enemies":"Lagavulin","floor":6,"turns":6}],"seed_played":"4038884420354940214","potions_obtained":[],"is_trial":false,"path_per_floor":["M","?","$","M","M","E"],"character_chosen":"HIEROPHANT","items_purchased":["hierophant:Upheaval"],"campfire_rested":0,"item_purchase_floors":[3],"current_hp_per_floor":[68,68,68,62,62,7,7],"gold":53,"neow_bonus":"RANDOM_COLORLESS","is_daily":false,"chose_seed":false,"campfire_upgraded":0,"win_rate":0.0,"timestamp":1608366233,"path_taken":["M","?","$","M","M","E"],"items_purchased_type":["Card"],"build_version":"2020-12-13","purchased_purges":0,"victory":false,"max_hp_per_floor":[75,75,75,75,75,75,75],"relic_stats":{"counters":[4,13],"obtain_stats":[{"hierophant:PropheticMaskRelic":0},{"hierophant:PropheticMaskRelic":0},{"hierophant:PropheticMaskRelic":0}]},"card_choices":[{"not_picked":["Impatience","Mind Blast"],"picked":"Dramatic Entrance","floor":0},{"not_picked":["hierophant:Sermon","hierophant:Shelter"],"picked":"hierophant:SealAway","floor":1},{"not_picked":["hierophant:Encroach","hierophant:RustyCrate"],"picked":"hierophant:PassingBell","floor":4},{"not_picked":["hierophant:AuricBeam","hierophant:Doomsaying","hierophant:Encroach"],"picked":"SKIP","floor":5}],"player_experience":1891720,"relics_obtained":[],"event_choices":[{"damage_healed":0,"gold_gain":0,"cards_transformed":["hierophant:Strike_Hierophant"],"player_choice":"Transformed","damage_taken":0,"max_hp_gain":0,"max_hp_loss":0,"event_name":"Transmorgrifier","floor":2,"gold_loss":0,"cards_obtained":["hierophant:AuricShield"]}],"is_beta":false,"boss_relics":[],"items_purged_floors":[],"is_endless":false,"potions_floor_spawned":[],"killed_by":"Lagavulin","ascension_level":15}}