{"host":"t0dvtgwziqfh5pc4","time":1608392529,"event":{"mods":["BaseMod","Colored Powertips","Downfall","Googly Eyes","Hermit","Infinite Spire","Lobotomy","Minty Spire (QoL Compilation)","Quick Restart","Replay The Spire","SIMod","Shop Mod","StSLib","The Bug Knight","The Cursed","The Hierophant","The Jungle","[IsaacMod]ÒÔÈö¼âËþ"],"gold_per_floor":[335,410,410,157,172,172,199,199,199,23,73,142,142,161,161,161,161],"floor_reached":16,"playtime":510,"items_purged":["Strike_R","Strike_R"],"score":192,"play_id":"1950b80e-fbc7-41d9-ad7b-5f4096d74245","local_time":"20201219234209","daily_mods":["Heirloom","Flight"],"is_ascension_mode":true,"campfire_choices":[{"data":"Perfected Strike","floor":6,"key":"SMITH"},{"data":"Cleave","floor":8,"key":"SMITH"},{"data":"Bash","floor":13,"key":"SMITH"},{"data":"Juggernaut","floor":15,"key":"SMITH"}],"circlet_count":0,"master_deck":["AscendersBane","Strike_R","Strike_R","Strike_R","Defend_R+1","Defend_R","Defend_R","Defend_R+1","Bash+1","Second Wind+1","Offering","Perfected Strike+1","Dark Embrace","Cleave+1","Fire Breathing","Juggernaut+1"],"relics":["Burning Blood","HushsDoor","BelialBook","BloodBag","infinitespire:Joker Card","infinitespire:ShieldingShard","Pear","Simple Rune","Bottled Lightning"],"acts_visited":["Exordium"],"potions_floor_usage":[11,16],"damage_taken":[{"damage":9,"enemies":"Jaw Worm","floor":1,"turns":3},{"damage":3,"enemies":"Small Slimes","floor":5,"turns":3},{"damage":5,"enemies":"3 Sentries","floor":7,"turns":4},{"damage":9,"enemies":"Hiden Room Battle","floor":11,"turns":4},{"damage":0,"enemies":"Cultist","floor":14,"turns":3},{"damage":56,"enemies":"The Guardian","floor":16,"turns":9}],"seed_played":"169828057880680654","potions_obtained":[{"floor":7,"key":"BloodPotion"},{"floor":14,"key":"CultistPotion"}],"is_trial":true,"path_per_floor":["M","?","?","$","M","R","E","R","T","$","?","T","R","M","R","B"],"character_chosen":"IRONCLAD","items_purchased":["Offering","Perfected Strike","Fire Breathing"],"campfire_rested":0,"item_purchase_floors":[4,4,10],"current_hp_per_floor":[42,31,31,31,34,34,35,35,35,35,43,43,43,49,49,0,0],"gold":161,"neow_bonus":"","is_daily":false,"chose_seed":false,"campfire_upgraded":4,"win_rate":0.0,"timestamp":1608392529,"path_taken":["M","?","?","$","?","R","E","R","T","?","?","?","R","M","R","BOSS"],"items_purchased_type":["Card","Card","Card"],"build_version":"2020-12-13","purchased_purges":2,"victory":false,"max_hp_per_floor":[82,82,82,82,82,82,82,82,82,82,92,92,92,92,92,92,92],"card_choices":[{"not_picked":[],"picked":"Bomb","floor":0},{"not_picked":["Thunderclap","Clash"],"picked":"Second Wind","floor":1},{"not_picked":["Clash","Body Slam"],"picked":"Dark Embrace","floor":5},{"not_picked":["Abandon","Run Through"],"picked":"Cleave","floor":7},{"not_picked":["Perfected Strike","Headbutt"],"picked":"Bomb","floor":11},{"not_picked":["Iron Wave","Abandon"],"picked":"Juggernaut","floor":14}],"player_experience":106359,"relics_obtained":[{"floor":7,"key":"infinitespire:Joker Card"},{"floor":9,"key":"infinitespire:ShieldingShard"},{"floor":11,"key":"Pear"},{"floor":11,"key":"Simple Rune"},{"floor":12,"key":"Bottled Lightning"}],"event_choices":[{"damage_healed":0,"gold_gain":75,"player_choice":"Gather Gold","damage_taken":11,"max_hp_gain":0,"max_hp_loss":0,"event_name":"World of Goop","floor":2,"gold_loss":0},{"damage_healed":0,"gold_gain":0,"player_choice":"Grow","damage_taken":0,"max_hp_gain":0,"max_hp_loss":0,"event_name":"Living Wall","floor":3,"gold_loss":0,"cards_upgraded":["Second Wind"]},{"damage_healed":0,"gold_gain":0,"player_choice":"Fight","damage_taken":0,"max_hp_gain":0,"max_hp_loss":0,"event_name":"HidenRoomEvent","floor":11,"gold_loss":0}],"is_beta":false,"boss_relics":[],"items_purged_floors":[4,10],"is_endless":false,"potions_floor_spawned":[7,14],"killed_by":"The Guardian","ascension_level":20}}