{"host":"q89ui3xtee35wkxq","time":1608417730,"event":{"mods":["Act Like it!","BaseMod","BetterRewards","Colored Map","Colored Powertips","Custom Start","Minty Spire (QoL Compilation)","Rare Cards Sparkle","Shop Mod","Swap Starting Deck Mod"],"gold_per_floor":[113,127,137,157,157,182,182,209,209,209,229,242,272,272,272,367,367,386,404,404,152,164,196,196,196,196,196,196],"floor_reached":27,"playtime":3593,"items_purged":["Regret"],"score":439,"play_id":"b6dc3b78-6b87-4ef2-be3b-9e8e95899a9a","local_time":"20201220014210","is_ascension_mode":true,"campfire_choices":[{"data":"Venomology","floor":10.0,"key":"SMITH"},{"data":"Bouncing Flask","floor":15.0,"key":"SMITH"},{"data":"Apotheosis","floor":24,"key":"SMITH"}],"circlet_count":0,"master_deck":["Poisoned Stab","Poisoned Stab","Poisoned Stab","Poisoned Stab","Deflect","Deflect","Deflect","Deflect","Deadly Poison","Venomology+1","Bouncing Flask+1","Bane+1","Sucker Punch","Escape Plan+1","Corpse Explosion","Backflip","Deadly Poison","Bouncing Flask","Venomology","Prepared+1","Apotheosis+1","Burst","Unload+1"],"relics":["Ring of the Snake","swapstartingdeckmod:DeadBlossom","Mercury Hourglass","Matryoshka","Juzu Bracelet","PreservedInsect","Meat on the Bone","Molten Egg 2","Nloth\u0027s Gift","Gremlin Horn","Smiling Mask","Ginger"],"acts_visited":["Exordium","TheCity"],"potions_floor_usage":[18,22,22,22,23,23,27],"damage_taken":[{"damage":0.0,"enemies":"Jaw Worm","floor":1.0,"turns":2.0},{"damage":0.0,"enemies":"2 Louse","floor":2.0,"turns":3.0},{"damage":0.0,"enemies":"Cultist","floor":3.0,"turns":2.0},{"damage":9.0,"enemies":"Large Slime","floor":4.0,"turns":2.0},{"damage":5.0,"enemies":"Gremlin Nob","floor":6.0,"turns":3.0},{"damage":6.0,"enemies":"3 Sentries","floor":8.0,"turns":2.0},{"damage":1.0,"enemies":"2 Fungi Beasts","floor":11.0,"turns":2.0},{"damage":0.0,"enemies":"Looter","floor":12.0,"turns":2.0},{"damage":3.0,"enemies":"Lagavulin","floor":13.0,"turns":3.0},{"damage":13.0,"enemies":"The Guardian","floor":16.0,"turns":6.0},{"damage":1,"enemies":"Chosen","floor":18,"turns":3},{"damage":0,"enemies":"Spheric Guardian","floor":19,"turns":2},{"damage":4,"enemies":"Chosen and Byrds","floor":22,"turns":3},{"damage":38,"enemies":"Gremlin Leader","floor":23,"turns":5},{"damage":24,"enemies":"Book of Stabbing","floor":27,"turns":1}],"seed_played":"-7133979149811477639","potions_obtained":[{"floor":4.0,"key":"Fire Potion"},{"floor":8.0,"key":"BlessingOfTheForge"},{"floor":11.0,"key":"SteroidPotion"},{"floor":12.0,"key":"ColorlessPotion"},{"floor":13.0,"key":"Fire Potion"},{"floor":18,"key":"CunningPotion"},{"floor":19,"key":"BlessingOfTheForge"}],"is_trial":false,"path_per_floor":["M","M","M","M","$","E","?","E","T","R","M","M","E","?","R","B",null,"M","M","?","$","M","E","R","?","T","E"],"character_chosen":"THE_SILENT","items_purchased":["Apotheosis"],"campfire_rested":0,"item_purchase_floors":[21],"current_hp_per_floor":[63,63,63,54,54,49,49,43,43,43,42,42,46,32,32,25,42,41,41,41,41,37,17,17,17,17,0,0],"gold":196,"neow_bonus":"","is_daily":false,"chose_seed":false,"campfire_upgraded":3,"win_rate":0.0,"timestamp":1608417730,"path_taken":["M","M","M","M","$","E","?","E","T","R","M","M","E","?","R","BOSS","M","M","?","$","M","E","R","?","T","E"],"items_purchased_type":["Card"],"build_version":"2020-12-13","purchased_purges":1,"victory":false,"max_hp_per_floor":[70,70,70,70,70,70,70,70,70,70,70,70,70,70,70,70,70,70,70,70,70,70,70,70,70,70,70,70],"card_choices":[{"not_picked":["Acrobatics","Riddle With Holes"],"picked":"Bouncing Flask","floor":1.0},{"not_picked":["Sucker Punch","Flying Knee"],"picked":"Bane","floor":2.0},{"not_picked":["Flying Knee","Quick Slash"],"picked":"Sucker Punch","floor":3.0},{"not_picked":["Quick Slash","Doppelganger"],"picked":"Escape Plan","floor":4.0},{"not_picked":["Dash","Backstab"],"picked":"Corpse Explosion","floor":6.0},{"not_picked":["Infinite Blades","Tactician"],"picked":"Backflip","floor":8.0},{"not_picked":["Dagger Spray","Dagger Throw"],"picked":"Deadly Poison","floor":11.0},{"not_picked":["Deadly Poison","Sucker Punch"],"picked":"Bouncing Flask","floor":12.0},{"not_picked":["All Out Attack+1","Quick Slash+1","Flying Knee+1"],"picked":"SKIP","floor":13.0},{"not_picked":["Storm of Steel","Wraith Form v2"],"picked":"Venomology","floor":16.0},{"not_picked":["Poisoned Stab+1","Underhanded Strike+1","Skewer+1"],"picked":"SKIP","floor":18},{"not_picked":["Blade Dance","Eviscerate+1"],"picked":"Prepared+1","floor":19},{"not_picked":["Finisher+1","Cloak And Dagger"],"picked":"Burst","floor":22},{"not_picked":["Eviscerate+1","Terror"],"picked":"Unload+1","floor":23}],"player_experience":483174,"relics_obtained":[{"floor":6.0,"key":"Mercury Hourglass"},{"floor":8.0,"key":"Juzu Bracelet"},{"floor":9.0,"key":"PreservedInsect"},{"floor":9.0,"key":"Meat on the Bone"},{"floor":13.0,"key":"Molten Egg 2"},{"floor":23,"key":"Gremlin Horn"},{"floor":26,"key":"Smiling Mask"},{"floor":26,"key":"Ginger"}],"event_choices":[{"damage_healed":0.0,"max_hp_gain":0.0,"max_hp_loss":0.0,"gold_gain":0.0,"event_name":"Big Fish","player_choice":"Box","floor":7.0,"gold_loss":0.0,"damage_taken":0.0,"relics_obtained":["Matryoshka"],"cards_obtained":["Regret"]},{"damage_healed":0.0,"max_hp_gain":0.0,"max_hp_loss":0.0,"gold_gain":0.0,"event_name":"Shining Light","player_choice":"Entered Light","floor":14.0,"gold_loss":0.0,"damage_taken":14.0,"cards_upgraded":["Bane","Escape Plan"]},{"damage_healed":0,"gold_gain":0,"player_choice":"Traded Relic","damage_taken":0,"relics_obtained":["Nloth\u0027s Gift"],"max_hp_gain":0,"max_hp_loss":0,"event_name":"N\u0027loth","floor":20,"relics_lost":["Velvet Choker"],"gold_loss":0},{"damage_healed":0,"gold_gain":0,"player_choice":"Ignored","damage_taken":0,"max_hp_gain":0,"max_hp_loss":0,"event_name":"Ghosts","floor":25,"gold_loss":0}],"is_beta":false,"boss_relics":[{"not_picked":["HoveringKite","Snecko Eye"],"picked":"Velvet Choker"}],"items_purged_floors":[21],"is_endless":false,"potions_floor_spawned":[4,8,11,12,13,18,19],"killed_by":"Book of Stabbing","ascension_level":8}}