{"host":"jb40sdn36ct36hhv","time":1608370887,"event":{"mods":["Act Like it!","BaseMod","Better Third Choice","Minty Spire (QoL Compilation)","StSLib","The Hierophant"],"gold_per_floor":[113,113,113,129,149,149,176,188,265,6,91,109,109,142,142,246,246,259,259,112,112,19,19,98,98,121,46,95,126,136,163,163,258,258,268,268,280,85,102,0,115,134,209,222,238,267,267,292,292,292,292,292,13,105,105],"floor_reached":56,"playtime":3653,"items_purged":["hierophant:Punish","Good Instincts"],"score":1762,"play_id":"13ebf34a-ba35-4cf1-b183-7d54e7588540","local_time":"20201219014127","is_ascension_mode":false,"campfire_choices":[{"data":"hierophant:ChurchCoffers","floor":6,"key":"SMITH"},{"data":"hierophant:Glossolalia","floor":13,"key":"SMITH"},{"data":"hierophant:SealAway","floor":15,"key":"SMITH"},{"data":"hierophant:ArchangelShield","floor":23,"key":"SMITH"},{"data":"hierophant:Batter","floor":25,"key":"SMITH"},{"data":"hierophant:Chorus","floor":32,"key":"SMITH"},{"floor":49,"key":"RECALL"},{"data":"hierophant:Encroach","floor":52,"key":"SMITH"}],"circlet_count":0,"master_deck":["hierophant:ChurchCoffers+1","hierophant:SealAway+1","hierophant:Encroach+1","hierophant:Batter+1","hierophant:ArchangelShield+1","hierophant:ChurchCoffers+1","hierophant:Chorus+1"],"relics":["hierophant:PropheticMaskRelic","StrikeDummy","Bird Faced Urn","Mummified Hand","hierophant:DonationBoxRelic","Regal Pillow","Pandora\u0027s Box","DollysMirror","Torii","Happy Flower","Philosopher\u0027s Stone","Membership Card","Red Mask","Dream Catcher","Sundial","InkBottle","Question Card","Pear","Frozen Eye","Lantern","Nunchaku"],"acts_visited":["Exordium","TheCity","TheBeyond","TheEnding"],"potions_floor_usage":[8,11,16,36,55,55],"damage_taken":[{"damage":1,"enemies":"Jaw Worm","floor":1,"turns":4},{"damage":1,"enemies":"Cultist","floor":4,"turns":3},{"damage":2,"enemies":"Small Slimes","floor":5,"turns":4},{"damage":16,"enemies":"Lagavulin","floor":7,"turns":8},{"damage":0,"enemies":"3 Louse","floor":8,"turns":6},{"damage":25,"enemies":"Exordium Thugs","floor":11,"turns":7},{"damage":8,"enemies":"Gremlin Gang","floor":12,"turns":5},{"damage":6,"enemies":"Gremlin Nob","floor":14,"turns":3},{"damage":22,"enemies":"Slime Boss","floor":16,"turns":7},{"damage":13,"enemies":"3 Byrds","floor":18,"turns":4},{"damage":0,"enemies":"2 Thieves","floor":24,"turns":1},{"damage":0,"enemies":"Centurion and Healer","floor":28,"turns":1},{"damage":0,"enemies":"Slavers","floor":29,"turns":1},{"damage":0,"enemies":"3 Cultists","floor":30,"turns":2},{"damage":0,"enemies":"Book of Stabbing","floor":31,"turns":1},{"damage":0,"enemies":"Champ","floor":33,"turns":1},{"damage":0,"enemies":"Orb Walker","floor":35,"turns":1},{"damage":0,"enemies":"3 Shapes","floor":37,"turns":1},{"damage":0,"enemies":"Jaw Worm Horde","floor":39,"turns":1},{"damage":0,"enemies":"Nemesis","floor":41,"turns":1},{"damage":0,"enemies":"Writhing Mass","floor":42,"turns":1},{"damage":0,"enemies":"Sphere and 2 Shapes","floor":44,"turns":1},{"damage":0,"enemies":"Jaw Worm Horde","floor":45,"turns":1},{"damage":0,"enemies":"Giant Head","floor":46,"turns":1},{"damage":0,"enemies":"Nemesis","floor":48,"turns":1},{"damage":0,"enemies":"Time Eater","floor":50,"turns":2},{"damage":0,"enemies":"Shield and Spear","floor":54,"turns":1},{"damage":0,"enemies":"The Heart","floor":55,"turns":3}],"seed_played":"-3394274717644415547","potions_obtained":[{"floor":1,"key":"Regen Potion"},{"floor":8,"key":"Dexterity Potion"},{"floor":11,"key":"FairyPotion"},{"floor":12,"key":"Weak Potion"},{"floor":14,"key":"Fire Potion"},{"floor":24,"key":"PowerPotion"},{"floor":36,"key":"Fruit Juice"},{"floor":36,"key":"DuplicationPotion"},{"floor":36,"key":"DuplicationPotion"},{"floor":42,"key":"GamblersBrew"}],"is_trial":false,"path_per_floor":["M","?","T","M","M","R","E","M","T","$","M","M","R","E","R","B",null,"M","?","$","?","$","R","M","R","T","$","M","E","M","E","R","B",null,"M","?","M","$","M","?","E","M","T","M","M","E","?","E","R","B",null,"R","$","E","B",null],"character_chosen":"HIEROPHANT","items_purchased":["hierophant:DonationBoxRelic","DollysMirror","Good Instincts","Membership Card","Pear","Frozen Eye","Lantern"],"campfire_rested":0,"item_purchase_floors":[10,20,22,38,53,53,53],"current_hp_per_floor":[81,74,74,73,71,71,55,72,72,72,49,43,43,39,39,19,82,69,69,69,69,69,69,73,73,73,73,77,81,82,82,82,82,82,82,87,87,87,87,87,87,87,87,87,87,87,87,87,87,87,87,87,97,97,97],"gold":105,"neow_bonus":"TEN_PERCENT_HP_BONUS","is_daily":false,"chose_seed":false,"campfire_upgraded":7,"win_rate":0.0,"timestamp":1608370887,"path_taken":["M","?","?","M","?","R","E","M","T","$","M","M","R","E","R","BOSS","M","?","$","?","$","R","M","R","T","$","?","E","M","E","R","BOSS","M","?","?","$","M","?","E","M","T","M","M","E","?","E","R","BOSS","R","$","E","BOSS"],"items_purchased_type":["Relic","Relic","Card","Relic","Relic","Relic","Relic"],"build_version":"2020-12-13","purchased_purges":2,"victory":true,"max_hp_per_floor":[82,82,82,82,82,82,82,82,82,82,82,82,82,82,82,82,82,82,82,82,82,82,82,82,82,82,82,82,82,82,82,82,82,82,82,87,87,87,87,87,87,87,87,87,87,87,87,87,87,87,87,87,97,97,97],"card_choices":[{"not_picked":["hierophant:Prophecy","hierophant:SecretStash"],"picked":"hierophant:SealAway","floor":1},{"not_picked":["hierophant:HolyVerse","hierophant:OrnateBuckler"],"picked":"hierophant:Glossolalia","floor":4},{"not_picked":["hierophant:FlamingChariot","hierophant:RepressedViolence","hierophant:SealAway"],"picked":"SKIP","floor":5},{"not_picked":["hierophant:Shelter","hierophant:Exaltation","hierophant:Blessing"],"picked":"SKIP","floor":7},{"not_picked":["hierophant:Martyrdom","hierophant:Smite","hierophant:SolarFlare"],"picked":"SKIP","floor":8},{"not_picked":["hierophant:PassingBell","hierophant:SolarFlare","hierophant:RustyCrate"],"picked":"SKIP","floor":11},{"not_picked":["hierophant:RecallFunds","hierophant:Flagellation","hierophant:SolarFlare"],"picked":"SKIP","floor":12},{"not_picked":["hierophant:Refuge","hierophant:SealAway"],"picked":"hierophant:Encroach","floor":14},{"not_picked":["hierophant:Determination","hierophant:AuricForm"],"picked":"hierophant:Batter","floor":16},{"not_picked":["hierophant:HolyVerse","hierophant:Racketeering+1"],"picked":"hierophant:ArchangelShield","floor":18},{"not_picked":["hierophant:Zeal","hierophant:Smite","hierophant:PassingBell+1"],"picked":"SKIP","floor":24},{"not_picked":["hierophant:Encroach","hierophant:Embezzle","hierophant:Mercenaries"],"picked":"SKIP","floor":28},{"not_picked":["hierophant:Refuge+1","hierophant:RepressedViolence"],"picked":"hierophant:Chorus","floor":29},{"not_picked":["hierophant:SealAway","hierophant:SolarFlare","hierophant:Encroach"],"picked":"SKIP","floor":30},{"not_picked":["hierophant:Shelter","hierophant:Doubloon","hierophant:Anathema"],"picked":"SKIP","floor":31},{"not_picked":["hierophant:OrnateBuckler+1","hierophant:Chorus","hierophant:ThreeLashes+1"],"picked":"SKIP","floor":35},{"not_picked":["hierophant:Zeal+1","hierophant:Empathy+1","hierophant:Dazzle"],"picked":"SKIP","floor":37},{"not_picked":["hierophant:Bribe+1","hierophant:EyeForCoin","hierophant:Sermon+1"],"picked":"SKIP","floor":39},{"not_picked":["hierophant:Cornucopia","hierophant:Sermon","hierophant:MorningPrayer+1"],"picked":"SKIP","floor":41},{"not_picked":["hierophant:Rebuild","hierophant:Zeal+1","hierophant:RepressedViolence"],"picked":"SKIP","floor":42},{"not_picked":["hierophant:OrnateBuckler+1","hierophant:CursedGold+1","hierophant:FieryStrike"],"picked":"SKIP","floor":44},{"not_picked":["hierophant:RepressedViolence+1","hierophant:Encroach+1","hierophant:MorningPrayer"],"picked":"SKIP","floor":45},{"not_picked":["hierophant:Martyrdom+1","hierophant:Sermon","hierophant:Smite"],"picked":"SKIP","floor":46},{"not_picked":["hierophant:RustyCrate","hierophant:Doubloon","hierophant:Zeal+1"],"picked":"SKIP","floor":48},{"not_picked":["hierophant:AuricBeam+1","hierophant:Rebuild+1","hierophant:Charity","hierophant:Flagellation"],"picked":"SKIP","floor":54}],"player_experience":1030327,"relics_obtained":[{"floor":3,"key":"StrikeDummy"},{"floor":7,"key":"Bird Faced Urn"},{"floor":9,"key":"Mummified Hand"},{"floor":14,"key":"Regal Pillow"},{"floor":29,"key":"Torii"},{"floor":31,"key":"Happy Flower"},{"floor":41,"key":"Dream Catcher"},{"floor":43,"key":"Sundial"},{"floor":46,"key":"InkBottle"},{"floor":48,"key":"Question Card"},{"floor":54,"key":"Nunchaku"}],"event_choices":[{"cards_removed":["hierophant:Strike_Hierophant"],"damage_healed":0,"gold_gain":0,"player_choice":"Card Removal","damage_taken":7,"max_hp_gain":0,"max_hp_loss":0,"event_name":"Golden Wing","floor":2,"gold_loss":0},{"damage_healed":0,"gold_gain":0,"player_choice":"Ignored","damage_taken":0,"max_hp_gain":0,"max_hp_loss":0,"event_name":"Vampires","floor":19,"gold_loss":0},{"damage_healed":0,"gold_gain":0,"player_choice":"Ignored","damage_taken":0,"max_hp_gain":0,"max_hp_loss":0,"event_name":"Beggar","floor":21,"gold_loss":0},{"damage_healed":0,"gold_gain":0,"player_choice":"Got Potions","damage_taken":0,"max_hp_gain":0,"max_hp_loss":0,"event_name":"Lab","floor":36,"gold_loss":0},{"damage_healed":0,"gold_gain":0,"player_choice":"Paid","damage_taken":0,"relics_obtained":["Red Mask"],"max_hp_gain":0,"max_hp_loss":0,"event_name":"Tomb of Lord Red Mask","floor":40,"gold_loss":102},{"cards_removed":["hierophant:Glossolalia"],"damage_healed":0,"gold_gain":0,"player_choice":"Removed Power","damage_taken":0,"max_hp_gain":0,"max_hp_loss":0,"event_name":"Falling","floor":47,"gold_loss":0}],"is_beta":false,"boss_relics":[{"not_picked":["Sozu","Empty Cage"],"picked":"Pandora\u0027s Box"},{"not_picked":["Velvet Choker","Runic Dome"],"picked":"Philosopher\u0027s Stone"}],"items_purged_floors":[27,38],"is_endless":false,"potions_floor_spawned":[1,8,11,12,14,24,30,33,35,39,42,45,54],"ascension_level":0}}