{"host":"lg1piimdyocafd6j","time":1608396661,"event":{"mods":["AchievementEnabler","BaseMod","Better Third Choice","BetterRewards","Colored Map","Colored Powertips","Downfall","Minty Spire (QoL Compilation)","Quick Restart","Rare Cards Sparkle","StSLib","SuperFastMode"],"gold_per_floor":[119,119,16,16,32,32,50,64,114,114,124,49,60,73,73,170,170,188,188,188,98,109,109,122,122,122,139,139,139],"floor_reached":28,"playtime":1137,"items_purged":["Strike_B"],"score":233,"play_id":"251a92a2-cfc5-4e32-8030-710c44913cba","local_time":"20201219175101","is_ascension_mode":true,"campfire_choices":[{"data":"Capacitor","floor":6,"key":"SMITH"},{"floor":10,"key":"REST"},{"data":"Redo","floor":15,"key":"SMITH"},{"floor":23,"key":"REST"},{"data":"Defragment","floor":25,"key":"SMITH"}],"circlet_count":0,"master_deck":["Defend_B","Defend_B","Defend_B","Defend_B","Zap","Dualcast+1","Electrodynamics+1","Capacitor+1","Turbo","Streamline","Redo","Conserve Battery","Auto Shields","Redo+1","Buffer","Cold Snap","Rainbow","Heatsinks+1","Defragment+1","Redo","Turbo"],"relics":["Cracked Core","Dream Catcher","Nuclear Battery"],"acts_visited":["Exordium","TheCity"],"potions_floor_usage":[16,16,16,28],"damage_taken":[{"damage":9,"enemies":"Jaw Worm","floor":1,"turns":3},{"damage":1,"enemies":"Cultist","floor":5,"turns":3},{"damage":8,"enemies":"Small Slimes","floor":7,"turns":3},{"damage":13,"enemies":"Red Slaver","floor":8,"turns":4},{"damage":5,"enemies":"3 Louse","floor":11,"turns":3},{"damage":0,"enemies":"2 Fungi Beasts","floor":13,"turns":1},{"damage":9,"enemies":"Blue Slaver","floor":14,"turns":4},{"damage":46,"enemies":"Hexaghost","floor":16,"turns":11},{"damage":10,"enemies":"Shell Parasite","floor":18,"turns":8},{"damage":12,"enemies":"Spheric Guardian","floor":22,"turns":5},{"damage":23,"enemies":"Snake Plant","floor":24,"turns":5},{"damage":36,"enemies":"Sentry and Sphere","floor":27,"turns":6},{"damage":8,"enemies":"Snecko","floor":28,"turns":3}],"seed_played":"-403089341677847373","potions_obtained":[{"floor":1,"key":"Swift Potion"},{"floor":8,"key":"FearPotion"},{"floor":11,"key":"Dexterity Potion"},{"floor":14,"key":"Dexterity Potion"},{"floor":18,"key":"Strength Potion"},{"floor":22,"key":"PowerPotion"}],"is_trial":false,"path_per_floor":["M","?","$","?","M","R","M","M","T","R","M","$","M","M","R","B",null,"M","?","?","?","M","R","M","R","T","M","M"],"character_chosen":"DEFECT","items_purchased":["Capacitor","Turbo"],"campfire_rested":2,"item_purchase_floors":[3,3],"current_hp_per_floor":[66,66,66,66,65,65,57,44,44,66,61,61,61,52,52,6,75,65,65,65,65,53,75,52,52,52,16,8,8],"gold":139,"neow_bonus":"TRANSFORM_CARD","is_daily":false,"chose_seed":false,"campfire_upgraded":3,"win_rate":0.0,"timestamp":1608396661,"path_taken":["M","?","?","?","M","R","M","M","T","R","?","$","M","M","R","BOSS","M","?","?","?","?","R","M","R","T","M","M"],"items_purchased_type":["Card","Card"],"build_version":"2020-12-13","purchased_purges":1,"victory":false,"max_hp_per_floor":[75,75,75,75,75,75,75,75,75,75,75,75,75,75,75,75,75,75,75,75,75,75,75,75,75,75,75,75,75],"card_choices":[{"not_picked":["Recycle","Hello World","Barrage"],"picked":"SKIP","floor":1},{"not_picked":["Barrage","Blizzard"],"picked":"Streamline","floor":5},{"not_picked":["Go for the Eyes","Leap"],"picked":"Redo","floor":7},{"not_picked":["Redo","Blizzard"],"picked":"Sweeping Beam","floor":8},{"not_picked":["Reinforced Body","Self Repair"],"picked":"Conserve Battery","floor":10},{"not_picked":["Darkness","Turbo"],"picked":"Auto Shields","floor":11},{"not_picked":["Fusion","Streamline"],"picked":"Redo","floor":13},{"not_picked":["Self Repair","Barrage","Cold Snap"],"picked":"SKIP","floor":14},{"not_picked":["Core Surge","Multi-Cast"],"picked":"Buffer","floor":16},{"not_picked":["BootSequence+1","Rip and Tear","Gash"],"picked":"SKIP","floor":18},{"not_picked":["Barrage","Reprogram+1"],"picked":"Heatsinks+1","floor":22},{"not_picked":["Compile Driver","Rebound"],"picked":"Defragment","floor":23},{"not_picked":["Melter","BootSequence"],"picked":"Redo","floor":24},{"not_picked":["Go for the Eyes+1","Skim"],"picked":"Turbo","floor":27}],"player_experience":204068,"relics_obtained":[{"floor":9,"key":"Dream Catcher"}],"event_choices":[{"damage_healed":0,"gold_gain":0,"player_choice":"Bought 0 Potions","damage_taken":0,"max_hp_gain":0,"max_hp_loss":0,"event_name":"The Woman in Blue","floor":2,"gold_loss":0},{"damage_healed":0,"gold_gain":0,"player_choice":"Upgraded","damage_taken":0,"max_hp_gain":0,"max_hp_loss":0,"event_name":"Upgrade Shrine","floor":4,"gold_loss":0,"cards_upgraded":["Electrodynamics"]},{"damage_healed":0,"gold_gain":0,"cards_transformed":["Sweeping Beam","Strike_B"],"player_choice":"Became Test Subject","damage_taken":0,"max_hp_gain":0,"max_hp_loss":0,"event_name":"Drug Dealer","floor":19,"gold_loss":0,"cards_obtained":["Cold Snap","Rainbow"]},{"damage_healed":0,"gold_gain":0,"player_choice":"Ignored","damage_taken":0,"max_hp_gain":0,"max_hp_loss":0,"event_name":"The Mausoleum","floor":20,"gold_loss":0},{"cards_removed":["Strike_B"],"damage_healed":0,"gold_gain":0,"player_choice":"Upgrade and Remove","damage_taken":0,"max_hp_gain":0,"max_hp_loss":0,"event_name":"Designer","floor":21,"gold_loss":90,"cards_upgraded":["Dualcast"]}],"is_beta":false,"boss_relics":[{"not_picked":["Black Star","Busted Crown"],"picked":"Nuclear Battery"}],"items_purged_floors":[12],"is_endless":false,"potions_floor_spawned":[1,8,11,14,18,22],"killed_by":"Snecko","ascension_level":2}}