{"host":"fq53p46eudtfn1d2","time":1608340340,"event":{"mods":["BaseMod","Better Sensory Stone","Colored Powertips","Energized Spire","Magitek Elite","Minty Spire (QoL Compilation)","Permanent Neow","Quick Restart","StSLib"],"gold_per_floor":[18,31,31,44,44,44,74,84,108,135,145,171,27,27,27,126,126,145,145,145,159,159,184,184,22,22,22,54,54,84,101,101,206,206,221,221,72,86,101,128,146,175,175,175,230,33,58,58,58,58,58,58,7,37,37],"floor_reached":56,"playtime":4176,"items_purged":["Fire2"],"score":1752,"play_id":"53325c49-62f9-4908-b466-3d18b5d97ff3","local_time":"20201218201220","is_ascension_mode":true,"campfire_choices":[{"data":"Blood_Hilt","floor":6.0,"key":"SMITH"},{"data":"Reflect","floor":15.0,"key":"SMITH"},{"data":"Quick","floor":24.0,"key":"SMITH"},{"data":"Defend_L","floor":27.0,"key":"PURGE"},{"data":"Faith","floor":29.0,"key":"SMITH"},{"floor":32.0,"key":"RECALL"},{"data":"Remember","floor":44.0,"key":"SMITH"},{"data":"Haste","floor":49.0,"key":"SMITH"},{"data":"Protect_M","floor":52.0,"key":"SMITH"}],"circlet_count":0,"master_deck":["Defend_L","Defend_L","Cure","Blood_Hilt+1","Bravery+1","Blood_Hilt+1","Magnus_Hat","Magnus_Hat","Transpose_P","Mythril_Knife","Reflect+1","Quick+1","Flametongue+1","Faith+1","Bite","Bite","Bite","Bite","Bite","Flametongue","Master of Strategy","Blind","Flametongue+1","Shell","Icebrand","Flametongue+1","Remember+1","Cure+2","Protect_M+1","Rune_Blade","Shell","Magnus_Hat+1","Haste+1","Faith+1","Rune_Blade+1","Madness+1","Dropkick+1","Deep Breath+1"],"relics":["Pendant","Tintinnabulum","Smiling Mask","PreservedInsect","Toy Ornithopter","Membership Card","Ornamental Fan","energizedSpire:RedRose","Peace Pipe","Ancient Tea Set","MealTicket","Boot","Memories","Meat on the Bone","ClockworkSouvenir","Mummified Hand","Gremlin Horn","Toxic Egg 2","TungstenRod","Lantern","PrismaticShard","Letter Opener"],"acts_visited":["Exordium","TheCity","TheBeyond","TheEnding"],"potions_floor_usage":[55,55,55],"damage_taken":[{"damage":6.0,"enemies":"2 Louse","floor":1.0,"turns":4.0},{"damage":17.0,"enemies":"Small Slimes","floor":2.0,"turns":4.0},{"damage":6.0,"enemies":"Jaw Worm","floor":4.0,"turns":5.0},{"damage":26.0,"enemies":"3 Sentries","floor":7.0,"turns":7.0},{"damage":10.0,"enemies":"Exordium Thugs","floor":8.0,"turns":5.0},{"damage":9.0,"enemies":"Lagavulin","floor":10.0,"turns":6.0},{"damage":20.0,"enemies":"Lots of Slimes","floor":11.0,"turns":6.0},{"damage":24.0,"enemies":"Gremlin Nob","floor":12.0,"turns":4.0},{"damage":14.0,"enemies":"Slime Boss","floor":16.0,"turns":12.0},{"damage":6.0,"enemies":"Spheric Guardian","floor":18.0,"turns":3.0},{"damage":9.0,"enemies":"Shell Parasite","floor":21.0,"turns":3.0},{"damage":25.0,"enemies":"Book of Stabbing","floor":23.0,"turns":2.0},{"damage":10.0,"enemies":"Slavers","floor":28.0,"turns":5.0},{"damage":6.0,"enemies":"Book of Stabbing","floor":30.0,"turns":2.0},{"damage":7.0,"enemies":"Chosen and Byrds","floor":31.0,"turns":2.0},{"damage":9.0,"enemies":"Automaton","floor":33.0,"turns":5.0},{"damage":3.0,"enemies":"Orb Walker","floor":35.0,"turns":3.0},{"damage":23.0,"enemies":"3 Darklings","floor":38.0,"turns":4.0},{"damage":14.0,"enemies":"4 Shapes","floor":39.0,"turns":3.0},{"damage":7.0,"enemies":"Nemesis","floor":40.0,"turns":3.0},{"damage":3.0,"enemies":"Spire Growth","floor":41.0,"turns":1.0},{"damage":12.0,"enemies":"Reptomancer","floor":42.0,"turns":3.0},{"damage":17.0,"enemies":"2 Orb Walkers","floor":45.0,"turns":2.0},{"damage":6.0,"enemies":"Giant Head","floor":47.0,"turns":2.0},{"damage":16.0,"enemies":"Donu and Deca","floor":50.0,"turns":4.0},{"damage":0.0,"enemies":"Shield and Spear","floor":54.0,"turns":1.0},{"damage":0,"enemies":"The Heart","floor":55,"turns":5}],"seed_played":"-6622546310327590428","potions_obtained":[{"floor":1.0,"key":"Strength Potion"},{"floor":2.0,"key":"Dexterity Potion"},{"floor":7.0,"key":"SpeedPotion"},{"floor":23.0,"key":"LiquidMemories"},{"floor":28.0,"key":"LiquidMemories"},{"floor":30.0,"key":"SneckoOil"},{"floor":33.0,"key":"Weak Potion"},{"floor":35.0,"key":"ColorlessPotion"},{"floor":39.0,"key":"PowerPotion"},{"floor":41.0,"key":"SkillPotion"},{"floor":45.0,"key":"PowerPotion"}],"is_trial":false,"path_per_floor":["M","M","?","M","?","R","E","M","T","E","M","E","$","?","R","B",null,"M","?","?","M","?","E","R","$","T","R","E","R","E","M","R","B",null,"M","?","$","M","M","E","M","E","T","R","?","$","E","?","R","B",null,"R","$","E","B",null],"character_chosen":"MAGITEKELITE","items_purchased":["Membership Card","Shell","Ancient Tea Set","ClockworkSouvenir","Rune_Blade","Shell","Madness+1","Lantern","PrismaticShard","Swift Potion","Swift Potion"],"campfire_rested":0,"item_purchase_floors":[13,25,25,37,37,37,46,46,46,53,53],"current_hp_per_floor":[63,54,54,54,41,41,37,42,43,49,40,25,26,15,16,17,63,63,63,44,44,44,37,38,39,40,41,44,44,44,44,44,44,44,44,44,44,39,44,41,44,44,44,44,44,44,44,44,44,40,44,44,44,44,44],"gold":37,"neow_bonus":"REMOVE_TWO","is_daily":false,"chose_seed":false,"campfire_upgraded":7,"win_rate":0.0,"timestamp":1608340340,"path_taken":["M","M","?","M","?","R","E","M","T","E","M","E","$","?","R","BOSS","M","?","?","M","?","E","R","?","T","R","E","R","E","M","R","BOSS","M","?","$","?","M","E","M","E","T","R","?","$","E","?","R","BOSS","R","$","E","BOSS"],"items_purchased_type":["Relic","Card","Relic","Relic","Card","Card","Card","Relic","Relic","Potion","Potion"],"build_version":"2020-12-13","purchased_purges":1,"victory":true,"max_hp_per_floor":[63,63,63,63,63,63,63,63,63,63,63,63,63,63,63,63,63,63,63,44,44,44,44,44,44,44,44,44,44,44,44,44,44,44,44,44,44,44,44,44,44,44,44,44,44,44,44,44,44,44,44,44,44,44,44],"card_choices":[{"not_picked":["Poisona","Quake"],"picked":"Blood_Hilt","floor":1.0},{"not_picked":["Gladius","Mythril_Knife"],"picked":"Bravery","floor":2.0},{"not_picked":["Poisona","Gaia_Gear"],"picked":"Blood_Hilt","floor":4.0},{"not_picked":["Thunder_P","Throw"],"picked":"Magnus_Hat","floor":7.0},{"not_picked":["Heavy_Shield","Circlet"],"picked":"Magnus_Hat","floor":8.0},{"not_picked":["Water","Magnus_Hat"],"picked":"Transpose_P","floor":10.0},{"not_picked":["Man_Eater","Barrier"],"picked":"Mythril_Knife","floor":11.0},{"not_picked":["Mythril_Knife","Magus_Robe"],"picked":"Reflect","floor":12.0},{"not_picked":["Lightbringer","Gravity"],"picked":"Quick","floor":16.0},{"not_picked":["Meteor","Crystal_Sword"],"picked":"Flametongue+1","floor":18.0},{"not_picked":["Force_Armor","Throw"],"picked":"Flametongue","floor":21.0},{"not_picked":["Deep Breath","Trip"],"picked":"Master of Strategy","floor":22.0},{"not_picked":["Dark Shackles","Jack Of All Trades"],"picked":"Blind","floor":22.0},{"not_picked":["Gladius","Cursed_Shield"],"picked":"Flametongue+1","floor":23.0},{"not_picked":["Water","Thunder_P","Transpose2"],"picked":"SKIP","floor":28.0},{"not_picked":["Barrier","Tornado+1"],"picked":"Icebrand","floor":30.0},{"not_picked":["Break","Rune_Blade"],"picked":"Flametongue+1","floor":31.0},{"not_picked":["Trance","Thousand_Needles"],"picked":"Remember","floor":33.0},{"not_picked":["Flare+1","Aero"],"picked":"Protect_M","floor":35.0},{"not_picked":["Gladius","Falchion+1"],"picked":"Magnus_Hat+1","floor":38.0},{"not_picked":["Flare+1","Falchion","Thunder_Blade+1"],"picked":"SKIP","floor":39.0},{"not_picked":["Transfusion+1","Falchion+1"],"picked":"Haste","floor":40.0},{"not_picked":["Focus+1","Drain"],"picked":"Faith+1","floor":41.0},{"not_picked":["Flare","Holy+1","Heavy_Shield"],"picked":"SKIP","floor":42.0},{"not_picked":["Flare","Flametongue+1"],"picked":"Rune_Blade+1","floor":45.0},{"not_picked":["Circlet+1","BowlingBash"],"picked":"Dropkick+1","floor":47.0},{"not_picked":["Hologram+1","PanicButton+1"],"picked":"Deep Breath+1","floor":54}],"player_experience":368018,"relics_obtained":[{"floor":7.0,"key":"Tintinnabulum"},{"floor":9.0,"key":"Smiling Mask"},{"floor":10.0,"key":"PreservedInsect"},{"floor":12.0,"key":"Toy Ornithopter"},{"floor":23.0,"key":"Peace Pipe"},{"floor":28.0,"key":"MealTicket"},{"floor":30.0,"key":"Boot"},{"floor":40.0,"key":"Mummified Hand"},{"floor":42.0,"key":"Gremlin Horn"},{"floor":43.0,"key":"Toxic Egg 2"},{"floor":45.0,"key":"TungstenRod"},{"floor":47.0,"key":"Letter Opener"}],"event_choices":[{"damage_healed":0.0,"max_hp_gain":0.0,"max_hp_loss":0.0,"gold_gain":0.0,"event_name":"Living Wall","player_choice":"Grow","floor":3.0,"gold_loss":0.0,"damage_taken":0.0,"cards_upgraded":["Bravery"]},{"damage_healed":0.0,"max_hp_gain":0.0,"max_hp_loss":0.0,"gold_gain":0.0,"event_name":"Shining Light","player_choice":"Entered Light","floor":5.0,"gold_loss":0.0,"damage_taken":13.0,"cards_upgraded":["Blood_Hilt","Strike_L"]},{"damage_healed":0.0,"max_hp_gain":0.0,"max_hp_loss":0.0,"gold_gain":0.0,"event_name":"Scrap Ooze","player_choice":"Success","floor":14.0,"gold_loss":0.0,"damage_taken":12.0,"relics_obtained":["Ornamental Fan"]},{"damage_healed":0.0,"max_hp_gain":0.0,"max_hp_loss":0.0,"gold_gain":0.0,"event_name":"The Library","player_choice":"Read","floor":19.0,"gold_loss":0.0,"damage_taken":0.0,"cards_obtained":["Faith"]},{"damage_healed":0.0,"max_hp_gain":0.0,"max_hp_loss":19.0,"gold_gain":0.0,"event_name":"Vampires","player_choice":"Became a vampire","floor":20.0,"gold_loss":0.0,"damage_taken":0.0,"cards_obtained":["Bite","Bite","Bite","Bite","Bite"]},{"damage_healed":0.0,"max_hp_gain":0.0,"max_hp_loss":0.0,"gold_gain":2.0,"event_name":"betterStone:BetterStone","player_choice":"1","floor":22.0,"gold_loss":0.0,"damage_taken":0.0},{"damage_healed":0.0,"max_hp_gain":0.0,"max_hp_loss":0.0,"gold_gain":0.0,"event_name":"WeMeetAgain","player_choice":"Gave Potion","floor":36.0,"gold_loss":0.0,"damage_taken":0.0,"relics_obtained":["Meat on the Bone"]},{"damage_healed":0.0,"max_hp_gain":0.0,"max_hp_loss":0.0,"gold_gain":0.0,"event_name":"Mysterious Sphere","player_choice":"Fight","floor":45.0,"gold_loss":0.0,"damage_taken":0.0},{"cards_removed":["Defend_L"],"damage_healed":0.0,"max_hp_gain":0.0,"max_hp_loss":0.0,"gold_gain":0.0,"event_name":"Falling","player_choice":"Removed Skill","floor":48.0,"gold_loss":0.0,"damage_taken":0.0}],"is_beta":false,"boss_relics":[{"not_picked":["Ectoplasm","energizedSpire:NeverEndingSparkler"],"picked":"energizedSpire:RedRose"},{"not_picked":["Velvet Choker","Busted Crown"],"picked":"Memories"}],"items_purged_floors":[25],"is_endless":false,"potions_floor_spawned":[1,2,7,23,28,30,33,35,39,41,45,47,54],"ascension_level":1}}