{"host":"nx6ib2o6hmd449ys","time":1608355807,"event":{"mods":["2.2 Compatiblity","AchievementEnabler","Act Like it!","Aspiration","BaseMod","Better Third Choice","BetterRewards","CCEM","Colored Powertips","Conjunction","Conspire","Downfall","Energized Spire","Gensokyo","GifTheSpireLib","GungeonMod","Halation","Hubris","Infinite Spire","Jedi Mod","Lobotomy","LobotomyExtend","Minty Spire (QoL Compilation)","MostiFishMod","Quick Restart","RRrroohrrRGHHhhh!!","Rare Cards Sparkle","RatMod","Replay The Spire","RumiaBox-????????","Shop Mod","Small Relic Pack","Spicy Shops","Spikes Relics","StSLib","Stuff the Spire","TestMod","The Dragon Tamer","TheWitcher","Wandering Minibosses","[IsaacMod]????","vexMod"],"gold_per_floor":[11,77,0,0,0,33,33,89,89,89,103,132,132,144,145,245,-1155,-1141,-1125,-1125,-1125,-1111,-1084,-1084,-1059,-1059,-1059,-1041,-1027,-1008,-995,-981,-981,-981,-871,-871,-859,-846,-846,-846,-846,-811,-811,-776,-776,-707,-684,-637,-637,-597,-597,-552],"floor_reached":53,"playtime":2062,"items_purged":[],"score":1547,"play_id":"ae178dc0-0102-4396-b9e9-a218a6ae0c83","local_time":"20201219063007","is_ascension_mode":true,"campfire_choices":[{"data":"infinitespire:OneForAll","floor":7.0,"key":"SMITH"},{"floor":10.0,"key":"REST"},{"data":"Uppercut","floor":24.0,"key":"SMITH"},{"data":"MostiFishMod:DarkDeal","floor":27.0,"key":"SMITH"},{"data":"MostiFishMod:HellRitual","floor":33.0,"key":"SMITH"},{"data":"rat:Execute","floor":43,"key":"SMITH"},{"data":"MostiFishMod:CullingBlade","floor":51,"key":"SMITH"}],"circlet_count":0,"master_deck":["Strike_R","Strike_R","Strike_R","Strike_R","Strike_R","Defend_R","Defend_R","Defend_R","Defend_R","Bash","Injury","infinitespire:OneForAll+1","DemoMod:BlackBlade","DemoMod:WhiteBlade","Cleave","Flex","MostiFishMod:DarkDeal+1","StuffTheSpire:Incineration+1","StuffTheSpire:Slingshot+1","Rage","MostiFishMod:HellRitual+1","ReplayTheSpireMod:Strike From Hell+1","Flex+1","rat:Decimate+1","Armaments+1","Uppercut+1","DemoMod:Elimentaler+1","rat:Execute+1","Anger+1","Inflame","Inflame","Sword Boomerang+1","Iron Wave+1","Sword Boomerang","MostiFishMod:CullingBlade+1"],"relics":["Burning Blood","HushsDoor","DaveBox","testmod-TestBox","SteamSale","ExusiaiGun","testmod-Nyarlathotep","Replay:Mystery Machine","conspire:DeflatedDodgeball","Red Skull","hubris:MedicalManual","CCEMRelics:TechnogenicHelmet","halation:IllGainedPizza","Question Card","LetterFromLob","MerchantsRug","hubris:Towel","BookOfRevelations","Charon\u0027s Ashes","StuffTheSpire:GrapeVine","hubris:FruitBowl","DemoMod:PoisonVial","ImportantClient","SynthV:MejaisSoulstealer","hubris:Icosahedron","Replay:Wax Seal","CCEMRelics:Pendulum","StuffTheSpire:Mouthbags","Calipers","DemoMod:ResourcefulSack","DemoMod:PartiallyEatenCheese","BirthdayGift-Icosahedron","Ring of Chaos","DemoMod:GlassGuonStoneRelic","Red Mask","PillsDrop","DemoMod:PinkGuonStone","Replay:Bandana","DemoMod:Metronome","GolemAmulet","testmod-AssaultLearning"],"acts_visited":["Gensokyo:Gensokyo","Gensokyo:Gensokyoer","Gensokyo:Gensokyoer","TheBeyond"],"potions_floor_usage":[35,35,35],"damage_taken":[{"damage":0.0,"enemies":"Gensokyo:Gryphon","floor":1.0,"turns":1.0},{"damage":0.0,"enemies":"Gensokyo:Aya","floor":6.0,"turns":2.0},{"damage":28.0,"enemies":"Gensokyo:Cirno","floor":8.0,"turns":9.0},{"damage":0.0,"enemies":"Gensokyo:Python","floor":11.0,"turns":1.0},{"damage":0.0,"enemies":"Gensokyo:Mamizou","floor":12.0,"turns":1.0},{"damage":0.0,"enemies":"Gensokyo:2_Kodama","floor":14.0,"turns":1.0},{"damage":0.0,"enemies":"Gensokyo:Yukari","floor":16.0,"turns":2.0},{"damage":0.0,"enemies":"Gensokyo:2_Gloops","floor":18.0,"turns":1.0},{"damage":0.0,"enemies":"Gensokyo:3_Dogs","floor":19.0,"turns":1.0},{"damage":0.0,"enemies":"rorgmod:Wheel Gremlin","floor":21.0,"turns":1.0},{"damage":0.0,"enemies":"Gensokyo:Swordslinger","floor":22.0,"turns":1.0},{"damage":0.0,"enemies":"Gensokyo:Reisen","floor":23.0,"turns":1.0},{"damage":0.0,"enemies":"Gensokyo:Koishi","floor":25.0,"turns":2.0},{"damage":0.0,"enemies":"DemoMod:4_Bullet_Kins_with_one_veteran","floor":28.0,"turns":1.0},{"damage":0.0,"enemies":"DemoMod:2_Veteran_bullet_kins_and_red_shotgun_kin","floor":29.0,"turns":1.0},{"damage":0.0,"enemies":"DemoMod:Red_and_blue_shotgun_kin_with_gunsinger","floor":30.0,"turns":1.0},{"damage":16.0,"enemies":"DemoMod:Veteran_shot_gun_kin_and_blue_shotgun_kin_with_gunsinger","floor":31.0,"turns":1.0},{"damage":1.0,"enemies":"DemoMod:Veteran_shot_gun_kin_and_blue_shotgun_kin","floor":32.0,"turns":2.0},{"damage":43,"enemies":"DemoMod:ResourcefulRat","floor":35,"turns":8},{"damage":0,"enemies":"Orb Walker","floor":37,"turns":1},{"damage":0,"enemies":"3 Shapes","floor":38,"turns":1},{"damage":0,"enemies":"Reptomancer","floor":42,"turns":1},{"damage":0,"enemies":"R_Hoarder","floor":44,"turns":1},{"damage":0,"enemies":"Transient","floor":46,"turns":1},{"damage":0,"enemies":"Jaw Worm Horde","floor":47,"turns":1},{"damage":0,"enemies":"Giant Head","floor":48,"turns":1},{"damage":0,"enemies":"Reptomancer","floor":50,"turns":1},{"damage":0,"enemies":"conspire:OrnateMirror","floor":52,"turns":1},{"damage":0,"enemies":"Malkuth","floor":53,"turns":1},{"damage":0,"enemies":"Yesod","floor":53,"turns":1},{"damage":0,"enemies":"Chesed","floor":53,"turns":1},{"damage":0,"enemies":"Hokma","floor":53,"turns":2},{"damage":0,"enemies":"Angela","floor":53,"turns":1}],"seed_played":"-5093534976644788240","potions_obtained":[{"floor":8.0,"key":"Energy Potion"},{"floor":23.0,"key":"PowerPotion"},{"floor":25.0,"key":"sneckomod:MuddlingPotion"},{"floor":32.0,"key":"Guardian:BlockOnCardUsePotion"},{"floor":35,"key":"jedi:holywater"},{"floor":46,"key":"Explosive Potion"},{"floor":47,"key":"Energy Potion"}],"is_trial":false,"path_per_floor":["M","?","$","?","?","E","R","E","T","R","M","E","$","M","R","B",null,"M","M","?","?","M","E","R","E","T","R","M","M","M","M","M","R","B","B",null,"M","M","?","?","T","E","R","E","T","M","M","E","T","E","R","B",null],"character_chosen":"IRONCLAD","items_purchased":["Replay:Mystery Machine","DemoMod:GnawedKey","conspire:DeflatedDodgeball","Red Skull","CCEMRelics:TechnogenicHelmet","halation:IllGainedPizza","MerchantsRug","hubris:FruitBowl"],"campfire_rested":1,"item_purchase_floors":[0,0,0,0,0,0,3,13],"current_hp_per_floor":[42,27,27,27,27,33,33,11,11,33,39,45,26,32,17,23,62,68,74,74,75,75,75,75,75,75,75,75,75,75,65,70,70,75,38,66,73,75,75,75,75,85,85,85,85,85,85,85,85,85,85,85],"gold":-362,"neow_bonus":"","is_daily":false,"chose_seed":false,"campfire_upgraded":6,"win_rate":0.0,"timestamp":1608355807,"path_taken":["M","?","$","?","?","E","R","E","T","R","?","E","?","M","R","BOSS","M","M","?","?","?","E","R","E","T","R","M","M","M","M","M","R","BOSS","BOSS","M","M","?","?","?","E","R","E","T","M","M","E","?","E","R","BOSS"],"items_purchased_type":["Relic","Relic","Relic","Relic","Relic","Relic","Relic","Relic"],"build_version":"2020-12-13","purchased_purges":0,"victory":true,"max_hp_per_floor":[75,75,75,75,75,75,75,75,75,75,75,75,75,75,75,75,75,75,75,75,75,75,75,75,75,75,75,75,75,75,75,75,75,75,75,75,75,75,75,75,75,85,85,85,85,85,85,85,85,85,85,85],"card_choices":[{"not_picked":["Pommel Strike","ReplayTheSpireMod:Strike From Hell"],"picked":"infinitespire:OneForAll","floor":1.0},{"not_picked":["jedi:MakeshiftSword","ReplayTheSpireMod:Muscle Training","jedi:fear"],"picked":"DemoMod:BlackBlade","floor":6.0},{"not_picked":["StuffTheSpire:Slingshot","Second Wind","Absolvement"],"picked":"Cleave","floor":8.0},{"not_picked":["Burning Pact","MostiFishMod:404NotFound","Armaments"],"picked":"Flex","floor":11.0},{"not_picked":["jedi:fear","Clothesline","Cleave","Metallicize"],"picked":"SKIP","floor":12.0},{"not_picked":["Pommel Strike","Run Through","Entrench"],"picked":"Uppercut","floor":14.0},{"not_picked":["Exhume","Eclipse","conspire:Purge"],"picked":"MostiFishMod:DarkDeal","floor":16.0},{"not_picked":["Invigoration","ReplayTheSpireMod:Stacked+1","Massacre"],"picked":"StuffTheSpire:Incineration+1","floor":18.0},{"not_picked":["StuffTheSpire:RockThrow+1","Impervious","hubris:SharpeningStone","Abandon"],"picked":"SKIP","floor":19.0},{"not_picked":["Headbutt","Shrug It Off","Second Wind"],"picked":"StuffTheSpire:Slingshot+1","floor":22.0},{"not_picked":["Hemokinesis","Clash","Entrench"],"picked":"Rage","floor":23.0},{"not_picked":["StuffTheSpire:RagingBull+1","Wild Strike","Shrug It Off"],"picked":"MostiFishMod:HellRitual","floor":25.0},{"not_picked":["Second Wind+1","Replay:Undeath\u0027s Touch","Pummel","Run Through"],"picked":"SKIP","floor":28.0},{"not_picked":["Metallicize+1","jedi:controlledanger","Replay:Undeath\u0027s Touch+1"],"picked":"ReplayTheSpireMod:Strike From Hell+1","floor":29.0},{"not_picked":["Perfected Strike","jedi:fear","MostiFishMod:HellRitual"],"picked":"Flex+1","floor":30.0},{"not_picked":["Twin Strike","Life Link+1","Heavy Blade"],"picked":"rat:Decimate+1","floor":31.0},{"not_picked":["Twin Strike","Havoc+1","Rampage+1"],"picked":"Armaments+1","floor":32.0},{"not_picked":[],"picked":"DemoMod:Elimentaler","floor":35},{"not_picked":["Juggernaut","Demonic Infusion","jedi:bloodyhammer"],"picked":"rat:Execute","floor":35},{"not_picked":["MostiFishMod:NeverNightCountry","Clothesline+1","Run Through+1"],"picked":"Anger+1","floor":36},{"not_picked":["Twin Strike","Havoc+1","Body Slam+1"],"picked":"Inflame","floor":37},{"not_picked":["Heavy Blade+1","Iron Wave+1","Sentinel+1"],"picked":"Inflame","floor":38},{"not_picked":["Spot Weakness+1","Armaments","Evolve+1","Second Wind+1"],"picked":"SKIP","floor":42},{"not_picked":["Headbutt","Cleave","StuffTheSpire:RockThrow"],"picked":"Sword Boomerang+1","floor":44},{"not_picked":["Perfected Strike","Replay:Undeath\u0027s Touch","jedi:suffering+1"],"picked":"Iron Wave+1","floor":46},{"not_picked":["Heavy Blade","Iron Wave+1","DemoMod:BlackBlade"],"picked":"Sword Boomerang","floor":47},{"not_picked":["Wild Strike+1","Sword Boomerang+1","Shrug It Off+1","Hemokinesis+1"],"picked":"SKIP","floor":48},{"not_picked":["Flex+1","Shrug It Off+1","Clash+1"],"picked":"MostiFishMod:CullingBlade","floor":50}],"player_experience":253910,"relics_obtained":[{"floor":1.0,"key":"Question Card"},{"floor":1.0,"key":"LetterFromLob"},{"floor":6.0,"key":"BookOfRevelations"},{"floor":8.0,"key":"Charon\u0027s Ashes"},{"floor":12.0,"key":"StuffTheSpire:GrapeVine"},{"floor":16.0,"key":"ImportantClient"},{"floor":21.0,"key":"Replay:Wax Seal"},{"floor":23.0,"key":"CCEMRelics:Pendulum"},{"floor":25.0,"key":"StuffTheSpire:Mouthbags"},{"floor":36,"key":"Calipers"},{"floor":36,"key":"DemoMod:ResourcefulSack"},{"floor":36,"key":"DemoMod:PartiallyEatenCheese"},{"floor":36,"key":"BirthdayGift-Icosahedron"},{"floor":36,"key":"Ring of Chaos"},{"floor":41,"key":"PillsDrop"},{"floor":42,"key":"DemoMod:PinkGuonStone"},{"floor":44,"key":"Replay:Bandana"},{"floor":48,"key":"DemoMod:Metronome"},{"floor":49,"key":"GolemAmulet"},{"floor":50,"key":"testmod-AssaultLearning"}],"event_choices":[{"damage_healed":0.0,"max_hp_gain":0.0,"max_hp_loss":0.0,"gold_gain":0.0,"event_name":"conspire:Investor","player_choice":"Leave","floor":5.0,"gold_loss":0.0,"damage_taken":0.0},{"damage_healed":0.0,"max_hp_gain":0.0,"max_hp_loss":0.0,"gold_gain":0.0,"event_name":"rorgmod:Wheel of Change","player_choice":"Fighting Wheel Gremlin","floor":21.0,"gold_loss":0.0,"damage_taken":0.0},{"damage_healed":0,"gold_gain":0,"player_choice":"Paid","damage_taken":0,"relics_obtained":["Red Mask"],"max_hp_gain":0,"max_hp_loss":0,"event_name":"Tomb of Lord Red Mask","floor":39,"gold_loss":-846}],"is_beta":false,"boss_relics":[{"not_picked":["vexMod:EndlessSickness","hubris:TerracottaHorce"],"picked":"SynthV:MejaisSoulstealer"},{"not_picked":[]},{"not_picked":[]}],"items_purged_floors":[],"is_endless":false,"potions_floor_spawned":[8,23,25,30,32,35,46,47],"ascension_level":9}}