{"host":"axrdhsaugr8t8srp","time":1608396520,"event":{"mods":["BaseMod","Minty Spire (QoL Compilation)","StSLib"],"gold_per_floor":[110,121,46,196,210,210,210,244,244,144,170,497,497,543,543,543,543],"floor_reached":16,"playtime":350,"items_purged":["Strike_R","Doubt"],"score":191,"play_id":"71772be2-712d-46c1-ac13-3eb040487657","local_time":"20201220034840","is_ascension_mode":true,"campfire_choices":[{"data":"Armaments","floor":6,"key":"SMITH"},{"data":"Pommel Strike","floor":15,"key":"SMITH"}],"circlet_count":0,"master_deck":["AscendersBane","Strike_R","Strike_R","Strike_R+1","Strike_R","Defend_R","Defend_R+1","Defend_R","Defend_R","Bash","Armaments+1","Shockwave","Immolate","Pommel Strike+1"],"relics":["Burning Blood","NeowsBlessing","Frozen Egg 2","Centennial Puzzle","Odd Mushroom","Old Coin","CeramicFish"],"acts_visited":["Exordium"],"potions_floor_usage":[11,12,16],"damage_taken":[{"damage":0,"enemies":"Cultist","floor":1,"turns":1},{"damage":0,"enemies":"Small Slimes","floor":2,"turns":1},{"damage":0,"enemies":"Jaw Worm","floor":5,"turns":1},{"damage":39,"enemies":"3 Sentries","floor":8,"turns":5},{"damage":0,"enemies":"The Mushroom Lair","floor":11,"turns":2},{"damage":18,"enemies":"Lagavulin","floor":12,"turns":6},{"damage":15,"enemies":"The Guardian","floor":16,"turns":5}],"seed_played":"5633540126546132418","potions_obtained":[{"floor":2,"key":"FearPotion"},{"floor":11,"key":"ColorlessPotion"},{"floor":12,"key":"PowerPotion"}],"is_trial":false,"path_per_floor":["M","M","$","?","M","R","?","E","T","$","?","E","?","T","R","B"],"character_chosen":"IRONCLAD","items_purchased":[],"campfire_rested":0,"item_purchase_floors":[],"current_hp_per_floor":[74,75,75,75,75,75,75,42,42,42,48,36,13,13,13,0,0],"gold":543,"neow_bonus":"THREE_ENEMY_KILL","is_daily":false,"chose_seed":false,"campfire_upgraded":2,"win_rate":0.0,"timestamp":1608396520,"path_taken":["M","M","?","?","?","R","?","E","T","$","?","E","?","?","R","BOSS"],"items_purchased_type":[],"build_version":"2020-12-13","purchased_purges":2,"victory":false,"max_hp_per_floor":[75,75,75,75,75,75,75,75,75,75,75,75,75,75,75,75,75],"card_choices":[{"not_picked":["Havoc","Twin Strike"],"picked":"Armaments","floor":1},{"not_picked":["Thunderclap","Power Through"],"picked":"Shockwave","floor":2},{"not_picked":["Sword Boomerang","Twin Strike"],"picked":"Immolate","floor":5},{"not_picked":["Clothesline","Sentinel"],"picked":"Pommel Strike","floor":8},{"not_picked":["Carnage","Iron Wave","Armaments"],"picked":"SKIP","floor":12}],"player_experience":790855,"relics_obtained":[{"floor":8,"key":"Frozen Egg 2"},{"floor":9,"key":"Centennial Puzzle"},{"floor":11,"key":"Odd Mushroom"},{"floor":12,"key":"Old Coin"},{"floor":14,"key":"CeramicFish"}],"event_choices":[{"damage_healed":0,"gold_gain":150,"player_choice":"AGREE","damage_taken":0,"max_hp_gain":0,"max_hp_loss":0,"event_name":"Liars Game","floor":4,"gold_loss":0,"cards_obtained":["Doubt"]},{"damage_healed":0,"gold_gain":0,"player_choice":"Ignored","damage_taken":0,"max_hp_gain":0,"max_hp_loss":0,"event_name":"Golden Idol","floor":7,"gold_loss":0},{"damage_healed":0,"gold_gain":0,"player_choice":"Fought Mushrooms","damage_taken":0,"max_hp_gain":0,"max_hp_loss":0,"event_name":"Mushrooms","floor":11,"gold_loss":0},{"damage_healed":0,"gold_gain":0,"player_choice":"Entered Light","damage_taken":23,"max_hp_gain":0,"max_hp_loss":0,"event_name":"Shining Light","floor":13,"gold_loss":0,"cards_upgraded":["Strike_R","Defend_R"]}],"is_beta":false,"boss_relics":[],"items_purged_floors":[3,10],"is_endless":false,"potions_floor_spawned":[2,11,12],"killed_by":"The Guardian","ascension_level":16}}