{"host":"zhypnm5xlgq8j242","time":1608412675,"event":{"mods":["AchievementEnabler","BaseMod","BetterRewards","Colored Powertips","Hermit","Keyboard Shortcuts","Minty Spire (QoL Compilation)","Quick Restart","Replay The Spire","Shop Mod","StSLib","The Cursed","The Hierophant","The Runesmith"],"gold_per_floor":[117,117,117,129,2,36,36,53,53,53,53,69,84,84,84,19,19,123,123,134,146,161,173,39,67,67,102,102,102,134,146,165,178,178,273,273,283,211,211,221,39,68,92,123,123,123,123],"floor_reached":46,"playtime":2306,"items_purged":["Strike_G"],"score":909,"play_id":"8328fe0c-37c6-482d-8093-6e62eaebb2ca","local_time":"20201220061755","is_ascension_mode":true,"campfire_choices":[{"data":"Footwork","floor":7,"key":"SMITH"},{"data":"Noxious Fumes","floor":15,"key":"SMITH"},{"data":"Apotheosis","floor":17,"key":"SMITH"},{"floor":26,"key":"REST"},{"floor":29,"key":"REST"},{"floor":34,"key":"DIG"}],"circlet_count":0,"master_deck":["Strike_G","Strike_G","Strike_G","Defend_G","Defend_G","Defend_G","Defend_G","Defend_G","Survivor+1","Neutralize","Dodge and Roll","Replay:Poison Smokescreen","Bouncing Flask","Footwork+1","Deadly Poison","PiercingWail","Backflip","Noxious Fumes+1","Blur","Bouncing Flask","ReplayTheSpireMod:IOU","Apotheosis+1","Purity","Transmutation","Leg Sweep+1","Backflip","Poisoned Stab+1","Deadly Poison","ReplayTheSpireMod:IOU","ReplayTheSpireMod:IOU","Pot Of Greed","Pot Of Greed","Pot Of Greed","Specialist","ReplayTheSpireMod:Necrosis","Expertise+1","Bane","Noxious Fumes+1","Pot Of Greed","PiercingWail+1","Poison Darts","Deadly Poison+1","Noxious Fumes","Noxious Fumes","Draining Mist+1","Dash+1"],"relics":["Ring of the Snake","NeowsBlessing","HornCleat","ReplayTheSpireMod:Lightbulb","Replay:Wax Seal","ReplayTheSpireMod:ShopPack","ChewingGum","Membership Card","Grinning Jar","Ancient Tea Set","Pear","Du-Vu Doll","Red Mask","Replay:Rubber Ducky","Bronze Scales","FossilizedHelix","Replay:Mystery Machine","Smiling Mask","Happy Flower","Onion Ring"],"acts_visited":["Exordium","TheCity","TheBeyond"],"potions_floor_usage":[22,23,25,30,33,35,37,46],"damage_taken":[{"damage":0,"enemies":"Small Slimes","floor":1,"turns":1},{"damage":0,"enemies":"Jaw Worm","floor":4,"turns":1},{"damage":0,"enemies":"Lagavulin","floor":6,"turns":1},{"damage":2,"enemies":"Cultist","floor":8,"turns":4},{"damage":0,"enemies":"Blue Slaver","floor":12,"turns":4},{"damage":0,"enemies":"3 Louse","floor":13,"turns":3},{"damage":4,"enemies":"The Guardian","floor":18,"turns":7},{"damage":0,"enemies":"Spheric Guardian","floor":20,"turns":3},{"damage":0,"enemies":"Shell Parasite","floor":21,"turns":4},{"damage":26,"enemies":"Centurion and Healer","floor":22,"turns":7},{"damage":25,"enemies":"Cultist and Chosen","floor":23,"turns":8},{"damage":6,"enemies":"Book of Stabbing","floor":25,"turns":7},{"damage":2,"enemies":"Gremlin Leader","floor":27,"turns":6},{"damage":0,"enemies":"Masked Bandits","floor":30,"turns":4},{"damage":8,"enemies":"Snake Plant","floor":31,"turns":4},{"damage":6,"enemies":"Centurion and Healer","floor":32,"turns":5},{"damage":16,"enemies":"3 Cultists","floor":33,"turns":6},{"damage":0,"enemies":"Collector","floor":35,"turns":8},{"damage":5,"enemies":"3 Darklings","floor":37,"turns":6},{"damage":5,"enemies":"3 Shapes","floor":40,"turns":6},{"damage":42,"enemies":"Giant Head","floor":42,"turns":9},{"damage":0,"enemies":"Nemesis","floor":44,"turns":7},{"damage":20,"enemies":"Transient","floor":46,"turns":4}],"seed_played":"3046796551836837433","potions_obtained":[{"floor":4,"key":"LifebloodPotion"},{"floor":13,"key":"Elixir"},{"floor":18,"key":"Dexterity Potion"},{"floor":23,"key":"Toxic Potion"},{"floor":25,"key":"ColorlessPotion"},{"floor":31,"key":"SkillPotion"},{"floor":33,"key":"FearPotion"},{"floor":37,"key":"Weak Potion"},{"floor":44,"key":"Dexterity Potion"}],"is_trial":false,"path_per_floor":["M","?","T","M","$","E","R","M","T","PTL","PTL","M","M","?","R","$","R","B",null,"M","M","M","M","$","E","R","E","T","R","?","M","M","M","R","B",null,"M","$","?","M","$","E","T","E","T","M"],"character_chosen":"THE_SILENT","items_purchased":["Footwork","Deadly Poison","Bouncing Flask","ReplayTheSpireMod:ShopPack","Membership Card","Grinning Jar","Specialist","Regen Potion","Bronze Scales","FossilizedHelix","Noxious Fumes"],"campfire_rested":2,"item_purchase_floors":[5,5,16,16,24,24,24,24,38,41,41],"current_hp_per_floor":[63,63,63,63,63,63,63,61,61,61,61,61,61,61,61,61,61,57,67,67,67,41,16,16,24,45,53,53,77,77,69,63,47,47,47,72,67,67,67,62,62,20,20,20,20,0,0],"gold":123,"neow_bonus":"THREE_ENEMY_KILL","is_daily":false,"chose_seed":false,"campfire_upgraded":3,"win_rate":0.0,"timestamp":1608412675,"path_taken":["M","?","?","M","$","E","R","M","T","PTL","PTL","?","M","?","R","$","R","BOSS","M","M","M","M","$","E","R","E","T","R","?","M","M","M","R","BOSS","M","$","?","M","?","E","?","E","T","M"],"items_purchased_type":["Card","Card","Card","Relic","Relic","Relic","Card","Potion","Relic","Relic","Card"],"build_version":"2020-12-13","purchased_purges":1,"victory":false,"max_hp_per_floor":[70,70,70,70,70,70,70,70,70,70,70,70,70,70,70,70,70,70,70,70,70,70,70,70,70,70,80,80,80,80,80,80,80,80,80,80,80,80,80,80,80,80,80,80,80,80,80],"card_choices":[{"not_picked":["Underhanded Strike","Eviscerate"],"picked":"Dodge and Roll","floor":1},{"not_picked":["Backflip","Acrobatics"],"picked":"Bouncing Flask","floor":4},{"not_picked":["Masterful Stab","Dagger Spray"],"picked":"PiercingWail","floor":6},{"not_picked":["Draining Mist","Cloak And Dagger"],"picked":"Backflip","floor":8},{"not_picked":["Poisoned Stab","Dagger Throw"],"picked":"Noxious Fumes","floor":12},{"not_picked":["Sneak Up","Deadly Poison"],"picked":"Blur","floor":13},{"not_picked":["Secret Technique","Metamorphosis"],"picked":"Apotheosis","floor":16},{"not_picked":["Metamorphosis","Forethought"],"picked":"Purity","floor":16},{"not_picked":["Mayhem","Replay:Sssssssssshield"],"picked":"Transmutation","floor":16},{"not_picked":["Deadly Poison","Sucker Punch+1"],"picked":"Leg Sweep+1","floor":20},{"not_picked":["Sucker Punch","Reflex"],"picked":"Backflip","floor":21},{"not_picked":["Bane","Outmaneuver"],"picked":"Poisoned Stab+1","floor":22},{"not_picked":["ReplayTheSpireMod:Scrap Shanks","Slice"],"picked":"Deadly Poison","floor":23},{"not_picked":["ReplayTheSpireMod:Scrap Shanks","Dodge and Roll+1"],"picked":"ReplayTheSpireMod:Necrosis","floor":25},{"not_picked":["Prepared","Tactician+1"],"picked":"Expertise+1","floor":27},{"not_picked":["ReplayTheSpireMod:Shiv Toss","Quick Slash"],"picked":"Bane","floor":30},{"not_picked":["Backflip","Slice"],"picked":"Noxious Fumes+1","floor":31},{"not_picked":["Backflip","Quick Slash","Blade Dance"],"picked":"SKIP","floor":32},{"not_picked":["Storm of Steel","Dash"],"picked":"PiercingWail+1","floor":33},{"not_picked":["Night Terror","Replay:Bag of Tricks"],"picked":"Poison Darts","floor":35},{"not_picked":["Acrobatics","Cloak And Dagger","Sucker Punch+1"],"picked":"SKIP","floor":37},{"not_picked":["Slice+1","Quick Slash+1"],"picked":"Deadly Poison+1","floor":40},{"not_picked":["Accuracy+1","Flying Knee+1"],"picked":"Draining Mist+1","floor":42},{"not_picked":["Distraction","Bane+1"],"picked":"Dash+1","floor":44}],"player_experience":558746,"relics_obtained":[{"floor":3,"key":"HornCleat"},{"floor":6,"key":"ReplayTheSpireMod:Lightbulb"},{"floor":9,"key":"Replay:Wax Seal"},{"floor":25,"key":"Ancient Tea Set"},{"floor":27,"key":"Pear"},{"floor":28,"key":"Du-Vu Doll"},{"floor":30,"key":"Red Mask"},{"floor":34,"key":"Replay:Rubber Ducky"},{"floor":42,"key":"Replay:Mystery Machine"},{"floor":43,"key":"Smiling Mask"},{"floor":44,"key":"Happy Flower"},{"floor":45,"key":"Onion Ring"}],"event_choices":[{"damage_healed":0,"gold_gain":0,"cards_transformed":["Strike_G"],"player_choice":"Change","damage_taken":0,"max_hp_gain":0,"max_hp_loss":0,"event_name":"Living Wall","floor":2,"gold_loss":0,"cards_obtained":["Replay:Poison Smokescreen"]},{"damage_healed":0,"gold_gain":0,"player_choice":"Fought Bandits","damage_taken":0,"max_hp_gain":0,"max_hp_loss":0,"event_name":"Masked Bandits","floor":30,"gold_loss":0},{"damage_healed":0,"gold_gain":0,"player_choice":"Ignored","damage_taken":0,"max_hp_gain":0,"max_hp_loss":0,"event_name":"SecretPortal","floor":39,"gold_loss":0}],"is_beta":false,"boss_relics":[{"not_picked":["Runic Dome","Snecko Scales"],"picked":"ChewingGum"},{"not_picked":["Replay:Drink Me","Snecko Eye","ReplayTheSpireMod:DimensionalGlitch"]}],"items_purged_floors":[24],"is_endless":false,"potions_floor_spawned":[4,13,18,20,23,25,31,33,37,44],"killed_by":"Transient","ascension_level":7}}