{"host":"hgkb2zpbo2dcws21","time":1608386048,"event":{"mods":["AchievementEnabler","BaseMod","Colored Map","Colored Powertips","Custom Start","DeckTracker","KOR Keyword Fix","Minty Spire (QoL Compilation)","StSLib","SuperFastMode"],"gold_per_floor":[114,39,39,39,50,82,82,82,82,97,97,124,139,158,158,235,235,247,264,278,293,6,6,6,6,52,102,118,118,118,68,68,68,68],"floor_reached":33,"playtime":667,"items_purged":["Strike_G","Strike_G"],"score":513,"play_id":"2f607449-2e54-4665-a16d-b6629e6182ad","local_time":"20201219225408","is_ascension_mode":true,"campfire_choices":[{"data":"Tactician","floor":7.0,"key":"SMITH"},{"data":"Neutralize","floor":11.0,"key":"SMITH"},{"data":"Footwork","floor":15.0,"key":"SMITH"},{"floor":23,"key":"REST"},{"floor":25,"key":"REST"},{"data":"Acrobatics","floor":29,"key":"SMITH"},{"data":"Malaise","floor":32,"key":"SMITH"}],"circlet_count":0,"master_deck":["AscendersBane","Strike_G","Strike_G+1","Defend_G","Defend_G","Defend_G+1","Defend_G","Survivor","Neutralize+1","Dagger Throw","Tactician+1","Dagger Spray","Footwork+1","PiercingWail","Malaise+1","CurseOfTheBell","Acrobatics+1","Dash+1","All Out Attack","Blade Dance"],"relics":["Ring of the Snake","NeowsBlessing","Nunchaku","Smiling Mask","InkBottle","Bag of Marbles","Calling Bell","Centennial Puzzle","Matryoshka","Du-Vu Doll","Sundial","Snake Skull","Lantern"],"acts_visited":["Exordium","TheCity"],"potions_floor_usage":[33],"damage_taken":[{"damage":0.0,"enemies":"2 Louse","floor":1.0,"turns":1.0},{"damage":0.0,"enemies":"Jaw Worm","floor":5.0,"turns":1.0},{"damage":0.0,"enemies":"Lagavulin","floor":6.0,"turns":1.0},{"damage":0.0,"enemies":"Cultist","floor":10.0,"turns":3.0},{"damage":0.0,"enemies":"Gremlin Gang","floor":13.0,"turns":2.0},{"damage":1.0,"enemies":"Looter","floor":14.0,"turns":3.0},{"damage":6.0,"enemies":"The Guardian","floor":16.0,"turns":16.0},{"damage":13.0,"enemies":"Chosen","floor":18.0,"turns":7.0},{"damage":19.0,"enemies":"2 Thieves","floor":19.0,"turns":5.0},{"damage":13.0,"enemies":"Snake Plant","floor":20.0,"turns":7.0},{"damage":8.0,"enemies":"Centurion and Healer","floor":21.0,"turns":8.0},{"damage":4,"enemies":"Chosen and Byrds","floor":28,"turns":4},{"damage":45,"enemies":"Champ","floor":33,"turns":15}],"seed_played":"-5772896334346131735","potions_obtained":[{"floor":6.0,"key":"CunningPotion"},{"floor":10.0,"key":"Fire Potion"},{"floor":16.0,"key":"Fire Potion"},{"floor":19.0,"key":"SteroidPotion"}],"is_trial":false,"path_per_floor":["M","$","?","$","M","E","R","?","T","M","R","T","M","M","R","B",null,"M","M","M","M","$","R","?","R","T","?","M","R","?","$","R","B"],"character_chosen":"THE_SILENT","items_purchased":["Sundial"],"campfire_rested":2,"item_purchase_floors":[22],"current_hp_per_floor":[59,59,54,54,54,54,54,34,34,34,34,34,34,33,33,27,56,43,24,11,3,3,22,22,41,41,41,37,37,37,37,37,0,0],"gold":68,"neow_bonus":"THREE_ENEMY_KILL","is_daily":false,"chose_seed":false,"campfire_upgraded":5,"win_rate":0.0,"timestamp":1608386048,"path_taken":["M","$","?","$","M","E","R","?","T","M","R","?","?","M","R","BOSS","M","M","?","M","$","R","?","R","T","?","?","R","?","$","R","BOSS"],"items_purchased_type":["Relic"],"build_version":"2020-12-13","purchased_purges":2,"victory":false,"max_hp_per_floor":[66,66,66,66,66,66,66,66,66,66,66,66,66,66,66,66,66,66,66,66,66,66,66,66,66,66,66,66,66,66,66,66,66,66],"card_choices":[{"not_picked":["Quick Slash","Deflect"],"picked":"Dagger Throw","floor":1.0},{"not_picked":["Outmaneuver","Slice"],"picked":"Tactician","floor":5.0},{"not_picked":["Distraction","Dodge and Roll"],"picked":"Dagger Spray","floor":6.0},{"not_picked":["Skewer","Deflect","Dagger Throw"],"picked":"SKIP","floor":10.0},{"not_picked":["Dagger Throw","Slice"],"picked":"Footwork","floor":13.0},{"not_picked":["Heel Hook","Bane"],"picked":"PiercingWail","floor":14.0},{"not_picked":["Storm of Steel","Burst"],"picked":"Malaise","floor":16.0},{"not_picked":["Bane","Concentrate","Infinite Blades"],"picked":"SKIP","floor":18.0},{"not_picked":["Dagger Throw","Flechettes"],"picked":"Acrobatics","floor":19.0},{"not_picked":["Tactician","Flechettes","Deadly Poison"],"picked":"SKIP","floor":20.0},{"not_picked":["Sucker Punch","Masterful Stab"],"picked":"Dash+1","floor":21.0},{"not_picked":["Masterful Stab+1","All Out Attack","Outmaneuver"],"picked":"SKIP","floor":28}],"player_experience":1088512,"relics_obtained":[{"floor":6.0,"key":"Smiling Mask"},{"floor":9.0,"key":"InkBottle"},{"floor":12.0,"key":"Bag of Marbles"},{"floor":17.0,"key":"Centennial Puzzle"},{"floor":17.0,"key":"Matryoshka"},{"floor":17.0,"key":"Du-Vu Doll"},{"floor":26,"key":"Snake Skull"},{"floor":26,"key":"Lantern"}],"event_choices":[{"damage_healed":0.0,"max_hp_gain":0.0,"max_hp_loss":0.0,"gold_gain":0.0,"event_name":"Scrap Ooze","player_choice":"Success","floor":3.0,"gold_loss":0.0,"damage_taken":5.0,"relics_obtained":["Nunchaku"]},{"damage_healed":0.0,"max_hp_gain":0.0,"max_hp_loss":0.0,"gold_gain":0.0,"event_name":"Shining Light","player_choice":"Entered Light","floor":8.0,"gold_loss":0.0,"damage_taken":20.0,"cards_upgraded":["Strike_G","Defend_G"]},{"damage_healed":0,"gold_gain":0,"cards_transformed":["Strike_G","Defend_G"],"player_choice":"Became Test Subject","damage_taken":0,"max_hp_gain":0,"max_hp_loss":0,"event_name":"Drug Dealer","floor":24,"gold_loss":0,"cards_obtained":["All Out Attack","Blade Dance"]},{"damage_healed":0,"gold_gain":50,"player_choice":"Stole From Cult","damage_taken":0,"max_hp_gain":0,"max_hp_loss":0,"event_name":"Nest","floor":27,"gold_loss":0},{"damage_healed":0,"gold_gain":0,"player_choice":"Ignored","damage_taken":0,"max_hp_gain":0,"max_hp_loss":0,"event_name":"The Mausoleum","floor":30,"gold_loss":0}],"is_beta":false,"boss_relics":[{"not_picked":["Cursed Key","SlaversCollar"],"picked":"Calling Bell"}],"items_purged_floors":[2,31],"is_endless":false,"potions_floor_spawned":[6,10,16,19,20,21],"killed_by":"Champ","ascension_level":18}}