{"host":"bxn2em57qlx5u4i0","time":1608355592,"event":{"mods":["BaseMod","Colored Map","Colored Powertips","Highlight Path","Minty Spire (QoL Compilation)","Random Character Button","Relic Sorter","Relic Stats","StSLib","SuperFastMode"],"gold_per_floor":[112,129,8,26,26,36,36,66,91,16,16,36,36,36,36,36,36],"floor_reached":16,"playtime":417,"items_purged":["Defend_G"],"score":200,"play_id":"44245a9e-7d38-40ff-a8c7-9cde32b3d287","local_time":"20201219002632","is_ascension_mode":true,"campfire_choices":[{"data":"All Out Attack","floor":7.0,"key":"SMITH"},{"data":"Skewer","floor":11.0,"key":"SMITH"},{"data":"Cloak And Dagger","floor":13.0,"key":"SMITH"},{"data":"Footwork","floor":15.0,"key":"SMITH"}],"circlet_count":0,"master_deck":["AscendersBane","Strike_G","Strike_G","Strike_G","Strike_G","Strike_G","Defend_G","Defend_G","Defend_G","Defend_G","Survivor","Neutralize","Blur","All Out Attack+1","Footwork+1","Blur","Dagger Spray","Skewer+1","Cloak And Dagger+1"],"relics":["Ring of the Snake","WingedGreaves","Kunai","MealTicket","Oddly Smooth Stone"],"acts_visited":["Exordium"],"potions_floor_usage":[16],"damage_taken":[{"damage":1.0,"enemies":"Cultist","floor":1.0,"turns":4.0},{"damage":2.0,"enemies":"2 Louse","floor":2.0,"turns":6.0},{"damage":0.0,"enemies":"Jaw Worm","floor":4.0,"turns":4.0},{"damage":7.0,"enemies":"Looter","floor":6.0,"turns":5.0},{"damage":22.0,"enemies":"Lagavulin","floor":8.0,"turns":14.0},{"damage":0.0,"enemies":"3 Louse","floor":12.0,"turns":3.0},{"damage":47,"enemies":"Hexaghost","floor":16,"turns":16}],"seed_played":"-6471511732775859770","potions_obtained":[{"floor":1.0,"key":"GamblersBrew"},{"floor":6.0,"key":"Fire Potion"}],"is_trial":false,"path_per_floor":["M","M","$","M","T","M","R","E","T","$","R","M","R","?","R","B"],"character_chosen":"THE_SILENT","items_purchased":["All Out Attack","Footwork"],"campfire_rested":0,"item_purchase_floors":[3,3],"current_hp_per_floor":[58,56,56,56,56,49,49,27,27,42,42,42,42,47,47,0,0],"gold":36,"neow_bonus":"ONE_RARE_RELIC","is_daily":false,"chose_seed":false,"campfire_upgraded":4,"win_rate":0.0,"timestamp":1608355592,"path_taken":["M","M","$","M","?","M","R","E","T","$","R","?","R","?","R","BOSS"],"items_purchased_type":["Card","Card"],"build_version":"2020-12-13","purchased_purges":1,"victory":false,"max_hp_per_floor":[60,60,60,60,60,60,60,60,60,60,60,60,60,65,65,65,65],"relic_stats":{"counters":[7,52],"MealTicket":15,"Kunai":[9],"obtain_stats":[{"Oddly Smooth Stone":9,"MealTicket":8,"WingedGreaves":0,"Kunai":5,"Ring of the Snake":0},{"Oddly Smooth Stone":5,"MealTicket":5,"WingedGreaves":0,"Kunai":3,"Ring of the Snake":0},{"Oddly Smooth Stone":33,"MealTicket":33,"WingedGreaves":0,"Kunai":14,"Ring of the Snake":0}],"Ring of the Snake":[14]},"card_choices":[{"not_picked":["Dodge and Roll","Backflip"],"picked":"Blur","floor":1.0},{"not_picked":["Eviscerate","Expertise","Acrobatics"],"picked":"SKIP","floor":2.0},{"not_picked":["Outmaneuver","Skewer"],"picked":"Blur","floor":4.0},{"not_picked":["Calculated Gamble","Deadly Poison"],"picked":"Dagger Spray","floor":6.0},{"not_picked":["Concentrate","Dodge and Roll"],"picked":"Skewer","floor":8.0},{"not_picked":["PiercingWail","Deflect"],"picked":"Cloak And Dagger","floor":12.0}],"player_experience":2811112,"relics_obtained":[{"floor":5.0,"key":"Kunai"},{"floor":8.0,"key":"MealTicket"},{"floor":9.0,"key":"Oddly Smooth Stone"}],"event_choices":[{"damage_healed":0.0,"max_hp_gain":5.0,"max_hp_loss":0.0,"gold_gain":0.0,"event_name":"Big Fish","player_choice":"Donut","floor":14.0,"gold_loss":0.0,"damage_taken":0.0}],"is_beta":false,"boss_relics":[],"items_purged_floors":[10],"is_endless":false,"potions_floor_spawned":[1,6],"killed_by":"Hexaghost","ascension_level":20}}