{"host":"m6aaltr68g9tvoay","time":1608355162,"event":{"mods":["AchievementEnabler","BaseMod","Colored Map","Minty Spire (QoL Compilation)","StSLib"],"gold_per_floor":[114,114,79,23,43,43,43,58,105,105,105,130,142,118,118,195,195,149,161,175,175,175,175],"floor_reached":22,"playtime":861,"items_purged":[],"score":359,"play_id":"91546c98-2419-4343-b2fa-c79a5156a725","local_time":"20201218211922","is_ascension_mode":true,"campfire_choices":[{"data":"After Image","floor":6,"key":"SMITH"},{"data":"Cloak And Dagger","floor":11,"key":"SMITH"},{"floor":15,"key":"REST"}],"circlet_count":0,"master_deck":["AscendersBane","Strike_G","Strike_G","Strike_G","Strike_G","Strike_G","Defend_G","Defend_G","Defend_G","Defend_G","Defend_G","Survivor","Neutralize","After Image+1","Terror+1","Cloak And Dagger+1","Slice","Flying Knee","Finisher","Quick Slash","Burst","Blade Dance","Writhe"],"relics":["Ring of the Snake","Art of War","Blood Vial","MealTicket","SacredBark","Snake Skull"],"acts_visited":["Exordium","TheCity"],"potions_floor_usage":[12,19,22],"damage_taken":[{"damage":9,"enemies":"Jaw Worm","floor":1,"turns":6},{"damage":4,"enemies":"Small Slimes","floor":5,"turns":3},{"damage":0,"enemies":"2 Louse","floor":8,"turns":3},{"damage":29,"enemies":"Lagavulin","floor":12,"turns":7},{"damage":0,"enemies":"2 Fungi Beasts","floor":13,"turns":4},{"damage":22,"enemies":"The Guardian","floor":16,"turns":11},{"damage":17,"enemies":"2 Thieves","floor":18,"turns":5},{"damage":0,"enemies":"Spheric Guardian","floor":19,"turns":1},{"damage":2,"enemies":"Centurion and Healer","floor":20,"turns":7},{"damage":65,"enemies":"3 Cultists","floor":22,"turns":5}],"seed_played":"7655589597314395906","potions_obtained":[{"floor":1,"key":"Energy Potion"},{"floor":8,"key":"Energy Potion"},{"floor":20,"key":"PowerPotion"}],"is_trial":false,"path_per_floor":["M","?","?","$","M","R","?","M","T","?","R","E","M","$","R","B",null,"M","M","M","?","M"],"character_chosen":"THE_SILENT","items_purchased":["Cloak And Dagger","Quick Slash"],"campfire_rested":1,"item_purchase_floors":[4,14],"current_hp_per_floor":[50,50,66,66,62,62,57,57,57,57,57,30,32,47,66,44,61,46,48,48,48,0,0],"gold":175,"neow_bonus":"ONE_RANDOM_RARE_CARD","is_daily":false,"chose_seed":false,"campfire_upgraded":2,"win_rate":0.0,"timestamp":1608355162,"path_taken":["M","?","?","$","M","R","?","M","T","?","R","E","?","$","R","BOSS","M","M","M","?","M"],"items_purchased_type":["Card","Card"],"build_version":"2020-12-13","purchased_purges":0,"victory":false,"max_hp_per_floor":[66,66,66,66,66,66,66,66,66,66,66,66,66,66,66,66,66,66,66,66,66,66,66],"card_choices":[{"not_picked":["Eviscerate","Dodge and Roll"],"picked":"Terror","floor":1},{"not_picked":["Expertise","Blade Dance"],"picked":"Slice","floor":5},{"not_picked":["Poisoned Stab","Bane"],"picked":"Flying Knee","floor":8},{"not_picked":["Tools of the Trade","Masterful Stab"],"picked":"Finisher","floor":12},{"not_picked":["Bane","Acrobatics","Cloak And Dagger"],"picked":"SKIP","floor":13},{"not_picked":["Bullet Time","Unload"],"picked":"Burst","floor":16},{"not_picked":["Expertise","Dagger Throw"],"picked":"Blade Dance","floor":18},{"not_picked":["Sucker Punch","Reflex","Tactician"],"picked":"SKIP","floor":19},{"not_picked":["Acrobatics","Dodge and Roll","Deflect"],"picked":"SKIP","floor":20}],"player_experience":1257065,"relics_obtained":[{"floor":9,"key":"Blood Vial"},{"floor":12,"key":"MealTicket"}],"event_choices":[{"damage_healed":0,"gold_gain":0,"player_choice":"Ignored","damage_taken":0,"max_hp_gain":0,"max_hp_loss":0,"event_name":"Shining Light","floor":2,"gold_loss":0},{"damage_healed":16,"gold_gain":0,"player_choice":"Healed","damage_taken":0,"max_hp_gain":0,"max_hp_loss":0,"event_name":"The Cleric","floor":3,"gold_loss":35},{"damage_healed":0,"gold_gain":0,"player_choice":"Success","damage_taken":5,"relics_obtained":["Art of War"],"max_hp_gain":0,"max_hp_loss":0,"event_name":"Scrap Ooze","floor":7,"gold_loss":0},{"damage_healed":0,"gold_gain":0,"player_choice":"Upgraded","damage_taken":0,"max_hp_gain":0,"max_hp_loss":0,"event_name":"Upgrade Shrine","floor":10,"gold_loss":0,"cards_upgraded":["Terror"]},{"damage_healed":0,"gold_gain":0,"player_choice":"Opened","damage_taken":0,"relics_obtained":["Snake Skull"],"max_hp_gain":0,"max_hp_loss":0,"event_name":"The Mausoleum","floor":21,"gold_loss":0,"cards_obtained":["Writhe"]}],"is_beta":false,"boss_relics":[{"not_picked":["Pandora\u0027s Box","Empty Cage"],"picked":"SacredBark"}],"items_purged_floors":[],"is_endless":false,"potions_floor_spawned":[1,8,20],"killed_by":"3 Cultists","ascension_level":19}}