{"host":"ya062ahhhuj9au1o","time":1608338439,"event":{"mods":["BaseMod","Better Third Choice","Filter the Spire","Hermit","Minty Spire (QoL Compilation)","Random Character Button","Robot Space Explorer","Somnambulant","StSLib","The Bug Knight","The Cursed","The Servant 0.9.4"],"gold_per_floor":[117,117,133,133,83,83,102,102,149,169,169,169],"floor_reached":11,"playtime":634,"items_purged":[],"score":88,"play_id":"97707900-74b1-42b5-b4c8-9cbc11c5b717","local_time":"20201218194039","is_ascension_mode":true,"campfire_choices":[{"data":"somnambulantmod: QuickNap","floor":6,"key":"SMITH"},{"data":"somnambulantmod: PrimingPunch","floor":8,"key":"SMITH"}],"circlet_count":0,"master_deck":["somnambulantmod: SomnambulantStrike","somnambulantmod: SomnambulantStrike","somnambulantmod: SomnambulantStrike","somnambulantmod: SomnambulantStrike","somnambulantmod: Defend_Somnambulant","somnambulantmod: QuickNap+1","somnambulantmod: PrimingPunch+1","somnambulantmod: DreamBig+1","somnambulantmod: DarkeningMind+1","somnambulantmod: LeechFears+1","somnambulantmod: Remember","somnambulantmod: HorrificThought","somnambulantmod: HappyThoughts","somnambulantmod: TimeCompression"],"relics":["Astrolabe","Akabeko"],"acts_visited":["Exordium"],"potions_floor_usage":[11],"damage_taken":[{"damage":11,"enemies":"Small Slimes","floor":1,"turns":5},{"damage":0,"enemies":"2 Louse","floor":3,"turns":2},{"damage":12,"enemies":"Jaw Worm","floor":7,"turns":2},{"damage":15,"enemies":"Exordium Thugs","floor":10,"turns":3},{"damage":22,"enemies":"Gremlin Nob","floor":11,"turns":3}],"seed_played":"2850355690321439635","potions_obtained":[{"floor":7,"key":"Explosive Potion"},{"floor":10,"key":"Block Potion"}],"is_trial":false,"path_per_floor":["M","?","M","?","?","R","M","R","T","M","E"],"character_chosen":"THE_SOMNAMBULANT","items_purchased":[],"campfire_rested":0,"item_purchase_floors":[],"current_hp_per_floor":[52,45,45,45,45,45,33,33,33,18,0,0],"gold":169,"neow_bonus":"BOSS_RELIC","is_daily":false,"chose_seed":false,"campfire_upgraded":2,"win_rate":0.0,"timestamp":1608338439,"path_taken":["M","?","M","?","?","R","M","R","T","M","E"],"items_purchased_type":[],"build_version":"2020-12-13","purchased_purges":0,"victory":false,"max_hp_per_floor":[70,70,70,70,70,70,70,70,70,70,70,70],"card_choices":[{"not_picked":["somnambulantmod: MindWave","somnambulantmod: DarkeningMind"],"picked":"somnambulantmod: Remember","floor":1},{"not_picked":["somnambulantmod: LeechFears","somnambulantmod: BadIdea"],"picked":"somnambulantmod: HorrificThought","floor":3},{"not_picked":["somnambulantmod: ShimmeringVeil","somnambulantmod: RecurringDream"],"picked":"somnambulantmod: HappyThoughts","floor":7},{"not_picked":["somnambulantmod: Blink","somnambulantmod: MindWave"],"picked":"somnambulantmod: TimeCompression","floor":10}],"player_experience":1643275,"relics_obtained":[{"floor":9,"key":"Akabeko"}],"event_choices":[{"cards_removed":["somnambulantmod: Defend_Somnambulant"],"damage_healed":0,"gold_gain":0,"player_choice":"Card Removal","damage_taken":7,"max_hp_gain":0,"max_hp_loss":0,"event_name":"Golden Wing","floor":2,"gold_loss":0},{"damage_healed":0,"gold_gain":0,"player_choice":"Ignored","damage_taken":133,"max_hp_gain":0,"max_hp_loss":0,"event_name":"betterThird:BetterSerpent","floor":4,"gold_loss":0},{"cards_removed":["somnambulantmod: Defend_Somnambulant"],"damage_healed":0,"gold_gain":0,"player_choice":"Card Removal","damage_taken":0,"max_hp_gain":0,"max_hp_loss":0,"event_name":"The Cleric","floor":5,"gold_loss":50}],"is_beta":false,"boss_relics":[],"items_purged_floors":[],"is_endless":false,"potions_floor_spawned":[7,10],"killed_by":"Gremlin Nob","ascension_level":8}}