{"host":"1hv1kueuvc4r3rdp","time":1608393273,"event":{"mods":["AchievementEnabler","BaseMod","DeckTracker","Highlight Path","Minty Spire (QoL Compilation)","Permanent Neow","StSLib"],"gold_per_floor":[112,129,143,159,159,193,193,224,224,258,271,283,283,345,345,445,445,463,153,153,170,185,185,185],"floor_reached":23,"playtime":1894,"items_purged":["Strike_B"],"score":266,"play_id":"e9987c8b-3c61-4f08-8c98-28db134ce078","local_time":"20201219095433","is_ascension_mode":true,"campfire_choices":[{"floor":7,"key":"REST"},{"floor":13,"key":"REST"},{"floor":15,"key":"REST"}],"circlet_count":0,"master_deck":["Strike_B","Defend_B","Defend_B","Defend_B","Defend_B","Zap","Dualcast","Streamline","Ball Lightning","Rebound","Fusion","Defragment+1","Melter","Seek","Machine Learning+1","Capacitor+1","Doom and Gloom","Blizzard","Go for the Eyes","Coolheaded+1","Sunder+1"],"relics":["Cracked Core","Omamori","Symbiotic Virus","Orichalcum","Frozen Egg 2","White Beast Statue","Centennial Puzzle","Nuclear Battery","Medical Kit"],"acts_visited":["Exordium","TheCity"],"potions_floor_usage":[11,12,12,14,16,21,22,23,23],"damage_taken":[{"damage":8,"enemies":"Small Slimes","floor":1,"turns":3},{"damage":2,"enemies":"Jaw Worm","floor":2,"turns":3},{"damage":0,"enemies":"Cultist","floor":3,"turns":3},{"damage":7,"enemies":"Large Slime","floor":4,"turns":4},{"damage":30,"enemies":"Lagavulin","floor":6,"turns":6},{"damage":16,"enemies":"Gremlin Nob","floor":8,"turns":3},{"damage":24,"enemies":"Lagavulin","floor":10,"turns":5},{"damage":7,"enemies":"Looter","floor":11,"turns":3},{"damage":4,"enemies":"Red Slaver","floor":12,"turns":2},{"damage":4,"enemies":"Gremlin Nob","floor":14,"turns":3},{"damage":17,"enemies":"Hexaghost","floor":16,"turns":7},{"damage":1,"enemies":"Spheric Guardian","floor":18,"turns":3},{"damage":38,"enemies":"3 Byrds","floor":21,"turns":4},{"damage":27,"enemies":"Snake Plant","floor":22,"turns":5},{"damage":6,"enemies":"Gremlin Leader","floor":23,"turns":1}],"seed_played":"-8386609701355149796","potions_obtained":[{"floor":4,"key":"FearPotion"},{"floor":6,"key":"DistilledChaos"},{"floor":8,"key":"GamblersBrew"},{"floor":11,"key":"Swift Potion"},{"floor":12,"key":"EssenceOfSteel"},{"floor":14,"key":"Weak Potion"},{"floor":16,"key":"Ancient Potion"},{"floor":18,"key":"Dexterity Potion"},{"floor":21,"key":"SkillPotion"},{"floor":22,"key":"Fire Potion"}],"is_trial":false,"path_per_floor":["M","M","M","M","?","E","R","E","T","E","M","M","R","?","R","B",null,"M","$","?","M","M","E"],"character_chosen":"DEFECT","items_purchased":["Doom and Gloom","Medical Kit"],"campfire_rested":3,"item_purchase_floors":[19,19],"current_hp_per_floor":[74,72,72,65,58,28,52,36,36,12,5,1,25,21,45,28,69,68,68,68,30,3,0,0],"gold":185,"neow_bonus":"TEN_PERCENT_HP_BONUS","is_daily":false,"chose_seed":false,"campfire_upgraded":0,"win_rate":0.0,"timestamp":1608393273,"path_taken":["M","M","M","M","?","E","R","E","T","E","M","M","R","?","R","BOSS","M","$","?","M","M","E"],"items_purchased_type":["Card","Relic"],"build_version":"2020-12-13","purchased_purges":1,"victory":false,"max_hp_per_floor":[82,82,82,82,82,82,82,82,82,82,82,82,82,82,82,82,82,82,82,82,82,82,82,82],"card_choices":[{"not_picked":["Stack","Fusion"],"picked":"Streamline","floor":1},{"not_picked":["Tempest","Steam"],"picked":"Ball Lightning","floor":2},{"not_picked":["Force Field","Streamline","Go for the Eyes"],"picked":"SKIP","floor":3},{"not_picked":["Hello World","Barrage","Coolheaded"],"picked":"SKIP","floor":4},{"not_picked":["Gash","Hyperbeam"],"picked":"Rebound","floor":6},{"not_picked":["Gash","Stack"],"picked":"Fusion","floor":8},{"not_picked":["Static Discharge+1","Lockon"],"picked":"Defragment+1","floor":10},{"not_picked":["Steam","Cold Snap"],"picked":"Melter","floor":11},{"not_picked":["Go for the Eyes","Turbo","Compile Driver"],"picked":"SKIP","floor":12},{"not_picked":["Hello World+1","Ball Lightning"],"picked":"Seek","floor":14},{"not_picked":["All For One","Thunder Strike"],"picked":"Machine Learning+1","floor":16},{"not_picked":["Stack","Streamline"],"picked":"Capacitor+1","floor":18},{"not_picked":["Steam","Go for the Eyes"],"picked":"Coolheaded+1","floor":21},{"not_picked":["Hologram","Streamline"],"picked":"Sunder+1","floor":22}],"player_experience":1058390,"relics_obtained":[{"floor":6,"key":"Symbiotic Virus"},{"floor":8,"key":"Orichalcum"},{"floor":9,"key":"Frozen Egg 2"},{"floor":10,"key":"White Beast Statue"},{"floor":14,"key":"Centennial Puzzle"}],"event_choices":[{"damage_healed":0,"gold_gain":0,"player_choice":"Success","damage_taken":7,"relics_obtained":["Omamori"],"max_hp_gain":0,"max_hp_loss":0,"event_name":"Scrap Ooze","floor":5,"gold_loss":0},{"damage_healed":0,"gold_gain":30,"player_choice":"Searched \u00273\u0027 times","damage_taken":0,"max_hp_gain":0,"max_hp_loss":0,"event_name":"Dead Adventurer","floor":14,"gold_loss":0},{"damage_healed":0,"gold_gain":0,"cards_transformed":["Strike_B","Strike_B"],"player_choice":"Became Test Subject","damage_taken":0,"max_hp_gain":0,"max_hp_loss":0,"event_name":"Drug Dealer","floor":20,"gold_loss":0,"cards_obtained":["Blizzard","Go for the Eyes"]}],"is_beta":false,"boss_relics":[{"not_picked":["Coffee Dripper","SacredBark"],"picked":"Nuclear Battery"}],"items_purged_floors":[19],"is_endless":false,"potions_floor_spawned":[4,6,8,11,12,14,16,18,21,22],"killed_by":"Gremlin Leader","ascension_level":5}}