{"host":"dntw6kil9p09eemm","time":1608421695,"event":{"mods":["AchievementEnabler","BaseMod","Become a monster €›?Œ÷","Colored Powertips","Minty Spire (QoL Compilation)","Permanent Neow","Shop Mod","StSLib","Waifu the Spire"],"gold_per_floor":[118,129,129,149,18,18,37,37,37,50,50,70,84,101,101,198,198,214,232,232,232,245,245,245],"floor_reached":23,"playtime":1035,"items_purged":[],"score":287,"play_id":"372d8129-6ec3-4847-baed-8ee5aa8d3475","local_time":"20201220084815","is_ascension_mode":false,"campfire_choices":[{"floor":6,"key":"REST"},{"floor":8,"key":"REST"},{"floor":15,"key":"REST"}],"circlet_count":0,"master_deck":["Strike_P","Strike_P","Strike_P","Defend_P","Defend_P","Defend_P","Eruption","Vigilance","Shame","FlyingSleeves","CrushJoints","FlyingSleeves","Protect","FlyingSleeves","Consecrate","EmptyFist","BowlingBash","EmptyMind","Halt","CrushJoints","Consecrate","CrushJoints","DevaForm","FlyingSleeves+1","EmptyFist+1","ConjureBlade","Weave","Devotion","EmptyBody"],"relics":["PureWater","Prayer Wheel","MerchantsRug","Mango","Busted Crown"],"acts_visited":["Exordium","TheCity"],"potions_floor_usage":[18,22],"damage_taken":[{"damage":11,"enemies":"Jaw Worm","floor":1,"turns":4},{"damage":0,"enemies":"Small Slimes","floor":2,"turns":2},{"damage":0,"enemies":"2 Louse","floor":4,"turns":3},{"damage":32,"enemies":"Lots of Slimes","floor":7,"turns":4},{"damage":24,"enemies":"Blue Slaver","floor":10,"turns":2},{"damage":0,"enemies":"Large Slime","floor":12,"turns":4},{"damage":0,"enemies":"Looter","floor":13,"turns":3},{"damage":0,"enemies":"2 Fungi Beasts","floor":14,"turns":3},{"damage":0,"enemies":"Slime Boss","floor":16,"turns":4},{"damage":20,"enemies":"Shell Parasite","floor":18,"turns":3},{"damage":10,"enemies":"Chosen","floor":19,"turns":3},{"damage":32,"enemies":"Centurion and Healer","floor":22,"turns":6},{"damage":44,"enemies":"3 Cultists","floor":23,"turns":7}],"seed_played":"6329105880653423350","potions_obtained":[{"floor":1,"key":"Weak Potion"},{"floor":12,"key":"SteroidPotion"},{"floor":13,"key":"SkillPotion"},{"floor":16,"key":"BottledMiracle"},{"floor":22,"key":"EssenceOfSteel"}],"is_trial":false,"path_per_floor":["M","M","?","M","$","R","M","R","T","M","?","M","M","M","R","B",null,"M","M","?","?","M","M"],"character_chosen":"WATCHER","items_purchased":["MerchantsRug"],"campfire_rested":3,"item_purchase_floors":[5],"current_hp_per_floor":[75,75,57,57,57,82,50,75,89,65,65,65,65,65,95,95,100,80,70,70,70,38,0,0],"gold":245,"neow_bonus":"TWENTY_PERCENT_HP_BONUS","is_daily":false,"chose_seed":false,"campfire_upgraded":0,"win_rate":0.0,"timestamp":1608421695,"path_taken":["M","M","?","M","$","R","M","R","T","M","?","M","M","M","R","BOSS","M","M","?","?","?","M"],"items_purchased_type":["Relic"],"build_version":"2020-12-13","purchased_purges":0,"victory":false,"max_hp_per_floor":[86,86,86,86,86,86,86,86,100,100,100,100,100,100,100,100,100,100,100,100,100,100,100,100],"card_choices":[{"not_picked":["Crescendo","EmptyBody"],"picked":"FlyingSleeves","floor":1},{"not_picked":["CutThroughFate","JustLucky"],"picked":"CrushJoints","floor":2},{"not_picked":["BattleHymn","Halt"],"picked":"FlyingSleeves","floor":4},{"not_picked":["JustLucky","Collect"],"picked":"Protect","floor":4},{"not_picked":["CarveReality","Prostrate"],"picked":"FlyingSleeves","floor":7},{"not_picked":["FlyingSleeves","Indignation"],"picked":"Consecrate","floor":7},{"not_picked":["JustLucky","Protect"],"picked":"EmptyFist","floor":10},{"not_picked":["Protect","Collect"],"picked":"BowlingBash","floor":10},{"not_picked":["PathToVictory","FollowUp"],"picked":"EmptyMind","floor":12},{"not_picked":["Scrawl","Crescendo","Pray"],"picked":"SKIP","floor":12},{"not_picked":["Adaptation","WaveOfTheHand"],"picked":"Halt","floor":13},{"not_picked":["Protect","InnerPeace"],"picked":"CrushJoints","floor":13},{"not_picked":["JustLucky","WindmillStrike"],"picked":"Consecrate","floor":14},{"not_picked":["Prostrate","Meditate"],"picked":"CrushJoints","floor":14},{"not_picked":["MasterReality","ConjureBlade"],"picked":"DevaForm","floor":16},{"not_picked":[],"picked":"FlyingSleeves+1","floor":18},{"not_picked":[],"picked":"EmptyFist+1","floor":18},{"not_picked":["FlyingSleeves"],"picked":"SKIP","floor":19},{"not_picked":["FearNoEvil"],"picked":"SKIP","floor":19},{"not_picked":[],"picked":"EmptyBody","floor":22},{"not_picked":["Crescendo"],"picked":"SKIP","floor":22}],"player_experience":146681,"relics_obtained":[{"floor":9,"key":"Mango"}],"event_choices":[{"damage_healed":0,"gold_gain":0,"player_choice":"Success","damage_taken":18,"relics_obtained":["Prayer Wheel"],"max_hp_gain":0,"max_hp_loss":0,"event_name":"Scrap Ooze","floor":3,"gold_loss":0},{"damage_healed":0,"gold_gain":0,"player_choice":"Ignored","damage_taken":0,"max_hp_gain":0,"max_hp_loss":0,"event_name":"Shining Light","floor":11,"gold_loss":0},{"damage_healed":0,"gold_gain":0,"cards_transformed":["Strike_P","Defend_P"],"player_choice":"Became Test Subject","damage_taken":0,"max_hp_gain":0,"max_hp_loss":0,"event_name":"Drug Dealer","floor":20,"gold_loss":0,"cards_obtained":["ConjureBlade","Weave"]},{"damage_healed":0,"gold_gain":0,"player_choice":"1 cards matched","damage_taken":0,"max_hp_gain":0,"max_hp_loss":0,"event_name":"Match and Keep!","floor":21,"gold_loss":0,"cards_obtained":["Devotion"]}],"is_beta":false,"boss_relics":[{"not_picked":["Philosopher\u0027s Stone","SacredBark"],"picked":"Busted Crown"}],"items_purged_floors":[],"is_endless":false,"potions_floor_spawned":[1,12,13,16,22],"killed_by":"3 Cultists","ascension_level":0}}