{"host":"jak4ncvfzor9mys0","time":1608343327,"event":{"mods":["2.2 Compatiblity","AchievementEnabler","BaseMod","Better Altar","Better Match","Better Note","Better Sensory Stone","Better Skull","Better Third Choice","BetterRewards","Block Reminder","Colored Map","Colored Powertips","Energized Spire","Gold Saver","Hubris","Infinite Spire","Key Reminder","Minty Spire (QoL Compilation)","Rare Cards Sparkle","Red Circlet Mod","Relic Sorter","Relic Stats","Replay The Spire","Retaliation","StSLib","SuperFastMode","The Blue Laboratory"],"gold_per_floor":[420,370,370,370,388,388,416,304,304,319,319,332,347,359,359,464,464,478,478,490,490,490,490,510,510,510],"floor_reached":25,"playtime":1906,"items_purged":["Strike_B","Strike_B"],"score":228,"play_id":"82fe3ab3-b9f9-49c9-873e-d1dfc07e2271","local_time":"20201218180207","is_ascension_mode":false,"campfire_choices":[{"data":"Dualcast","floor":6.0,"key":"SMITH"},{"data":"Streamline","floor":11.0,"key":"SMITH"},{"floor":15,"key":"REST"},{"data":"Neutralize","floor":23,"key":"SMITH"}],"circlet_count":0,"master_deck":["Strike_B","Defend_B","Defend_B","Defend_B","Defend_B","Zap+1","Dualcast+1","Streamline+1","Melter","Capacitor","Writhe","Neutralize+1","Replay:Bootleg Shield Generator","infinitespire:Fortify","Ball Lightning+1"],"relics":["Cracked Core","Kunai","NeowsBlessing","hubris:Towel","infinitespire:Satchel","ReplayTheSpireMod:SealedPack","StrikeDummy"],"acts_visited":["Exordium","TheCity"],"potions_floor_usage":[20],"damage_taken":[{"damage":0.0,"enemies":"Jaw Worm","floor":1.0,"turns":1.0},{"damage":0.0,"enemies":"Small Slimes","floor":5.0,"turns":1.0},{"damage":0.0,"enemies":"Gremlin Nob","floor":7.0,"turns":1.0},{"damage":2.0,"enemies":"2 Louse","floor":10.0,"turns":2.0},{"damage":2.0,"enemies":"2 Fungi Beasts","floor":12.0,"turns":2.0},{"damage":10.0,"enemies":"Exordium Wildlife","floor":13.0,"turns":2.0},{"damage":6.0,"enemies":"3 Louse","floor":14.0,"turns":2.0},{"damage":48,"enemies":"Hexaghost","floor":16,"turns":9},{"damage":17,"enemies":"Spheric Guardian","floor":18,"turns":4},{"damage":23,"enemies":"3 Byrds","floor":20,"turns":6},{"damage":28,"enemies":"Snake Plant","floor":24,"turns":5},{"damage":15,"enemies":"Chosen and Byrds","floor":25,"turns":1}],"seed_played":"-1479104179853334360","potions_obtained":[{"floor":5.0,"key":"blueLaboratory:LouseDecoction"},{"floor":7.0,"key":"Strength Potion"},{"floor":16,"key":"FocusPotion"},{"floor":18,"key":"blueLaboratory:CoolantVial"}],"is_trial":false,"path_per_floor":["M","?","?","?","M","R","E","$","T","M","R","M","M","M","R","B",null,"M","?","M","AVR","?","R","M","M"],"character_chosen":"DEFECT","items_purchased":["Melter"],"campfire_rested":1,"item_purchase_floors":[8],"current_hp_per_floor":[75,75,75,75,75,75,75,75,75,73,73,71,61,55,75,27,75,58,63,40,40,40,40,12,0,0],"gold":510,"neow_bonus":"THREE_ENEMY_KILL","is_daily":false,"chose_seed":false,"campfire_upgraded":3,"win_rate":0.0,"timestamp":1608343327,"path_taken":["M","?","?","?","M","R","E","?","T","M","R","M","M","M","R","BOSS","M","?","M","AVR","?","R","?","M"],"items_purchased_type":["Card"],"build_version":"2020-12-13","purchased_purges":2,"victory":false,"max_hp_per_floor":[75,75,75,75,75,75,75,75,75,75,75,75,75,75,75,75,75,75,75,75,75,75,75,75,75,75],"relic_stats":{"counters":[12,36],"Kunai":[2],"obtain_stats":[{"NeowsBlessing":0,"infinitespire:Satchel":7,"ReplayTheSpireMod:SealedPack":21,"Kunai":9,"hubris:Towel":4,"Cracked Core":0,"StrikeDummy":21},{"NeowsBlessing":0,"infinitespire:Satchel":3,"ReplayTheSpireMod:SealedPack":10,"Kunai":3,"hubris:Towel":1,"Cracked Core":0,"StrikeDummy":10},{"NeowsBlessing":0,"infinitespire:Satchel":3,"ReplayTheSpireMod:SealedPack":30,"Kunai":3,"hubris:Towel":1,"Cracked Core":0,"StrikeDummy":30}]},"card_choices":[{"not_picked":["Scrape","Turbo","Panic Button"],"picked":"SKIP","floor":1.0},{"not_picked":["Conserve Battery","Rebound"],"picked":"Sweeping Beam","floor":5.0},{"not_picked":["Barrage","ReplayTheSpireMod:System Scan"],"picked":"Streamline","floor":7.0},{"not_picked":["Go for the Eyes","Steam"],"picked":"Capacitor","floor":10.0},{"not_picked":["Rainbow","Force Field","Beam Cell"],"picked":"SKIP","floor":12.0},{"not_picked":["Compile Driver","Blizzard","Chaos"],"picked":"SKIP","floor":13.0},{"not_picked":["Heatsinks","Recycle","FIFO Queue"],"picked":"SKIP","floor":14.0},{"not_picked":["Turbo","Redo","Sweeping Beam"],"picked":"SKIP","floor":18},{"not_picked":["hubris:PowerSurge","Crystallizer","Hologram"],"picked":"SKIP","floor":20},{"not_picked":["Dualcast","Vigilance"],"picked":"Neutralize","floor":21},{"not_picked":["Madness","Replay:Sssssssssshield"],"picked":"Replay:Bootleg Shield Generator","floor":21},{"not_picked":["infinitespire:NeuralNetwork","infinitespire:Menacing"],"picked":"infinitespire:Fortify","floor":21},{"not_picked":["Coolheaded","Undo+1"],"picked":"Ball Lightning+1","floor":24}],"player_experience":2642070,"relics_obtained":[{"floor":7.0,"key":"infinitespire:Satchel"},{"floor":9.0,"key":"Kunai"}],"event_choices":[{"cards_removed":["Strike_B"],"damage_healed":0.0,"max_hp_gain":0.0,"max_hp_loss":0.0,"gold_gain":0.0,"event_name":"The Cleric","player_choice":"Card Removal","floor":2.0,"gold_loss":50.0,"damage_taken":0.0},{"cards_removed":["Sweeping Beam"],"damage_healed":5,"gold_gain":0,"player_choice":"Offered Common","damage_taken":0,"max_hp_gain":0,"max_hp_loss":0,"event_name":"Bonfire Elementals","floor":19,"gold_loss":0},{"cards_removed":["Sweeping Beam"],"damage_healed":5,"gold_gain":0,"player_choice":"Offered Special","damage_taken":0,"max_hp_gain":0,"max_hp_loss":0,"event_name":"Bonfire Elementals","floor":19,"gold_loss":0},{"damage_healed":0,"gold_gain":0,"player_choice":"Ignored","damage_taken":0,"max_hp_gain":0,"max_hp_loss":0,"event_name":"betterNote:BetterNote","floor":22,"gold_loss":0,"cards_obtained":["Defend_B"]}],"is_beta":false,"boss_relics":[{"not_picked":["hubris:CrackedHourglass","Replay:Bronze Core","hubris:GrandSneckoEye"]}],"items_purged_floors":[8,21],"is_endless":false,"potions_floor_spawned":[1,5,7,10,16,18],"killed_by":"Chosen and Byrds","ascension_level":0}}