{"host":"m6aaltr68g9tvoay","time":1608422218,"event":{"mods":["AchievementEnabler","BaseMod","Colored Map","Minty Spire (QoL Compilation)","StSLib"],"gold_per_floor":[114,114,25,40,55,55,98,98,98,113,143,62,92,107,107,207,207,222,10,25,25,40,40,70,70,70,100,115,115,145,160,160,260,260,275,290,290,290,305,305,335,350,350,380,380,8,38,53,53,53],"floor_reached":51,"playtime":1736,"items_purged":["Power Through"],"score":907,"play_id":"df03a742-fd90-4d5a-bd9e-a9b630ace671","local_time":"20201219155658","daily_mods":["Draft","Uncertain Future","Elite Swarm"],"is_ascension_mode":false,"campfire_choices":[{"data":"Ghostly Armor","floor":6,"key":"SMITH"},{"data":"Whirlwind","floor":8,"key":"SMITH"},{"data":"Fire Breathing","floor":15,"key":"SMITH"},{"data":"Seeing Red","floor":23,"key":"SMITH"},{"data":"Limit Break","floor":29,"key":"SMITH"},{"data":"Demon Form","floor":32,"key":"SMITH"},{"data":"Rampage","floor":40,"key":"SMITH"},{"floor":49,"key":"REST"}],"circlet_count":0,"master_deck":["Sword Boomerang","Shrug It Off","Rampage+1","Cleave","Flex","Clash","Clothesline","Pommel Strike","Twin Strike","Pummel","Shockwave","Whirlwind+1","Ghostly Armor+1","Armaments","Anger","Double Tap+1","Fire Breathing+1","Feed","Demon Form+1","Sever Soul+1","Feed","Seeing Red+1","Limit Break+1","Reaper","Impervious","Disarm+1","Bludgeon","Flame Barrier","Impervious","Intimidate"],"relics":["Burning Blood","Calipers","Incense Burner","Vajra","Bottled Flame","SlaversCollar","Potion Belt","MutagenicStrength","Shuriken","War Paint","Oddly Smooth Stone","Black Star","White Beast Statue","InkBottle","Frozen Egg 2","Turnip","Bird Faced Urn","Lizard Tail","The Courier","StoneCalendar"],"acts_visited":["Exordium","TheCity","TheBeyond"],"potions_floor_usage":[20,20,21,44,44,48,50,50,50],"damage_taken":[{"damage":0,"enemies":"Small Slimes","floor":1,"turns":3},{"damage":0,"enemies":"2 Louse","floor":4,"turns":2},{"damage":0,"enemies":"Jaw Worm","floor":5,"turns":2},{"damage":14,"enemies":"Lagavulin Event","floor":7,"turns":5},{"damage":9,"enemies":"Gremlin Gang","floor":10,"turns":3},{"damage":0,"enemies":"Gremlin Nob","floor":11,"turns":2},{"damage":1,"enemies":"3 Sentries","floor":13,"turns":2},{"damage":9,"enemies":"Blue Slaver","floor":14,"turns":2},{"damage":0,"enemies":"Slime Boss","floor":16,"turns":6},{"damage":7,"enemies":"Spheric Guardian","floor":18,"turns":4},{"damage":14,"enemies":"2 Thieves","floor":20,"turns":3},{"damage":0,"enemies":"Snake Plant","floor":21,"turns":3},{"damage":18,"enemies":"Centurion and Healer","floor":22,"turns":6},{"damage":7,"enemies":"Slavers","floor":24,"turns":3},{"damage":9,"enemies":"Gremlin Leader","floor":27,"turns":4},{"damage":0,"enemies":"3 Cultists","floor":28,"turns":1},{"damage":19,"enemies":"Slavers","floor":30,"turns":2},{"damage":1,"enemies":"Sentry and Sphere","floor":31,"turns":3},{"damage":53,"enemies":"Champ","floor":33,"turns":8},{"damage":15,"enemies":"3 Shapes","floor":35,"turns":2},{"damage":22,"enemies":"Orb Walker","floor":36,"turns":4},{"damage":19,"enemies":"4 Shapes","floor":39,"turns":5},{"damage":7,"enemies":"Giant Head","floor":41,"turns":6},{"damage":57,"enemies":"Maw","floor":42,"turns":7},{"damage":28,"enemies":"Reptomancer","floor":44,"turns":5},{"damage":40,"enemies":"Giant Head","floor":47,"turns":10},{"damage":48,"enemies":"Spire Growth","floor":48,"turns":4},{"damage":28,"enemies":"Awakened One","floor":50,"turns":9}],"seed_played":"-2908382401684788831","potions_obtained":[{"floor":4,"key":"Explosive Potion"},{"floor":10,"key":"SmokeBomb"},{"floor":13,"key":"Swift Potion"},{"floor":14,"key":"Explosive Potion"},{"floor":20,"key":"ElixirPotion"},{"floor":30,"key":"BloodPotion"},{"floor":33,"key":"EssenceOfSteel"},{"floor":41,"key":"ElixirPotion"},{"floor":42,"key":"Weak Potion"},{"floor":44,"key":"BlessingOfTheForge"},{"floor":47,"key":"Strength Potion"},{"floor":48,"key":"SteroidPotion"}],"is_trial":false,"path_per_floor":["M","?","$","M","M","R","?","R","T","M","E","$","E","M","R","B",null,"M","$","M","M","M","R","E","?","T","E","M","R","E","M","R","B",null,"M","M","?","?","M","R","E","M","T","E","?","$","E","M","R","B",null],"character_chosen":"IRONCLAD","items_purchased":["Bandage Up","Fire Breathing","Feed","Lizard Tail","Flame Barrier"],"campfire_rested":1,"item_purchase_floors":[3,12,19,46,46],"current_hp_per_floor":[80,80,80,80,80,80,72,72,72,73,79,79,80,80,80,80,80,79,79,75,80,75,75,77,77,77,78,86,86,76,81,81,57,89,83,76,76,76,91,91,90,43,43,72,72,72,47,14,44,48],"gold":53,"neow_bonus":"","is_daily":true,"chose_seed":false,"campfire_upgraded":7,"win_rate":0.0,"timestamp":1608422218,"path_taken":["M","?","$","M","M","R","?","R","T","M","E","?","E","M","R","BOSS","M","$","?","?","M","R","E","?","T","E","M","R","E","M","R","BOSS","M","M","?","?","M","R","E","M","T","E","?","$","E","M","R","BOSS"],"items_purchased_type":["Card","Card","Card","Relic","Card"],"build_version":"2020-12-13","purchased_purges":1,"victory":true,"max_hp_per_floor":[80,80,80,80,80,80,80,80,80,80,80,80,80,80,80,80,80,80,80,80,80,83,83,86,86,86,86,86,86,89,89,89,89,89,92,95,95,95,98,98,98,98,98,98,98,98,98,101,101,104],"card_choices":[{"not_picked":["Havoc","Body Slam"],"picked":"Sword Boomerang","floor":0},{"not_picked":["Sword Boomerang","Havoc"],"picked":"Shrug It Off","floor":0},{"not_picked":["Flex","Combust"],"picked":"Rampage","floor":0},{"not_picked":["Power Through","Sword Boomerang"],"picked":"Cleave","floor":0},{"not_picked":["Wild Strike","Thunderclap"],"picked":"Flex","floor":0},{"not_picked":["Iron Wave","Cleave"],"picked":"Clash","floor":0},{"not_picked":["Power Through","Thunderclap"],"picked":"Clothesline","floor":0},{"not_picked":["Cleave","Evolve"],"picked":"Pommel Strike","floor":0},{"not_picked":["Clash","Headbutt"],"picked":"Twin Strike","floor":0},{"not_picked":["Headbutt","Pommel Strike"],"picked":"Pummel","floor":0},{"not_picked":["Sword Boomerang","Warcry"],"picked":"Shockwave","floor":0},{"not_picked":["Blood for Blood","Clash"],"picked":"Whirlwind","floor":0},{"not_picked":["Clothesline","Battle Trance"],"picked":"Power Through","floor":0},{"not_picked":["Shrug It Off","Armaments"],"picked":"Ghostly Armor","floor":0},{"not_picked":["Warcry","Pommel Strike"],"picked":"Armaments","floor":0},{"not_picked":["Iron Wave","Blood for Blood"],"picked":"Anger","floor":1},{"not_picked":["Blood for Blood","Sword Boomerang","Cleave"],"picked":"SKIP","floor":4},{"not_picked":["Sentinel","Shrug It Off","Clothesline"],"picked":"SKIP","floor":5},{"not_picked":["Sentinel","Perfected Strike","Armaments"],"picked":"SKIP","floor":10},{"not_picked":["Berserk","Barricade"],"picked":"Double Tap","floor":11},{"not_picked":["Berserk","Immolate"],"picked":"Feed","floor":13},{"not_picked":["Metallicize","Uppercut","Sword Boomerang"],"picked":"SKIP","floor":14},{"not_picked":["Barricade","Juggernaut"],"picked":"Demon Form","floor":16},{"not_picked":["Iron Wave+1","Perfected Strike+1"],"picked":"Sever Soul+1","floor":18},{"not_picked":["Clothesline","Hemokinesis","Rupture"],"picked":"SKIP","floor":20},{"not_picked":["Wild Strike","Pommel Strike"],"picked":"Seeing Red","floor":22},{"not_picked":["Berserk","Double Tap"],"picked":"Limit Break","floor":24},{"not_picked":["Exhume","Demon Form"],"picked":"Reaper","floor":27},{"not_picked":["Twin Strike","Flex","Warcry"],"picked":"SKIP","floor":28},{"not_picked":["Reaper","Brutality","Feed"],"picked":"SKIP","floor":30},{"not_picked":["Havoc","Hemokinesis","True Grit"],"picked":"SKIP","floor":31},{"not_picked":["Fiend Fire","Offering"],"picked":"Impervious","floor":33},{"not_picked":["Cleave+1","Armaments+1"],"picked":"Disarm+1","floor":35},{"not_picked":["Clothesline+1","Evolve+1","Sever Soul+1"],"picked":"SKIP","floor":36},{"not_picked":["Rupture","Clothesline","Blood for Blood"],"picked":"SKIP","floor":39},{"not_picked":["Brutality","Fiend Fire"],"picked":"Bludgeon","floor":41},{"not_picked":["Perfected Strike","Cleave","Battle Trance+1"],"picked":"SKIP","floor":42},{"not_picked":["Brutality+1","Barricade+1","Limit Break"],"picked":"SKIP","floor":44},{"not_picked":["Juggernaut+1","Reaper"],"picked":"Impervious","floor":47},{"not_picked":["Disarm+1","Twin Strike+1"],"picked":"Intimidate","floor":48}],"player_experience":1263100,"relics_obtained":[{"floor":7,"key":"Calipers"},{"floor":9,"key":"Incense Burner"},{"floor":11,"key":"Vajra"},{"floor":13,"key":"Bottled Flame"},{"floor":24,"key":"Potion Belt"},{"floor":26,"key":"Shuriken"},{"floor":27,"key":"War Paint"},{"floor":30,"key":"Oddly Smooth Stone"},{"floor":41,"key":"White Beast Statue"},{"floor":41,"key":"InkBottle"},{"floor":43,"key":"Frozen Egg 2"},{"floor":44,"key":"Turnip"},{"floor":44,"key":"Bird Faced Urn"},{"floor":47,"key":"The Courier"},{"floor":47,"key":"StoneCalendar"}],"event_choices":[{"damage_healed":0,"gold_gain":0,"player_choice":"Ignored","damage_taken":0,"max_hp_gain":0,"max_hp_loss":0,"event_name":"Liars Game","floor":2,"gold_loss":0},{"damage_healed":0,"gold_gain":0,"player_choice":"Searched \u00272\u0027 times","damage_taken":0,"max_hp_gain":0,"max_hp_loss":0,"event_name":"Dead Adventurer","floor":7,"gold_loss":0},{"damage_healed":0,"gold_gain":0,"player_choice":"Inject Mutagens","damage_taken":0,"relics_obtained":["MutagenicStrength"],"max_hp_gain":0,"max_hp_loss":0,"event_name":"Drug Dealer","floor":25,"gold_loss":0},{"cards_removed":["Bandage Up"],"damage_healed":0,"gold_gain":0,"player_choice":"Removed Skill","damage_taken":0,"max_hp_gain":0,"max_hp_loss":0,"event_name":"Falling","floor":37,"gold_loss":0},{"damage_healed":0,"gold_gain":0,"player_choice":"Ignored","damage_taken":0,"max_hp_gain":0,"max_hp_loss":0,"event_name":"Tomb of Lord Red Mask","floor":38,"gold_loss":0},{"damage_healed":0,"gold_gain":0,"player_choice":"Ignored","damage_taken":0,"max_hp_gain":0,"max_hp_loss":0,"event_name":"Mysterious Sphere","floor":45,"gold_loss":0}],"is_beta":false,"boss_relics":[{"not_picked":["Snecko Eye","Velvet Choker"],"picked":"SlaversCollar"},{"not_picked":["Black Blood","Calling Bell"],"picked":"Black Star"}],"items_purged_floors":[19],"is_endless":false,"potions_floor_spawned":[4,10,13,14,20,21,30,33,41,42,44,47,48],"ascension_level":0}}