{"host":"su73a2bh8339ktv3","time":1608347921,"event":{"mods":["AchievementEnabler","Aspiration","Bard","BaseMod","Beaked The Cultist","Better Altar","Better Match","Better Note","Better Sensory Stone","Better Skull","Better Third Choice","BetterRewards","CCEM","Clawfect","Colored Map","Conspire","Downfall","GifTheSpireLib","Googly Eyes","Halation","Hermit","Highlight Path","Hubris","Hunter ??","Infinite Spire","Jedi Mod","Jorbs\u0027s Wanderer Trilogy","Mad Scientist","Marisa????????","Mimic Mod","Minty Spire (QoL Compilation)","Permanent Neow","Replay The Spire","Shade Mod","Shop Mod","Spicy Shops","StSLib","Stuff the Spire","The Administrix","The Blackbeard","The Bug Knight","The Construct","The Cursed","The Disciple","The Gatherer","The Hierophant","The Jungle","The Mystic","The Necromancer","The Problem Sleuth","The Runesmith","The Servant 0.9.4","The Spell Scribe","The Witch","Unceasing Turn Reminder","[IsaacMod]????","everything is the same but u backflip on backflip","slay the spire mod where everything is the same but ironclad has a cowboy hat"],"gold_per_floor":[99,127,127,156,171,171,181,31,65,77,97,11,25,124,124,124,149,163,163,176,202,235,235,235,235,245,3,3,3,14,114,114,114,114,114,114,198,198,198,232,232,267,429,447,457,476,577,577,827,827,858,883,883,883,893,920,845,962,995,1011,811,840,855,855],"floor_reached":67,"playtime":9715,"items_purged":[],"score":1246,"play_id":"388e1a53-8128-432c-a066-ae5de7051145","local_time":"20201219141841","is_ascension_mode":true,"campfire_choices":[{"floor":1,"key":"RECALL"},{"data":"expansioncontent:FaceSlap","floor":3,"key":"SMITH"},{"data":"Guardian:PrismaticBarrier","floor":9,"key":"SMITH"},{"data":"Apotheosis","floor":25,"key":"SMITH"},{"data":"infinitespire:Punishment","floor":27,"key":"SMITH"},{"data":"Guardian:EvasiveProtocol","floor":35,"key":"SMITH"},{"data":"Shame","floor":38,"key":"SMITH"},{"data":"infinitespire:TheBestDefense","floor":43,"key":"SMITH"},{"data":"Guardian:Planning","floor":61,"key":"SMITH"}],"circlet_count":0,"master_deck":["Guardian:Strike_Guardian","Guardian:Strike_Guardian","Guardian:Strike_Guardian","Guardian:Strike_Guardian","Guardian:Defend_Guardian","Guardian:Defend_Guardian","Guardian:Defend_Guardian","Guardian:Defend_Guardian","Guardian:CurlUp","Guardian:TwinSlam","expansioncontent:FaceSlap+1","Guardian:Incinerate","Guardian:PrismaticBarrier+1","Guardian:Incinerate","Guardian:Planning+1","Guardian:Recover","Guardian:EvasiveProtocol","Guardian:EvasiveProtocol+1","Guardian:GemFinder","Apotheosis+1","stsjorbsmod:Withering","Guardian:TimeSifter","Bandage Up","infinitespire:TheBestDefense+1","Guardian:FierceBash","Guardian:Preprogram+1","infinitespire:Punishment+1","Guardian:WalkerClaw","Guardian:TimeCapacitor+1","Guardian:Repulse+1","Guardian:PiercingHide","Guardian:ArmoredProtocol","Guardian:FloatingOrbs","Guardian:TimeSifter","Guardian:VentSteam","Guardian:TimeCapacitor+1","Guardian:Incinerate+1","Guardian:SentryBeam+1","Guardian:StasisField","Guardian:Suspension","Guardian:RevengeProtocol","Guardian:Clone","Guardian:Suspension","Guardian:ShieldCharger","Guardian:ArmoredProtocol","Guardian:PrimingBeam+1","Guardian:BronzeOrb+1","Guardian:SpikerProtocol","conspire:SpireCoStock","conspire:SpireCoStock","conspire:SpireCoStock","conspire:SpireCoStock","Guardian:FloatingOrbs"],"relics":["Guardian:ModeShifter","HushsDoor","SteamSale","hubris:Teleporter","halation:PrussianBluePaint","downfall:HeartBlessingRed","downfall:HeartBlessingBlue","HollowMod:PaleOreRelic","ReplayTheSpireMod:SealedPack","aspiration:TomeofQuesting","halation:PromiseList","Coffee Dripper","Orichalcum","hubris:BottledRain","hubris:EmptyBottle","Potion Belt","beaked:MawFillet","Tiny Chest","hubris:MobiusCoin","hubris:Icosahedron","Molten Egg 2","jedi:angrymask","CCEMRelics:FryingPan","aspiration:MobileForge","halation:PinkSoulGem","Chaos","downfall:HeartBlessingGreen"],"acts_visited":["Exordium","TheCity","TheBeyond","Exordium"],"potions_floor_usage":[10,10,16,16,23,29,39,39,42,42,48,50,50,50,50,50,55,56,56,63,66,67,67,67],"damage_taken":[{"damage":2,"enemies":"HollowMod:MossKnight","floor":2,"turns":12},{"damage":12,"enemies":"Gremlin Nob","floor":4,"turns":4},{"damage":0,"enemies":"Small Slimes","floor":5,"turns":3},{"damage":8,"enemies":"2 Louse","floor":8,"turns":2},{"damage":5,"enemies":"HollowMod:MossKnight","floor":10,"turns":5},{"damage":6,"enemies":"Jaw Worm","floor":11,"turns":4},{"damage":16,"enemies":"conspire:2 RoseBushes","floor":12,"turns":4},{"damage":0,"enemies":"downfall:FleeingMerchant","floor":14,"turns":4},{"damage":8,"enemies":"3 Louse","floor":15,"turns":4},{"damage":29,"enemies":"downfall:Silent","floor":16,"turns":12},{"damage":26,"enemies":"Book of Stabbing","floor":19,"turns":6},{"damage":11,"enemies":"Chosen","floor":20,"turns":7},{"damage":5,"enemies":"conspire:HollyBat","floor":22,"turns":7},{"damage":51,"enemies":"conspire:SneckoGhost","floor":23,"turns":9},{"damage":0,"enemies":"3 Cultists","floor":24,"turns":4},{"damage":0,"enemies":"3 Cultists","floor":28,"turns":3},{"damage":3,"enemies":"downfall:FleeingMerchant","floor":29,"turns":4},{"damage":0,"enemies":"Snecko","floor":32,"turns":2},{"damage":6,"enemies":"downfall:Defect","floor":33,"turns":7},{"damage":33,"enemies":"Nemesis","floor":39,"turns":5},{"damage":0,"enemies":"Giant Head","floor":42,"turns":2},{"damage":20,"enemies":"Nightmare","floor":44,"turns":8},{"damage":9,"enemies":"Orb Walker","floor":45,"turns":3},{"damage":0,"enemies":"3 Shapes","floor":46,"turns":3},{"damage":0,"enemies":"Writhing Mass","floor":48,"turns":4},{"damage":0,"enemies":"Maw","floor":49,"turns":6},{"damage":0,"enemies":"downfall:Watcher","floor":50,"turns":4},{"damage":0,"enemies":"3 Sentries","floor":55,"turns":1},{"damage":0,"enemies":"Gremlin Nob","floor":56,"turns":2},{"damage":0,"enemies":"Cultist","floor":59,"turns":3},{"damage":13,"enemies":"3 Sentries","floor":60,"turns":5},{"damage":1,"enemies":"Small Slimes","floor":62,"turns":1},{"damage":0,"enemies":"Gremlin Nob","floor":63,"turns":2},{"damage":0,"enemies":"2 Louse","floor":64,"turns":1},{"damage":0,"enemies":"Exordium Thugs","floor":66,"turns":2},{"damage":73,"enemies":"Delirium","floor":67,"turns":2}],"seed_played":"-3289648623537380398","potions_obtained":[{"floor":4,"key":"PowerPotion"},{"floor":8,"key":"PowerPotion"},{"floor":10,"key":"Milkshake"},{"floor":15,"key":"champ:CounterPotion"},{"floor":19,"key":"sneckomod:MuddlingPotion"},{"floor":28,"key":"Swift Potion"},{"floor":33,"key":"Explosive Potion"},{"floor":42,"key":"Adrenaline Potion"},{"floor":45,"key":"ColorlessPotion"},{"floor":48,"key":"DistilledChaos"},{"floor":49,"key":"Guardian:AcceleratePotion"},{"floor":55,"key":"Ancient Potion"},{"floor":62,"key":"Swift Potion"},{"floor":63,"key":"Weak Potion"}],"is_trial":false,"path_per_floor":["R","E","R","E","M","T","M","R","E","M","M","$","M","B",null,"R_BF","E","M","AVR","M","E","MIM","R","?","R","M","$","?","?","M","B",null,"R","AVR","?","R","E","?","T","E","R","NM","M","M","M","M","B",null,"R_BF","?","E","E","?","T","M","E","R","M","E","M","?","M","B"],"character_chosen":"GUARDIAN","items_purchased":["Guardian:EvasiveProtocol","Apotheosis","hubris:EmptyBottle","Guardian:ArmoredProtocol","Guardian:Clone"],"campfire_rested":0,"item_purchase_floors":[14,17,29,29,51],"current_hp_per_floor":[80,78,78,66,66,66,58,68,63,57,41,41,33,4,86,86,66,61,61,62,11,11,11,11,11,11,12,12,12,12,12,86,86,86,86,86,59,59,59,59,59,43,38,38,38,42,48,83,83,83,83,83,83,83,83,74,74,73,73,73,73,73,0,0],"gold":855,"neow_bonus":"RANDOM_COLORLESS","is_daily":false,"chose_seed":false,"campfire_upgraded":8,"win_rate":0.0,"timestamp":1608347921,"path_taken":["R","E","R","E","M","T","M","R","E","M","M","$","M","BOSS","R_BF","E","M","AVR","M","E","MIM","R","?","R","M","$","?","?","M","BOSS","R","AVR","?","R","E","?","T","E","R","NM","M","M","M","M","BOSS","R_BF","?","E","?","?","T","M","E","R","M","E","M","?","M","BOSS"],"items_purchased_type":["Card","Card","Relic","Card","Card"],"build_version":"2020-12-13","purchased_purges":0,"victory":false,"max_hp_per_floor":[80,80,80,80,80,80,80,90,90,90,90,90,90,90,86,86,86,86,86,86,86,86,86,86,86,86,86,86,86,86,86,86,86,86,86,86,86,86,86,86,86,86,86,86,86,86,86,83,83,83,83,83,83,83,83,83,83,83,83,83,83,83,83,83],"card_choices":[{"not_picked":[],"picked":"Bomb","floor":0},{"not_picked":["Replay:SS_hec_2","Replay:Parry"],"picked":"expansioncontent:FaceSlap","floor":0},{"not_picked":["Guardian:WalkerClaw","Guardian:SphericShield"],"picked":"Guardian:Gem_Purple","floor":2},{"not_picked":["Guardian:TemporalStrike","Guardian:PrimingBeam"],"picked":"Bomb","floor":4},{"not_picked":["Guardian:PrismaticBarrier","Bomb"],"picked":"Guardian:Incinerate","floor":5},{"not_picked":["Guardian:Gem_Red","Guardian:VentSteam"],"picked":"Guardian:PrismaticBarrier","floor":8},{"not_picked":["Guardian:ShieldCharger","Guardian:GuardianWhirl"],"picked":"Guardian:Incinerate","floor":10},{"not_picked":["Guardian:Suspension","Guardian:ChargeCore"],"picked":"Guardian:Planning","floor":11},{"not_picked":["Guardian:DonusPower","Guardian:PrimingBeam"],"picked":"Guardian:Recover","floor":12},{"not_picked":["Guardian:FierceBash","Guardian:DecasProtection"],"picked":"Guardian:Gem_Lightblue","floor":14},{"not_picked":["Guardian:WalkerClaw","Guardian:TemporalStrike"],"picked":"Guardian:ShieldCharger","floor":15},{"not_picked":["Guardian:GemFire","Guardian:FastForward"],"picked":"Guardian:GemFinder","floor":16},{"not_picked":["UpSweep","hexamod:Float"],"picked":"blackbeard:IntimidatingStrike","floor":17},{"not_picked":["Guardian:AncientConstruct","Guardian:SphericShield"],"picked":"Guardian:TimeSifter","floor":17},{"not_picked":["Finesse","expansioncontent:Flail"],"picked":"Bandage Up","floor":17},{"not_picked":["infinitespire:DeathsTouch","ReplayTheSpireMod:Haul"],"picked":"infinitespire:TheBestDefense","floor":17},{"not_picked":["Guardian:Gem_Red","Guardian:Gem_Lightblue"],"picked":"Guardian:Gem_Green","floor":19},{"not_picked":["Guardian:TemporalStrike","Guardian:GemFire"],"picked":"Guardian:Preprogram","floor":19},{"not_picked":["Guardian:Gem_Green","Guardian:Gem_Cyan"],"picked":"Guardian:Gem_Lightblue","floor":20},{"not_picked":["Guardian:SpikerProtocol","Guardian:Repulse","Guardian:ShieldCharger"],"picked":"SKIP","floor":20},{"not_picked":["Guardian:Gem_Cyan","Guardian:Gem_Green"],"picked":"Guardian:Gem_Red","floor":22},{"not_picked":["Guardian:GemFinder","Guardian:BronzeArmor"],"picked":"Guardian:WalkerClaw","floor":22},{"not_picked":["Guardian:Gem_Green","Guardian:Gem_Lightblue"],"picked":"Guardian:Gem_Red","floor":23},{"not_picked":["Guardian:Planning","Guardian:TemporalStrike+1"],"picked":"Guardian:TimeCapacitor+1","floor":23},{"not_picked":["Guardian:Preprogram+1","Guardian:WalkerClaw"],"picked":"Guardian:Repulse+1","floor":24},{"not_picked":["Guardian:TemporalShield","Guardian:TemporalStrike"],"picked":"Guardian:Gem_Green","floor":28},{"not_picked":["Guardian:BronzeOrb","Guardian:TimeSifter"],"picked":"Guardian:PiercingHide","floor":29},{"not_picked":["Guardian:Gem_Lightblue","Guardian:Gem_Red"],"picked":"Guardian:Gem_Cyan","floor":32},{"not_picked":["Guardian:Suspension","Guardian:PrimingBeam"],"picked":"Guardian:Gem_Blue","floor":32},{"not_picked":["Guardian:RevengeProtocol","Guardian:GatlingBeam"],"picked":"Guardian:TimeSifter","floor":33},{"not_picked":["Guardian:Reroute+1","Guardian:TemporalStrike+1"],"picked":"Guardian:VentSteam","floor":39},{"not_picked":["Guardian:TemporalShield+1","Guardian:Planning"],"picked":"Guardian:TimeCapacitor+1","floor":42},{"not_picked":["Guardian:Gem_Green","Guardian:Gem_Lightblue"],"picked":"Guardian:Gem_Cyan","floor":44},{"not_picked":["Guardian:StasisField","Guardian:PolyBeam+1"],"picked":"Guardian:Gem_White","floor":44},{"not_picked":["Guardian:TemporalShield","Guardian:Gem_Cyan"],"picked":"Guardian:Incinerate+1","floor":45},{"not_picked":["Guardian:TimeCapacitor+1","Guardian:Harden+1"],"picked":"Guardian:SentryBeam+1","floor":46},{"not_picked":["Guardian:Gem_Green","Guardian:Gem_Cyan"],"picked":"Guardian:Gem_Red","floor":48},{"not_picked":["Guardian:Planning","Guardian:Gem_Purple"],"picked":"Guardian:StasisField","floor":48},{"not_picked":["Guardian:Gem_Lightblue","Guardian:ShieldSpikes"],"picked":"Guardian:Suspension","floor":49},{"not_picked":["Guardian:StasisField","Guardian:SphericShield"],"picked":"Guardian:RevengeProtocol","floor":50},{"not_picked":["Guardian:FloatingOrbs","Guardian:Reroute+1"],"picked":"Guardian:Suspension","floor":55},{"not_picked":["Guardian:ArmoredProtocol","Guardian:CrystalBeam+1"],"picked":"Guardian:Gem_White","floor":56},{"not_picked":["Guardian:Gem_Red","Guardian:Suspension"],"picked":"Guardian:ShieldCharger","floor":59},{"not_picked":["Guardian:Gem_Cyan","Guardian:Gem_Lightblue"],"picked":"Guardian:Gem_Red","floor":60},{"not_picked":["Guardian:Suspension","Guardian:Incinerate+1"],"picked":"Guardian:ArmoredProtocol","floor":60},{"not_picked":["Guardian:TimeCapacitor","Guardian:ShieldCharger"],"picked":"Guardian:PrimingBeam+1","floor":62},{"not_picked":["Guardian:DonusPower","Guardian:FastForward"],"picked":"Guardian:BronzeOrb+1","floor":63},{"not_picked":["Guardian:BronzeOrb+1","Guardian:PrimingBeam+1"],"picked":"Guardian:SpikerProtocol","floor":64},{"not_picked":["Guardian:Gem_Purple","Guardian:Gem_Lightblue"],"picked":"Guardian:FloatingOrbs","floor":66}],"player_experience":108514,"relics_obtained":[{"floor":2,"key":"hubris:Teleporter"},{"floor":4,"key":"halation:PrussianBluePaint"},{"floor":10,"key":"HollowMod:PaleOreRelic"},{"floor":19,"key":"aspiration:TomeofQuesting"},{"floor":23,"key":"Orichalcum"},{"floor":24,"key":"hubris:BottledRain"},{"floor":39,"key":"hubris:MobiusCoin"},{"floor":41,"key":"Molten Egg 2"},{"floor":42,"key":"jedi:angrymask"},{"floor":44,"key":"CCEMRelics:FryingPan"},{"floor":58,"key":"Chaos"}],"event_choices":[{"damage_healed":0,"gold_gain":0,"player_choice":"Stole Relic","damage_taken":0,"relics_obtained":["Potion Belt"],"max_hp_gain":0,"max_hp_loss":0,"event_name":"Addict","floor":31,"gold_loss":0,"cards_obtained":["Shame"]},{"damage_healed":0,"gold_gain":0,"player_choice":"Invest 4","damage_taken":0,"max_hp_gain":0,"max_hp_loss":0,"event_name":"conspire:Investor","floor":65,"gold_loss":0}],"is_beta":false,"boss_relics":[{"not_picked":["halation:LoveArrow","Runic Pyramid"],"picked":"ReplayTheSpireMod:SealedPack"},{"not_picked":[]},{"not_picked":["ReplayTheSpireMod:DimensionalGlitch","CCEMRelics:GreenEgg"],"picked":"beaked:MawFillet"},{"not_picked":[]},{"not_picked":["Black Star","aspiration:RitualDagger"],"picked":"aspiration:MobileForge"},{"not_picked":[]}],"items_purged_floors":[],"is_endless":true,"potions_floor_spawned":[4,8,10,15,19,28,33,42,45,48,49,55,62,63],"killed_by":"Delirium","ascension_level":1}}