{"host":"dbkc9h3etq50r1dq","time":1608387663,"event":{"mods":["AchievementEnabler","BaseMod","Block Reminder","Colored Powertips","Custom Start","Downfall","Minty Spire (QoL Compilation)","Permanent Neow","Potion Indicator Mod","Rare Cards Sparkle","StSLib","SuperFastMode"],"gold_per_floor":[99,117,130,147,247,265,288,288,302,346,363,39,61,46,74,74,74],"floor_reached":16,"playtime":1046,"items_purged":["champ:StrikeOfGenius"],"score":131,"play_id":"1ea96bb1-0ecf-4a42-a932-af663e80d7e4","local_time":"20201219222103","is_ascension_mode":false,"campfire_choices":[{"data":"champ:Taunt","floor":1.0,"key":"SMITH"},{"floor":8.0,"key":"REST"}],"circlet_count":0,"master_deck":["champ:Strike","champ:Strike","champ:Strike","champ:Defend","champ:Defend","champ:Defend","champ:Execute","champ:Taunt+1","champ:Circumvent+1","champ:Backstep","champ:GladiatorsShout","champ:StanceDance","champ:Haymaker","champ:FanOfKnives","champ:SkillfulDodge","champ:StanceDance","champ:SkillfulDodge"],"relics":["champ:ChampionCrown","CeramicFish","Strawberry","Meat on the Bone"],"acts_visited":["Exordium"],"potions_floor_usage":[],"damage_taken":[{"damage":6.0,"enemies":"Cultist","floor":2.0,"turns":4.0},{"damage":19.0,"enemies":"Jaw Worm","floor":3.0,"turns":4.0},{"damage":0.0,"enemies":"2 Louse","floor":4.0,"turns":2.0},{"damage":56.0,"enemies":"downfall:Heads","floor":5.0,"turns":10.0},{"damage":32.0,"enemies":"Large Slime","floor":6.0,"turns":8.0},{"damage":14.0,"enemies":"Red Slaver","floor":9.0,"turns":4.0},{"damage":33.0,"enemies":"3 Sentries","floor":10.0,"turns":9.0},{"damage":18.0,"enemies":"Lots of Slimes","floor":11.0,"turns":3.0},{"damage":10.0,"enemies":"downfall:FleeingMerchant","floor":12.0,"turns":4.0},{"damage":0.0,"enemies":"Exordium Wildlife","floor":13.0,"turns":2.0},{"damage":8,"enemies":"downfall:FleeingMerchant","floor":14,"turns":4},{"damage":5,"enemies":"Blue Slaver","floor":15,"turns":3},{"damage":69,"enemies":"downfall:Silent","floor":16,"turns":12}],"seed_played":"7036523026808535475","potions_obtained":[{"floor":2.0,"key":"Ancient Potion"},{"floor":4.0,"key":"Regen Potion"},{"floor":13.0,"key":"Block Potion"},{"floor":15,"key":"EssenceOfSteel"}],"is_trial":false,"path_per_floor":["R","M","M","M","?","M","T","R","M","E","M","$","M","$","M","B"],"character_chosen":"THE_CHAMP","items_purchased":["Meat on the Bone"],"campfire_rested":1,"item_purchase_floors":[12],"current_hp_per_floor":[99,98,84,84,43,26,26,55,46,38,31,31,43,52,64,0,0],"gold":74,"neow_bonus":"TEN_PERCENT_HP_BONUS","is_daily":false,"chose_seed":false,"campfire_upgraded":1,"win_rate":0.0,"timestamp":1608387663,"path_taken":["R","?","M","M","?","M","T","R","M","E","M","?","?","$","M","BOSS"],"items_purchased_type":["Relic"],"build_version":"2020-12-13","purchased_purges":1,"victory":false,"max_hp_per_floor":[99,99,99,99,99,99,99,99,99,106,106,106,106,106,106,106,106],"card_choices":[{"not_picked":["champ:Riposte","champ:BerserkersShout"],"picked":"champ:Circumvent","floor":2.0},{"not_picked":["champ:Shatter","champ:Encircle"],"picked":"champ:Backstep","floor":3.0},{"not_picked":["champ:BladeFlurry","champ:Encircle"],"picked":"champ:GladiatorsShout","floor":4.0},{"not_picked":["champ:IronFortress","champ:PerfectedStrike"],"picked":"champ:StanceDance","floor":5.0},{"not_picked":["champ:BladeFlurry","champ:GladiatorsShout"],"picked":"champ:Haymaker","floor":6.0},{"not_picked":["champ:Haymaker","champ:Backstep","champ:BerserkerStyle"],"picked":"SKIP","floor":9.0},{"not_picked":["champ:HeartStrike","champ:Riposte"],"picked":"champ:FanOfKnives","floor":10.0},{"not_picked":["champ:BerserkersShout","champ:GutPunch","champ:EnragedBash"],"picked":"SKIP","floor":11.0},{"not_picked":["champ:CrownThrow","champ:Backstep"],"picked":"champ:SkillfulDodge","floor":12.0},{"not_picked":["champ:GladiatorsShout","champ:FightOn"],"picked":"champ:StanceDance","floor":13.0},{"not_picked":["champ:FightOn","champ:CrookedStrike","champ:BladeFlurry"],"picked":"SKIP","floor":14},{"not_picked":["champ:PreciseThrust","champ:FocusedDefense"],"picked":"champ:SkillfulDodge","floor":15}],"player_experience":159190,"relics_obtained":[{"floor":7.0,"key":"CeramicFish"},{"floor":10.0,"key":"Strawberry"}],"event_choices":[],"is_beta":false,"boss_relics":[],"items_purged_floors":[12],"is_endless":false,"potions_floor_spawned":[2,4,13,15],"killed_by":"downfall:Silent","ascension_level":0}}