{"host":"ndqkyrxelzss439h","time":1608414283,"event":{"mods":["2.2 Compatiblity","ATMod(??Mod)","Act Like it!","BaseMod","Better Third Choice","Colored Map","Colored Powertips","Hallownest","Highlight Path","Infinite Spire","Minty Spire (QoL Compilation)","Permanent Neow","Quick Restart","Replay The Spire","StSLib","The Bug Knight","The Marked"],"gold_per_floor":[210,162,179,189,201,201,235,235,261,37,57,72,136,152,152,251,251,264,347,347,347],"floor_reached":20,"playtime":1043,"items_purged":[],"score":176,"play_id":"3ff49216-d60f-4172-91c2-fd18c2a2ac88","local_time":"20201219164443","is_ascension_mode":false,"campfire_choices":[{"floor":6,"key":"REST"},{"floor":8,"key":"REST"},{"floor":15,"key":"REST"}],"circlet_count":0,"master_deck":["theMarked:Strike","theMarked:Strike","theMarked:Strike","theMarked:Strike","theMarked:Strike","theMarked:Defend","theMarked:Defend","theMarked:Defend","theMarked:Defend","theMarked:SoldierOfQuellstein","theMarked:MagicAdept","theMarked:EmpowerWeapon","theMarked:Aftermath","theMarked:RogueSparks","theMarked:ParalyzingBlade","theMarked:Defy","theMarked:ReduceFriction","theMarked:Overcharge","theMarked:Reabsorb","theMarked:EternalStudent","theMarked:ElectricStrings","theMarked:ChainLightning"],"relics":["theMarked:ArtifactOfAir","AT_ATBox","Strawberry","Orichalcum","Black Star"],"acts_visited":["Exordium","TheCity"],"potions_floor_usage":[5,7,16,16],"damage_taken":[{"damage":0,"enemies":"2 Louse","floor":1,"turns":3},{"damage":7,"enemies":"Small Slimes","floor":3,"turns":4},{"damage":11,"enemies":"Jaw Worm","floor":4,"turns":3},{"damage":7,"enemies":"Large Slime","floor":5,"turns":5},{"damage":65,"enemies":"Gremlin Nob","floor":7,"turns":6},{"damage":0,"enemies":"Looter","floor":11,"turns":3},{"damage":0,"enemies":"2 Fungi Beasts","floor":12,"turns":3},{"damage":7,"enemies":"Red Slaver","floor":14,"turns":3},{"damage":19,"enemies":"Hexaghost","floor":16,"turns":7},{"damage":44,"enemies":"3 Byrds","floor":18,"turns":5},{"damage":10,"enemies":"Snecko","floor":20,"turns":2}],"seed_played":"7048594130029091021","potions_obtained":[{"floor":3,"key":"Languid Potion"},{"floor":5,"key":"Adrenaline Potion"},{"floor":12,"key":"Languid Potion"},{"floor":14,"key":"theMarked:SummonPotion"},{"floor":18,"key":"SteroidPotion"}],"is_trial":false,"path_per_floor":["M","?","M","M","M","R","E","R","T","$","M","M","?","M","R","B",null,"M","?","M"],"character_chosen":"THE_DEFAULT","items_purchased":["theMarked:Defy","Orichalcum"],"campfire_rested":3,"item_purchase_floors":[10,10],"current_hp_per_floor":[70,70,63,52,45,66,8,31,31,31,31,31,31,24,47,28,77,33,3,0,0],"gold":347,"neow_bonus":"HUNDRED_GOLD","is_daily":false,"chose_seed":false,"campfire_upgraded":0,"win_rate":0.0,"timestamp":1608414283,"path_taken":["M","?","M","M","M","R","E","R","T","$","M","M","?","M","R","BOSS","M","?","M"],"items_purchased_type":["Card","Relic"],"build_version":"2020-12-13","purchased_purges":0,"victory":false,"max_hp_per_floor":[70,70,70,70,70,70,77,77,77,77,77,77,77,77,77,77,77,77,77,77,77],"card_choices":[{"not_picked":["theMarked:ResourceFulStrike","theMarked:Parkour"],"picked":"theMarked:MagicAdept","floor":1},{"not_picked":["theMarked:WastefulAttack","theMarked:StartUp"],"picked":"theMarked:EmpowerWeapon","floor":3},{"not_picked":["theMarked:Panic","theMarked:TakeCover"],"picked":"theMarked:Aftermath","floor":4},{"not_picked":["theMarked:ElectricStrings","theMarked:CreepingChasm"],"picked":"theMarked:RogueSparks","floor":5},{"not_picked":["theMarked:Improvise","theMarked:CreepingChasm"],"picked":"theMarked:ParalyzingBlade","floor":7},{"not_picked":["theMarked:WastefulAttack","theMarked:KeepCalmAndFightOn"],"picked":"theMarked:ReduceFriction","floor":11},{"not_picked":["theMarked:TakeCover","theMarked:ResourceFulStrike"],"picked":"theMarked:Overcharge","floor":12},{"not_picked":["theMarked:Frustration","theMarked:WastefulAttack"],"picked":"theMarked:Reabsorb","floor":14},{"not_picked":["theMarked:BindingBlade","theMarked:Levitate"],"picked":"theMarked:EternalStudent","floor":16},{"not_picked":["theMarked:EmpowerWeapon","theMarked:Overthink"],"picked":"theMarked:ElectricStrings","floor":18},{"not_picked":["theMarked:Parkour","theMarked:ResourceFulStrike"],"picked":"theMarked:ChainLightning","floor":19}],"player_experience":90323,"relics_obtained":[{"floor":7,"key":"Strawberry"}],"event_choices":[{"damage_healed":0,"gold_gain":0,"player_choice":"Left","damage_taken":0,"max_hp_gain":0,"max_hp_loss":0,"event_name":"betterThird:BetterGoop","floor":2,"gold_loss":48},{"damage_healed":0,"gold_gain":64,"player_choice":"Gained Gold","damage_taken":0,"max_hp_gain":0,"max_hp_loss":0,"event_name":"Golden Wing","floor":13,"gold_loss":0}],"is_beta":false,"boss_relics":[{"not_picked":["Runic Pyramid","infinitespire:Cupcake"],"picked":"Black Star"}],"items_purged_floors":[],"is_endless":false,"potions_floor_spawned":[3,5,12,14,18],"killed_by":"Snecko","ascension_level":0}}