{"host":"y8hg8nbtd8qkv7tj","time":1608342215,"event":{"mods":["AchievementEnabler","Aspiration","BaseMod","BetterRewards","CapriCore","Colored Map","Downfall","Friendly Minions","GifTheSpireLib","GungeonMod","Hubris","Lobotomy","Minty Spire (QoL Compilation)","Prisma Mod","Replay The Spire","StSLib","The Bladedancer","The Wild Card"],"gold_per_floor":[111,111,111,128,139,170,170,180,207,227,238,251,262,272,272,375,375,375,375],"floor_reached":18,"playtime":2004,"items_purged":[],"score":218,"play_id":"621f231f-faec-4300-8b19-1d591cfa524a","local_time":"20201218204335","is_ascension_mode":false,"campfire_choices":[{"floor":7,"key":"REST"},{"floor":15,"key":"REST"}],"circlet_count":0,"master_deck":["PrismaMod:MiyuCommonDefend","PrismaMod:MiyuCommonDefend","PrismaMod:MiyuCommonDefend+1","PrismaMod:MiyuCommonDefend+1","PrismaMod:MiyuCommonAttack","PrismaMod:MiyuCommonAttack","PrismaMod:MiyuCommonAttack","PrismaMod:MiyuCommonAttack","PrismaMod:MiyuCommonAttack","PrismaMod:MiyuCheapChannelAttack","PrismaMod:MiyuCheapChannelDefend+1","PrismaMod:MiyuMaid","FairyFestival","PrismaMod:MiyuCheapChannelRandom+1","PrismaMod:MiyuUncommonStrBuff","OldLady","PrismaMod:MiyuUncommonDexBuff","BeautyBeast","PrismaMod:MiyuCarnivalAttack","UniverseFragment","PrismaMod:MiyuUncommonDexBuff","LongBird","PrismaMod:MiyuUncommonDexBuff","CherryBlossoms","PrismaMod:MiyuUberAttack","BlackSwan","PrismaMod:MiyuUberAOEAttack","OSAHOGD","PrismaMod:MiyuCarnivalAttack","CENSORED","PrismaMod:MiyuUberAttack","Funeral","PrismaMod:MiyuCarnivalDefend","Scarecrow"],"relics":["PrismaMod:PrismaSapphire","CogitoBucket","Replay:Wax Seal","War Paint","BackwardClock","Black Star"],"acts_visited":["Exordium","TheCity"],"potions_floor_usage":[6,13,14,16,16],"damage_taken":[{"damage":0,"enemies":"Small Slimes","floor":1,"turns":4},{"damage":3,"enemies":"2 Louse","floor":4,"turns":4},{"damage":0,"enemies":"Cultist","floor":5,"turns":3},{"damage":15,"enemies":"Replay:BlueRogue","floor":6,"turns":4},{"damage":26,"enemies":"Gremlin Gang","floor":8,"turns":6},{"damage":25,"enemies":"Blue Slaver","floor":10,"turns":15},{"damage":11,"enemies":"3 Louse","floor":11,"turns":3},{"damage":0,"enemies":"Large Slime","floor":12,"turns":6},{"damage":10,"enemies":"Blue Slaver","floor":13,"turns":2},{"damage":0,"enemies":"2 Fungi Beasts","floor":14,"turns":2},{"damage":10,"enemies":"Fading Forest","floor":16,"turns":11},{"damage":110,"enemies":"Chosen","floor":18,"turns":6}],"seed_played":"9008785981464484891","potions_obtained":[{"floor":5,"key":"DistilledChaos"},{"floor":11,"key":"SteroidPotion"},{"floor":12,"key":"DuplicationPotion"},{"floor":13,"key":"Explosive Potion"},{"floor":14,"key":"Strength Potion"}],"is_trial":false,"path_per_floor":["M","?","?","M","M","E","R","M","T","M","M","M","M","M","R","B",null,"M"],"character_chosen":"MIYU","items_purchased":[],"campfire_rested":2,"item_purchase_floors":[],"current_hp_per_floor":[75,60,60,57,59,47,69,43,43,18,7,11,5,5,27,41,75,0,0],"gold":375,"neow_bonus":"","is_daily":false,"chose_seed":false,"campfire_upgraded":0,"win_rate":0.0,"timestamp":1608342215,"path_taken":["M","?","?","?","M","E","R","M","T","M","M","M","M","?","R","BOSS","M"],"items_purchased_type":[],"build_version":"2020-12-13","purchased_purges":0,"victory":false,"max_hp_per_floor":[75,75,75,75,75,75,75,75,75,75,75,75,75,75,75,75,75,75,75],"card_choices":[{"not_picked":["PrismaMod:MiyuUncommonAttack","PrismaMod:MiyuEvokeBuffDex"],"picked":"PrismaMod:MiyuMaid","floor":1},{"not_picked":["Scorched","Funeral"],"picked":"FairyFestival","floor":1},{"not_picked":["PrismaMod:MiyuCheapDefend2","PrismaMod:MiyuUberAttack"],"picked":"PrismaMod:MiyuUncommonStrBuff","floor":4},{"not_picked":["PunishingBird","Woodsman"],"picked":"OldLady","floor":4},{"not_picked":["PrismaMod:MiyuDefenseExplosion","PrismaMod:MiyuUncommonAttack"],"picked":"PrismaMod:MiyuUncommonDexBuff","floor":5},{"not_picked":["Murderer","Bloodbath"],"picked":"BeautyBeast","floor":5},{"not_picked":["PrismaMod:MiyuUncommonAOEAttack","PrismaMod:MiyuUncommonDefend"],"picked":"PrismaMod:MiyuCarnivalAttack","floor":6},{"not_picked":["CherryBlossoms","Laetitia"],"picked":"UniverseFragment","floor":6},{"not_picked":["PrismaMod:MiyuCheapDexBuff","PrismaMod:MiyuEvokeAll"],"picked":"PrismaMod:MiyuUncommonDexBuff","floor":8},{"not_picked":["ShyLook","GreedKing"],"picked":"LongBird","floor":8},{"not_picked":["PrismaMod:MiyuCheapEvoke","PrismaMod:MiyuCheapChannelRandom"],"picked":"PrismaMod:MiyuUncommonDexBuff","floor":10},{"not_picked":["PunishingBird","Woodsman"],"picked":"CherryBlossoms","floor":10},{"not_picked":["PrismaMod:MiyuCheapAttack1","PrismaMod:MiyuEvokeBuffDex"],"picked":"PrismaMod:MiyuUberAttack","floor":11},{"not_picked":["WallGazer","VoidDream"],"picked":"BlackSwan","floor":11},{"not_picked":["PrismaMod:MiyuMaid","PrismaMod:MiyuCommonAOEAttack"],"picked":"PrismaMod:MiyuUberAOEAttack","floor":12},{"not_picked":["DreamingCurrent","MHz"],"picked":"OSAHOGD","floor":12},{"not_picked":["PrismaMod:MiyuEvokeAll","PrismaMod:MiyuCommonAOEAttack"],"picked":"PrismaMod:MiyuCarnivalAttack","floor":13},{"not_picked":["WallGazer","FieryBird"],"picked":"CENSORED","floor":13},{"not_picked":["PrismaMod:MiyuCheapAttack1","PrismaMod:MiyuChristmas"],"picked":"PrismaMod:MiyuUberAttack","floor":14},{"not_picked":["MHz","ShyLook"],"picked":"Funeral","floor":14},{"not_picked":["PrismaMod:MiyuCheapDefend2","PrismaMod:MiyuEvokeAllDefend"],"picked":"PrismaMod:MiyuCarnivalDefend","floor":16},{"not_picked":["GalaxyChild","HeroicMonk"],"picked":"Scarecrow","floor":16}],"player_experience":74166,"relics_obtained":[{"floor":6,"key":"Replay:Wax Seal"},{"floor":9,"key":"War Paint"}],"event_choices":[{"damage_healed":0,"gold_gain":0,"player_choice":"Entered Light","damage_taken":15,"max_hp_gain":0,"max_hp_loss":0,"event_name":"Shining Light","floor":2,"gold_loss":0,"cards_upgraded":["PrismaMod:MiyuCommonDefend","PrismaMod:MiyuCommonDefend"]},{"damage_healed":0,"gold_gain":0,"cards_transformed":["PrismaMod:MiyuCommonDefend"],"player_choice":"Transformed","damage_taken":0,"max_hp_gain":0,"max_hp_loss":0,"event_name":"Transmorgrifier","floor":3,"gold_loss":0,"cards_obtained":["PrismaMod:MiyuCheapChannelRandom"]}],"is_beta":false,"boss_relics":[{"not_picked":["Replay:Ancient Bell","hubris:RunicObelisk"],"picked":"Black Star"}],"items_purged_floors":[],"is_endless":false,"potions_floor_spawned":[5,11,12,13,14],"killed_by":"Chosen","ascension_level":0}}