{"host":"y9jgkjnf95sujozk","time":1608391630,"event":{"mods":["2.2 Compatiblity","AchievementEnabler","BaseMod","Block Reminder","Colored Map","Colored Powertips","Downfall","Friendly Minions","GifTheSpireLib","Hermit","Highlight Path","MarisaÅiñ∂âJÅ@ñÇóùçπÅj","Minty Spire (QoL Compilation)","Random Character Button","Rare Cards Sparkle","Replay The Spire","StSLib","SuperFastMode","The Animator","The Bug Knight","The Cursed","The Servant 0.9.4"],"gold_per_floor":[114,114,126,143,39,73,73,92,92,92,92,108,121,24,24,126,226,241,156,156,169,169,169,169,169,193,193,16,27,48,12,12,12,12],"floor_reached":33,"playtime":775,"items_purged":[],"score":272,"play_id":"a4e30f5a-0adf-4738-88d8-a351933d100f","local_time":"20201219162710","is_ascension_mode":false,"campfire_choices":[{"floor":7,"key":"REST"},{"data":"hexamod:ShieldOfDarkness","floor":10,"key":"SMITH"},{"data":"hexamod:NightmareStrike","floor":15,"key":"SMITH"},{"floor":23,"key":"REST"},{"data":"RitualDagger","floor":25,"key":"SMITH"},{"data":"hexamod:FastForward","floor":27,"key":"SMITH"},{"floor":32,"key":"REST"}],"circlet_count":0,"master_deck":["hexamod:Strike","hexamod:Strike","hexamod:Strike","hexamod:Strike","hexamod:Defend","hexamod:Defend","hexamod:Defend","hexamod:Defend","hexamod:Sear","hexamod:Float","hexamod:EtherealExpedition","hexamod:FastForward","hexamod:ThermalTransfer","hexamod:SpectersWail","hexamod:EtherealExpedition","hexamod:NightmareStrike","hexamod:ShieldOfDarkness+1","hexamod:Hexaguard","hexamod:FourthSeal","hexamod:GhostLash","hexamod:NightmareStrike+1","hexamod:ParanormalForm","hexamod:FastForward+1","hexamod:BacktrackSmack+1","RitualDagger+1","hexamod:DynamicBlow","hexamod:SecondSeal","hexamod:NightmareGuise","hexamod:NightmareStrike"],"relics":["hexamod:SpiritBrand","Orichalcum","Ring of Hypnosis","Ring of Peace","Bronze Scales","Nunchaku","Snack Pack","Replay:Wanted Poster","The Courier","Toy Ornithopter","Sling"],"acts_visited":["Exordium","TheCity"],"potions_floor_usage":[6,16,16,20,33,33],"damage_taken":[{"damage":2,"enemies":"2 Louse","floor":1,"turns":3},{"damage":0,"enemies":"Jaw Worm","floor":3,"turns":7},{"damage":0,"enemies":"Cultist","floor":4,"turns":3},{"damage":0,"enemies":"Lagavulin","floor":6,"turns":6},{"damage":0,"enemies":"3 Louse","floor":8,"turns":3},{"damage":0,"enemies":"Large Slime","floor":12,"turns":4},{"damage":0,"enemies":"Blue Slaver","floor":13,"turns":3},{"damage":13,"enemies":"The Guardian","floor":16,"turns":13},{"damage":0,"enemies":"Chosen","floor":18,"turns":5},{"damage":0,"enemies":"Shell Parasite","floor":20,"turns":1},{"damage":8,"enemies":"Snake Plant","floor":21,"turns":5},{"damage":12,"enemies":"Snecko","floor":29,"turns":4},{"damage":35,"enemies":"Chosen and Byrds","floor":30,"turns":7},{"damage":121,"enemies":"Collector","floor":33,"turns":12}],"seed_played":"-4620886050508909135","potions_obtained":[{"floor":1,"key":"Explosive Potion"},{"floor":6,"key":"LifebloodPotion"},{"floor":8,"key":"champ:CounterPotion"},{"floor":16,"key":"Guardian:BlockOnCardUsePotion"},{"floor":16,"key":"Adrenaline Potion"},{"floor":18,"key":"SmokeBomb"},{"floor":21,"key":"Slimebound:ThreeZeroPotion"},{"floor":30,"key":"FairyPotion"}],"is_trial":false,"path_per_floor":["M","?","M","M","$","E","R","M","T","R","?","M","M","$","R","B",null,"M","?","M","M","?","R","?","R","T","R","$","M","M","$","R","B"],"character_chosen":"THE_SPIRIT","items_purchased":["hexamod:SpectersWail","hexamod:EtherealExpedition","hexamod:GhostLash","hexamod:NightmareStrike","hexamod:DynamicBlow","Sling","hexamod:NightmareStrike"],"campfire_rested":3,"item_purchase_floors":[5,5,14,14,28,28,31],"current_hp_per_floor":[68,68,68,68,68,68,70,70,70,70,70,70,70,70,70,59,70,70,70,70,64,58,70,70,70,70,70,70,60,29,29,50,0,0],"gold":12,"neow_bonus":"RANDOM_COMMON_RELIC","is_daily":false,"chose_seed":false,"campfire_upgraded":4,"win_rate":0.0,"timestamp":1608391630,"path_taken":["M","?","M","M","$","E","R","M","T","R","?","?","M","$","R","BOSS","M","?","M","M","?","R","?","R","T","R","$","M","M","?","R","BOSS"],"items_purchased_type":["Card","Card","Card","Card","Card","Relic","Card"],"build_version":"2020-12-13","purchased_purges":0,"victory":false,"max_hp_per_floor":[70,70,70,70,70,70,70,70,70,70,70,70,70,70,70,70,70,70,70,70,70,70,70,70,70,70,70,70,70,70,70,70,70,70],"card_choices":[{"not_picked":["hexamod:ShieldOfDarkness","hexamod:AdvancingGuard"],"picked":"hexamod:EtherealExpedition","floor":1},{"not_picked":["hexamod:RetreatToShadows","hexamod:HeatCrush"],"picked":"hexamod:FastForward","floor":3},{"not_picked":["hexamod:SkipABeat","hexamod:HauntingEcho"],"picked":"hexamod:ThermalTransfer","floor":4},{"not_picked":["hexamod:HauntingEcho","hexamod:ShieldOfDarkness"],"picked":"hexamod:NightmareStrike","floor":6},{"not_picked":["hexamod:SwordOfDarkness","hexamod:RainOfEmbers"],"picked":"hexamod:ShieldOfDarkness","floor":8},{"not_picked":["hexamod:RecurringNightmare","hexamod:SoulSteal"],"picked":"hexamod:Hexaguard","floor":12},{"not_picked":["hexamod:Firestarter","hexamod:GhostLash"],"picked":"hexamod:FourthSeal","floor":13},{"not_picked":["hexamod:WildfireWeapon","hexamod:VolcanoVisage"],"picked":"hexamod:ParanormalForm","floor":16},{"not_picked":["hexamod:ThermalTransfer","hexamod:SkipABeat+1"],"picked":"hexamod:FastForward","floor":18},{"not_picked":["hexamod:SwordOfDarkness","hexamod:SkipABeat"],"picked":"hexamod:BacktrackSmack+1","floor":21},{"not_picked":["hexamod:InspiringFlames","hexamod:ChargedBarrage"],"picked":"hexamod:SecondSeal","floor":29},{"not_picked":["hexamod:SwordOfDarkness+1","hexamod:HeatShield"],"picked":"hexamod:NightmareGuise","floor":30}],"player_experience":110927,"relics_obtained":[{"floor":2,"key":"Ring of Hypnosis"},{"floor":2,"key":"Ring of Peace"},{"floor":6,"key":"Bronze Scales"},{"floor":9,"key":"Nunchaku"},{"floor":11,"key":"Snack Pack"},{"floor":26,"key":"Toy Ornithopter"}],"event_choices":[{"damage_healed":0,"gold_gain":0,"player_choice":"Relic","damage_taken":0,"max_hp_gain":0,"max_hp_loss":0,"event_name":"Wheel of Change","floor":11,"gold_loss":0},{"damage_healed":0,"gold_gain":0,"player_choice":"Obtained Relic","damage_taken":0,"relics_obtained":["The Courier"],"max_hp_gain":0,"max_hp_loss":0,"event_name":"Addict","floor":19,"gold_loss":85},{"damage_healed":0,"gold_gain":0,"player_choice":"Joined the Cult","damage_taken":6,"max_hp_gain":0,"max_hp_loss":0,"event_name":"Nest","floor":22,"gold_loss":0,"cards_obtained":["RitualDagger"]},{"damage_healed":0,"gold_gain":0,"player_choice":"Ignored","damage_taken":0,"max_hp_gain":0,"max_hp_loss":0,"event_name":"Beggar","floor":24,"gold_loss":0}],"is_beta":false,"boss_relics":[{"not_picked":["expansioncontent:StudyCardRelic","Runic Pyramid"],"picked":"Replay:Wanted Poster"}],"items_purged_floors":[],"is_endless":false,"potions_floor_spawned":[1,6,8,16,21],"killed_by":"Collector","ascension_level":0}}