{"host":"usewcu4ohw2wtmxk","time":1608352585,"event":{"mods":["AchievementEnabler","BaseMod","Colored Powertips","Minty Spire (QoL Compilation)","Permanent Neow","Quick Restart","Relic Stats","StSLib"],"gold_per_floor":[13,13,31,45,55,55,67,67,146,165,184,194,212,287,287,366,366,340,340,255,266,277,202,202,40,40,40,40],"floor_reached":27,"playtime":799,"items_purged":["Strike_G"],"score":418,"play_id":"eacb8bac-5587-4f15-b693-9177bfa2b21d","local_time":"20201219123625","is_ascension_mode":true,"campfire_choices":[{"data":"Footwork","floor":6.0,"key":"SMITH"},{"data":"Dagger Spray","floor":8.0,"key":"SMITH"},{"data":"Acrobatics","floor":15.0,"key":"SMITH"},{"data":"Flechettes","floor":24,"key":"SMITH"}],"circlet_count":0,"master_deck":["AscendersBane","Strike_G","Strike_G","Strike_G","Defend_G","Defend_G","Defend_G","Defend_G","Survivor","Neutralize+1","Dagger Spray+1","Footwork+1","Terror","Underhanded Strike","Acrobatics+1","Dash","Venomology","Ghostly","Ghostly","Ghostly","Calculated Gamble","Flechettes+1"],"relics":["Ring of the Snake","Meat on the Bone","HoveringKite","Calipers","Omamori","Molten Egg 2"],"acts_visited":["Exordium","TheCity"],"potions_floor_usage":[27,27],"damage_taken":[{"damage":0.0,"enemies":"Jaw Worm","floor":1.0,"turns":5.0},{"damage":0.0,"enemies":"Cultist","floor":3.0,"turns":4.0},{"damage":2.0,"enemies":"Small Slimes","floor":4.0,"turns":3.0},{"damage":0.0,"enemies":"2 Fungi Beasts","floor":5.0,"turns":3.0},{"damage":7.0,"enemies":"3 Louse","floor":7.0,"turns":3.0},{"damage":17.0,"enemies":"Exordium Wildlife","floor":10.0,"turns":7.0},{"damage":0.0,"enemies":"Lots of Slimes","floor":11.0,"turns":1.0},{"damage":0.0,"enemies":"3 Louse","floor":12.0,"turns":2.0},{"damage":2.0,"enemies":"2 Fungi Beasts","floor":13.0,"turns":3.0},{"damage":12.0,"enemies":"The Guardian","floor":16.0,"turns":14.0},{"damage":2.0,"enemies":"2 Thieves","floor":18.0,"turns":4.0},{"damage":21.0,"enemies":"3 Byrds","floor":21.0,"turns":6.0},{"damage":8.0,"enemies":"Centurion and Healer","floor":22.0,"turns":7.0},{"damage":30,"enemies":"Book of Stabbing","floor":27,"turns":6}],"seed_played":"6019563635218269347","potions_obtained":[{"floor":1.0,"key":"Dexterity Potion"},{"floor":7.0,"key":"Swift Potion"},{"floor":10.0,"key":"AttackPotion"},{"floor":12.0,"key":"GhostInAJar"},{"floor":13.0,"key":"DuplicationPotion"}],"is_trial":false,"path_per_floor":["M","?","M","M","M","R","M","R","T","M","M","M","M","?","R","B",null,"M","?","?","M","M","$","R","$","T","E"],"character_chosen":"THE_SILENT","items_purchased":["Omamori"],"campfire_rested":0,"item_purchase_floors":[25],"current_hp_per_floor":[59,59,59,57,57,57,50,50,50,45,45,45,43,32,32,32,58,56,33,33,24,28,28,28,28,28,0,0],"gold":40,"neow_bonus":"REMOVE_TWO","is_daily":false,"chose_seed":false,"campfire_upgraded":4,"win_rate":0.0,"timestamp":1608352585,"path_taken":["M","?","?","M","M","R","M","R","T","M","?","M","M","?","R","BOSS","M","?","?","M","M","$","R","$","T","E"],"items_purchased_type":["Relic"],"build_version":"2020-12-13","purchased_purges":1,"victory":false,"max_hp_per_floor":[66,66,66,66,66,66,66,66,66,66,66,66,66,66,66,66,66,66,33,33,33,33,33,33,33,33,33,33],"relic_stats":{"counters":[14,68],"HoveringKite":[7],"obtain_stats":[{"Calipers":20,"HoveringKite":17,"Molten Egg 2":26,"Omamori":25,"Ring of the Snake":0,"Meat on the Bone":9},{"Calipers":11,"HoveringKite":10,"Molten Egg 2":13,"Omamori":13,"Ring of the Snake":0,"Meat on the Bone":5},{"Calipers":49,"HoveringKite":45,"Molten Egg 2":62,"Omamori":62,"Ring of the Snake":0,"Meat on the Bone":18}],"Ring of the Snake":[28],"Meat on the Bone":48},"card_choices":[{"not_picked":["Infinite Blades","Bane"],"picked":"Dagger Spray","floor":1.0},{"not_picked":["Skewer","Flechettes","Leg Sweep"],"picked":"SKIP","floor":3.0},{"not_picked":["Catalyst","Crippling Poison","Dagger Spray"],"picked":"SKIP","floor":4.0},{"not_picked":["Bane","PiercingWail"],"picked":"Footwork","floor":5.0},{"not_picked":["Prepared","Cloak And Dagger"],"picked":"Terror","floor":7.0},{"not_picked":["Leg Sweep","Quick Slash"],"picked":"Underhanded Strike","floor":10.0},{"not_picked":["Quick Slash","Flechettes","Bane"],"picked":"SKIP","floor":11.0},{"not_picked":["Finisher","Deflect"],"picked":"Acrobatics","floor":12.0},{"not_picked":["Prepared","Masterful Stab"],"picked":"Dash","floor":13.0},{"not_picked":["Doppelganger","Night Terror"],"picked":"Venomology","floor":16.0},{"not_picked":["Poisoned Stab","Flechettes","Outmaneuver"],"picked":"SKIP","floor":18.0},{"not_picked":["Poisoned Stab","Dagger Spray"],"picked":"Calculated Gamble","floor":21.0},{"not_picked":["Sucker Punch","Acrobatics"],"picked":"Flechettes","floor":22.0}],"player_experience":215516,"relics_obtained":[{"floor":9.0,"key":"Meat on the Bone"},{"floor":26,"key":"Molten Egg 2"}],"event_choices":[{"damage_healed":0.0,"max_hp_gain":0.0,"max_hp_loss":0.0,"gold_gain":0.0,"event_name":"Upgrade Shrine","player_choice":"Upgraded","floor":2.0,"gold_loss":0.0,"damage_taken":0.0,"cards_upgraded":["Neutralize"]},{"damage_healed":0.0,"max_hp_gain":0.0,"max_hp_loss":0.0,"gold_gain":75.0,"event_name":"World of Goop","player_choice":"Gather Gold","floor":14.0,"gold_loss":0.0,"damage_taken":11.0},{"damage_healed":0.0,"max_hp_gain":0.0,"max_hp_loss":33.0,"gold_gain":0.0,"event_name":"Ghosts","player_choice":"Became a Ghost","floor":19.0,"gold_loss":0.0,"damage_taken":0.0,"cards_obtained":["Ghostly","Ghostly","Ghostly"]},{"damage_healed":0.0,"max_hp_gain":0.0,"max_hp_loss":0.0,"gold_gain":0.0,"event_name":"Addict","player_choice":"Obtained Relic","floor":20.0,"gold_loss":85.0,"damage_taken":0.0,"relics_obtained":["Calipers"]}],"is_beta":false,"boss_relics":[{"not_picked":["Ectoplasm","Cursed Key"],"picked":"HoveringKite"}],"items_purged_floors":[23],"is_endless":false,"potions_floor_spawned":[1,7,10,12,13,16,18],"killed_by":"Book of Stabbing","ascension_level":20}}