{"host":"q5vpntglr38zhb0c","time":1608375534,"event":{"mods":["BaseMod","Colored Map","DeckTracker","Keyboard Shortcuts","Minty Spire (QoL Compilation)","Permanent Neow","StSLib","SuperFastMode","everything is the same but u backflip on backflip"],"gold_per_floor":[119,130,145,145,164,164,239,259,259,259,259,259,99,116,116,191,191,202,202,202,202,221,221,303,303,303,303,322,348,348,348],"floor_reached":30,"playtime":675,"items_purged":["Strike_B"],"score":476,"play_id":"894933a5-57e8-4d58-a2fc-ea3ef1691e47","local_time":"20201219195854","is_ascension_mode":true,"campfire_choices":[{"data":"Dualcast","floor":6,"key":"SMITH"},{"floor":11,"key":"REST"},{"data":"Multi-Cast","floor":15,"key":"SMITH"},{"data":"Ghostly","floor":23,"key":"SMITH"},{"data":"Ghostly","floor":25,"key":"SMITH"},{"data":"Ghostly","floor":27,"key":"SMITH"}],"circlet_count":0,"master_deck":["AscendersBane","Defend_B","Defend_B","Defend_B+1","Defend_B+1","Zap+1","Dualcast+1","Sunder","Doom and Gloom","Darkness+1","Hologram","Multi-Cast+1","Core Surge","Ghostly+1","Ghostly+1","Ghostly+1","Skim+1"],"relics":["Cracked Core","Pantograph","Busted Crown","HornCleat","Letter Opener","War Paint"],"acts_visited":["Exordium","TheCity"],"potions_floor_usage":[14,14,29],"damage_taken":[{"damage":1.0,"enemies":"Cultist","floor":1.0,"turns":3.0},{"damage":2.0,"enemies":"Jaw Worm","floor":2.0,"turns":4.0},{"damage":0.0,"enemies":"2 Louse","floor":3.0,"turns":1.0},{"damage":21,"enemies":"Large Slime","floor":5,"turns":4},{"damage":3,"enemies":"3 Louse","floor":8,"turns":3},{"damage":12,"enemies":"Gremlin Gang","floor":14,"turns":2},{"damage":21,"enemies":"The Guardian","floor":16,"turns":7},{"damage":0,"enemies":"Spheric Guardian","floor":18,"turns":2},{"damage":1,"enemies":"Shell Parasite","floor":22,"turns":4},{"damage":3,"enemies":"Cultist and Chosen","floor":28,"turns":5},{"damage":22,"enemies":"Slavers","floor":29,"turns":5},{"damage":12,"enemies":"Centurion and Healer","floor":30,"turns":2}],"seed_played":"3052874937388727325","potions_obtained":[{"floor":1.0,"key":"Weak Potion"},{"floor":5,"key":"ColorlessPotion"},{"floor":18,"key":"PowerPotion"}],"is_trial":false,"path_per_floor":["M","M","M","?","M","R","?","M","T","?","R","?","$","M","R","B",null,"M","?","?","?","M","R","T","R","T","R","M","E","M"],"character_chosen":"DEFECT","items_purchased":["Multi-Cast"],"campfire_rested":1,"item_purchase_floors":[13],"current_hp_per_floor":[63,61,61,42,21,21,10,7,7,2,21,21,21,9,9,13,51,51,51,51,32,31,31,31,31,31,31,28,6,0,0],"gold":348,"neow_bonus":"TRANSFORM_TWO_CARDS","is_daily":false,"chose_seed":false,"campfire_upgraded":5,"win_rate":0.0,"timestamp":1608375534,"path_taken":["M","M","?","?","M","R","?","M","T","?","R","?","$","?","R","BOSS","M","?","?","?","M","R","?","R","T","R","?","E","M"],"items_purchased_type":["Card"],"build_version":"2020-12-13","purchased_purges":1,"victory":false,"max_hp_per_floor":[64,64,64,64,64,64,64,64,64,64,64,64,64,64,64,64,64,64,64,64,32,32,32,32,32,32,32,32,32,32,32],"card_choices":[{"not_picked":["Fusion","Steam","Gash"],"picked":"SKIP","floor":1.0},{"not_picked":["Redo","Reprogram"],"picked":"Darkness","floor":2.0},{"not_picked":["Gash","Doom and Gloom"],"picked":"Hologram","floor":3.0},{"not_picked":["Chill","Capacitor","Gash"],"picked":"SKIP","floor":5},{"not_picked":["Cold Snap","Barrage","FTL"],"picked":"SKIP","floor":8},{"not_picked":["Turbo","Melter","Steam Power"],"picked":"SKIP","floor":14},{"not_picked":["All For One","Biased Cognition"],"picked":"Core Surge","floor":16},{"not_picked":["Steam"],"picked":"SKIP","floor":18},{"not_picked":[],"picked":"Skim","floor":22},{"not_picked":["Go for the Eyes"],"picked":"SKIP","floor":28},{"not_picked":["Consume"],"picked":"SKIP","floor":29}],"player_experience":1305029,"relics_obtained":[{"floor":9,"key":"Pantograph"},{"floor":24,"key":"HornCleat"},{"floor":26,"key":"Letter Opener"},{"floor":29,"key":"War Paint"}],"event_choices":[{"damage_healed":0.0,"max_hp_gain":0.0,"max_hp_loss":0.0,"gold_gain":0.0,"event_name":"Shining Light","player_choice":"Entered Light","floor":4.0,"gold_loss":0.0,"damage_taken":19.0,"cards_upgraded":["Zap","Defend_B"]},{"damage_healed":0,"gold_gain":75,"player_choice":"Gather Gold","damage_taken":11,"max_hp_gain":0,"max_hp_loss":0,"event_name":"World of Goop","floor":7,"gold_loss":0},{"damage_healed":0,"gold_gain":0,"player_choice":"Fled","damage_taken":5,"max_hp_gain":0,"max_hp_loss":0,"event_name":"Scrap Ooze","floor":10,"gold_loss":0},{"damage_healed":0,"gold_gain":0,"player_choice":"Upgraded","damage_taken":0,"max_hp_gain":0,"max_hp_loss":0,"event_name":"Upgrade Shrine","floor":12,"gold_loss":0,"cards_upgraded":["Darkness"]},{"cards_removed":["Strike_B"],"damage_healed":0,"gold_gain":0,"player_choice":"Elegance","damage_taken":0,"max_hp_gain":0,"max_hp_loss":0,"event_name":"Back to Basics","floor":19,"gold_loss":0},{"damage_healed":0,"gold_gain":0,"player_choice":"Ignored","damage_taken":0,"max_hp_gain":0,"max_hp_loss":0,"event_name":"The Mausoleum","floor":20,"gold_loss":0},{"damage_healed":0,"gold_gain":0,"player_choice":"Became a Ghost","damage_taken":0,"max_hp_gain":0,"max_hp_loss":32,"event_name":"Ghosts","floor":21,"gold_loss":0,"cards_obtained":["Ghostly","Ghostly","Ghostly"]}],"is_beta":false,"boss_relics":[{"not_picked":["Velvet Choker","Tiny House"],"picked":"Busted Crown"}],"items_purged_floors":[13],"is_endless":false,"potions_floor_spawned":[1,5,18],"killed_by":"Centurion and Healer","ascension_level":20}}