{"host":"kw4o7b3ro2ktmmbe","time":1608416843,"event":{"mods":["BaseMod","Minty Spire (QoL Compilation)","StSLib","Treasure Hunter","WarShipGirlsR/战舰少女R mod"],"gold_per_floor":[135,135,45,45,56,56,78,78,78,93,93,128,138,151,151,248,248,263,263,263,278,278,278,329,329,363,406,422,422,475,538,538,654,654,673,673,200,209,225,225,225],"floor_reached":40,"playtime":5986,"items_purged":[],"score":488,"play_id":"fda5c7d2-3724-438a-bb4a-a42bc3cef646","local_time":"20201220112723","is_ascension_mode":true,"campfire_choices":[{"data":"rmod:acesubmarine","floor":6.0,"key":"SMITH"},{"data":"rmod:basicallowance","floor":8.0,"key":"SMITH"},{"data":"TH:BikiniMail","floor":11.0,"key":"SMITH"},{"data":"rmod:fuelsupply","floor":15.0,"key":"SMITH"},{"data":"rmod:abidefaith","floor":23.0,"key":"SMITH"},{"data":"rmod:mineteam","floor":25.0,"key":"SMITH"},{"floor":29.0,"key":"REST"},{"data":"rmod:chargemoney","floor":32.0,"key":"SMITH"}],"circlet_count":0,"master_deck":["rmod:strick+1","rmod:strick+1","rmod:strick+1","rmod:strick+1","rmod:defend+1","rmod:defend+1","rmod:defend+1","rmod:defend+1","rmod:basicallowance+1","rmod:maingunfire","rmod:acesubmarine+1","rmod:aluminumsupply","TH:BikiniMail+1","TH:ArmorSpikes","rmod:chargemoney+1","rmod:fuelsupply+1","rmod:fuelsupply","TH:ElvenBoots","rmod:abidefaith+1","rmod:lonelyqueen+1","TH:EnergyPotion","rmod:mineteam+1","TH:BikiniMail","TH:DeckOfManyThings","rmod:expedition+1","TH:TreasureMap","rmod:supriseattacks+1","TH:ElvenBoots","TH:DeckOfManyThings","rmod:lastglory","rmod:fuelsupply+1","rmod:aluminumsupply+1","TH:ElvenBoots","Jack Of All Trades+1"],"relics":["Velvet Choker","Pocketwatch","Odd Mushroom","Gambling Chip","Runic Pyramid","Nloth\u0027s Gift","CeramicFish","Omamori","Toxic Egg 2","Juzu Bracelet","PreservedInsect","SlaversCollar","OrangePellets","Vajra"],"acts_visited":["Exordium","TheCity","TheBeyond"],"potions_floor_usage":[],"damage_taken":[{"damage":5.0,"enemies":"Jaw Worm","floor":1.0,"turns":3.0},{"damage":1.0,"enemies":"2 Louse","floor":5.0,"turns":2.0},{"damage":9.0,"enemies":"The Mushroom Lair","floor":7.0,"turns":3.0},{"damage":7.0,"enemies":"Small Slimes","floor":10.0,"turns":3.0},{"damage":18.0,"enemies":"3 Sentries","floor":12.0,"turns":7.0},{"damage":1.0,"enemies":"2 Fungi Beasts","floor":13.0,"turns":3.0},{"damage":3.0,"enemies":"Blue Slaver","floor":14.0,"turns":4.0},{"damage":8.0,"enemies":"The Guardian","floor":16.0,"turns":12.0},{"damage":9.0,"enemies":"Shell Parasite","floor":18.0,"turns":8.0},{"damage":17.0,"enemies":"Spheric Guardian","floor":21.0,"turns":7.0},{"damage":0.0,"enemies":"Book of Stabbing","floor":24.0,"turns":8.0},{"damage":30.0,"enemies":"Slavers","floor":27.0,"turns":5.0},{"damage":14.0,"enemies":"Snecko","floor":28.0,"turns":5.0},{"damage":5.0,"enemies":"Book of Stabbing","floor":30.0,"turns":8.0},{"damage":5.0,"enemies":"Champ","floor":33.0,"turns":14.0},{"damage":30.0,"enemies":"3 Darklings","floor":35.0,"turns":5.0},{"damage":41,"enemies":"3 Shapes","floor":39,"turns":10},{"damage":26,"enemies":"Reptomancer","floor":40,"turns":2}],"seed_played":"4199662989978650967","potions_obtained":[{"floor":5.0,"key":"Swift Potion"},{"floor":7.0,"key":"FearPotion"},{"floor":14.0,"key":"ColorlessPotion"},{"floor":16.0,"key":"FearPotion"},{"floor":18.0,"key":"EssenceOfSteel"},{"floor":28.0,"key":"Energy Potion"}],"is_trial":false,"path_per_floor":["M","?","?","$","M","R","?","R","T","M","R","E","M","M","R","B",null,"M","?","$","M","?","R","E","R","T","E","M","R","E","T","R","B",null,"M","?","$","?","M","E"],"character_chosen":"PRAEFECT","items_purchased":["OrangePellets","Vajra","rmod:aluminumsupply+1","TH:ElvenBoots"],"campfire_rested":1,"item_purchase_floors":[37,37,37,37],"current_hp_per_floor":[70,67,67,67,66,66,57,57,57,50,50,32,31,28,28,20,75,66,66,66,49,49,49,49,49,49,19,5,27,22,22,22,17,75,45,45,45,45,4,0,0],"gold":225,"neow_bonus":"BOSS_RELIC","is_daily":false,"chose_seed":false,"campfire_upgraded":7,"win_rate":0.0,"timestamp":1608416843,"path_taken":["M","?","?","$","M","R","?","R","T","M","R","E","M","M","R","BOSS","M","?","?","?","?","R","E","R","T","E","M","R","E","?","R","BOSS","M","?","$","?","M","E"],"items_purchased_type":["Relic","Relic","Card","Card"],"build_version":"2020-12-13","purchased_purges":0,"victory":false,"max_hp_per_floor":[75,75,75,75,75,75,75,75,75,75,75,75,75,75,75,75,75,75,75,75,75,75,75,75,75,75,75,75,75,75,75,75,75,75,75,75,75,75,75,75,75],"card_choices":[{"not_picked":["rmod:supportescort","rmod:firesupport","rmod:tearstotiara"],"picked":"SKIP","floor":1.0},{"not_picked":[],"picked":"rmod:acesubmarine","floor":3.0},{"not_picked":["rmod:diamondstrike","rmod:garrisonisland"],"picked":"rmod:aluminumsupply","floor":5.0},{"not_picked":["TH:CopperCoins"],"picked":"TH:BikiniMail","floor":9.0},{"not_picked":["rmod:victimresponsibility","rmod:luckystar","rmod:supportescort"],"picked":"SKIP","floor":10.0},{"not_picked":["TH:PixieDust"],"picked":"TH:ArmorSpikes","floor":12.0},{"not_picked":["rmod:firesupport","rmod:aluminumsupply"],"picked":"rmod:chargemoney","floor":12.0},{"not_picked":["rmod:diamondstrike","rmod:fletcherpendant"],"picked":"rmod:fuelsupply","floor":13.0},{"not_picked":["rmod:aluminumsupply","rmod:fletcherpendant"],"picked":"rmod:fuelsupply","floor":14.0},{"not_picked":["TH:DeckOfManyThings"],"picked":"TH:ElvenBoots","floor":16.0},{"not_picked":["rmod:u235","rmod:highspeedmaneuver"],"picked":"rmod:abidefaith","floor":16.0},{"not_picked":["rmod:circuitoustactics","rmod:supportescort"],"picked":"rmod:intelligenceanalysis+1","floor":18.0},{"not_picked":["rmod:robin","rmod:royalracing"],"picked":"rmod:lonelyqueen+1","floor":21.0},{"not_picked":["TH:Mimic"],"picked":"TH:EnergyPotion","floor":24.0},{"not_picked":["rmod:bulid","rmod:maintain"],"picked":"rmod:mineteam","floor":24.0},{"not_picked":["TH:CopperCoins"],"picked":"TH:BikiniMail","floor":26.0},{"not_picked":["TH:PixieDust"],"picked":"TH:DeckOfManyThings","floor":27.0},{"not_picked":["rmod:aluminumsupply+1","rmod:slowdown+1"],"picked":"rmod:expedition+1","floor":27.0},{"not_picked":["rmod:tearstotiara","rmod:aviationdawn+1","rmod:expedition"],"picked":"SKIP","floor":28.0},{"not_picked":["TH:Mimic"],"picked":"TH:TreasureMap","floor":30.0},{"not_picked":["rmod:seals","rmod:supportescort+1"],"picked":"rmod:supriseattacks+1","floor":30.0},{"not_picked":["TH:CopperCoins"],"picked":"TH:ElvenBoots","floor":31.0},{"not_picked":["TH:Mimic"],"picked":"TH:DeckOfManyThings","floor":33.0},{"not_picked":["rmod:auspiciousomen+1","rmod:expeditionaryescort"],"picked":"rmod:lastglory","floor":33.0},{"not_picked":["rmod:unsinkable+1","rmod:tearstotiara"],"picked":"rmod:fuelsupply+1","floor":35.0},{"not_picked":["Purity+1","Finesse+1"],"picked":"Jack Of All Trades+1","floor":38.0},{"not_picked":["rmod:expedition","rmod:circuitoustactics+1","rmod:combined+1"],"picked":"SKIP","floor":39}],"player_experience":1762769,"relics_obtained":[{"floor":7.0,"key":"Odd Mushroom"},{"floor":9.0,"key":"Gambling Chip"},{"floor":12.0,"key":"rmod:equipmentrecovery"},{"floor":24.0,"key":"CeramicFish"},{"floor":26.0,"key":"Omamori"},{"floor":27.0,"key":"Toxic Egg 2"},{"floor":30.0,"key":"Juzu Bracelet"},{"floor":31.0,"key":"PreservedInsect"}],"event_choices":[{"damage_healed":0.0,"max_hp_gain":0.0,"max_hp_loss":0.0,"gold_gain":0.0,"event_name":"Scrap Ooze","player_choice":"Success","floor":2.0,"gold_loss":0.0,"damage_taken":3.0,"relics_obtained":["Pocketwatch"]},{"damage_healed":0.0,"max_hp_gain":0.0,"max_hp_loss":0.0,"gold_gain":0.0,"event_name":"Mushrooms","player_choice":"Fought Mushrooms","floor":7.0,"gold_loss":0.0,"damage_taken":0.0},{"damage_healed":0.0,"max_hp_gain":0.0,"max_hp_loss":0.0,"gold_gain":0.0,"event_name":"N\u0027loth","player_choice":"Traded Relic","floor":19.0,"relics_lost":["rmod:equipmentrecovery"],"gold_loss":0.0,"damage_taken":0.0,"relics_obtained":["Nloth\u0027s Gift"]},{"damage_healed":0.0,"max_hp_gain":0.0,"max_hp_loss":0.0,"gold_gain":0.0,"event_name":"Back to Basics","player_choice":"Simplicity","floor":22.0,"gold_loss":0.0,"damage_taken":0.0,"cards_upgraded":["rmod:strick","rmod:strick","rmod:strick","rmod:strick","rmod:defend","rmod:defend","rmod:defend","rmod:defend"]},{"cards_removed":["rmod:intelligenceanalysis"],"damage_healed":0.0,"max_hp_gain":0.0,"max_hp_loss":0.0,"gold_gain":0.0,"event_name":"Falling","player_choice":"Removed Attack","floor":36.0,"gold_loss":0.0,"damage_taken":0.0},{"damage_healed":0.0,"max_hp_gain":0.0,"max_hp_loss":0.0,"gold_gain":0.0,"event_name":"SensoryStone","player_choice":"Memory 1","floor":38.0,"gold_loss":0.0,"damage_taken":0.0}],"is_beta":false,"boss_relics":[{"not_picked":["Snecko Eye","Tiny House"],"picked":"Runic Pyramid"},{"not_picked":["Empty Cage","Black Star"],"picked":"SlaversCollar"}],"items_purged_floors":[],"is_endless":false,"potions_floor_spawned":[5,7,14,16,18,21,28],"killed_by":"Reptomancer","ascension_level":1}}