{"host":"u1pme1jhvp02dnrz","time":1608332962,"event":{"mods":["AchievementEnabler","BaseMod","Bestiary","Colored Map","Colored Powertips","Highlight Path","Minty Spire (QoL Compilation)","Relic Stats"],"gold_per_floor":[114,114,124,140,155,182,195,195,195,195,195],"floor_reached":10,"playtime":458,"items_purged":[],"score":91,"play_id":"3114a390-7e94-456e-9b46-5ba5a26c2189","local_time":"20201218180922","is_ascension_mode":true,"campfire_choices":[{"floor":8,"key":"REST"}],"circlet_count":0,"master_deck":["Strike_P","Strike_P","Strike_P","Strike_P","Defend_P","Defend_P","Defend_P","Defend_P","Eruption","Vigilance","Halt","BowlingBash","EmptyFist","ThirdEye","Vault","TalkToTheHand"],"relics":["VioletLotus","Boot","Gambling Chip","Bottled Flame"],"acts_visited":["Exordium"],"potions_floor_usage":[],"damage_taken":[{"damage":0.0,"enemies":"2 Louse","floor":1.0,"turns":2.0},{"damage":0.0,"enemies":"Small Slimes","floor":3.0,"turns":2.0},{"damage":10.0,"enemies":"Jaw Worm","floor":4.0,"turns":4.0},{"damage":0.0,"enemies":"Blue Slaver","floor":5.0,"turns":5.0},{"damage":25.0,"enemies":"Gremlin Nob","floor":6.0,"turns":5.0},{"damage":8,"enemies":"Exordium Wildlife","floor":7,"turns":4},{"damage":38,"enemies":"Lagavulin","floor":10,"turns":6}],"seed_played":"4056660947511180727","potions_obtained":[{"floor":5.0,"key":"Block Potion"},{"floor":7,"key":"SpeedPotion"}],"is_trial":false,"path_per_floor":["M","?","M","M","M","E","M","R","T","E"],"character_chosen":"WATCHER","items_purchased":[],"campfire_rested":1,"item_purchase_floors":[],"current_hp_per_floor":[65,58,58,48,48,23,15,36,36,0,0],"gold":195,"neow_bonus":"BOSS_RELIC","is_daily":false,"chose_seed":false,"campfire_upgraded":0,"win_rate":0.0,"timestamp":1608332962,"path_taken":["M","?","M","M","M","E","M","R","T","E"],"items_purchased_type":[],"build_version":"2020-12-13","purchased_purges":0,"victory":false,"max_hp_per_floor":[72,72,72,72,72,72,72,72,72,72,72],"relic_stats":{"counters":[7,28],"Gambling Chip":[7],"VioletLotus":[3],"Boot":[6],"obtain_stats":[{"Bottled Flame":9,"Gambling Chip":6,"VioletLotus":0,"PureWater":0,"Boot":2},{"Bottled Flame":6,"Gambling Chip":5,"VioletLotus":0,"PureWater":0,"Boot":1},{"Bottled Flame":22,"Gambling Chip":18,"VioletLotus":0,"PureWater":0,"Boot":2}]},"card_choices":[{"not_picked":["Crescendo","ReachHeaven"],"picked":"Halt","floor":1.0},{"not_picked":["CrushJoints","ThirdEye"],"picked":"BowlingBash","floor":3.0},{"not_picked":["EmptyBody","Crescendo"],"picked":"EmptyFist","floor":4.0},{"not_picked":["Crescendo","EmptyMind"],"picked":"ThirdEye","floor":5.0},{"not_picked":["Crescendo","BowlingBash"],"picked":"Vault","floor":6.0},{"not_picked":["Indignation","EmptyFist"],"picked":"TalkToTheHand","floor":7}],"player_experience":195183,"relics_obtained":[{"floor":6.0,"key":"Gambling Chip"},{"floor":9,"key":"Bottled Flame"}],"event_choices":[{"damage_healed":0.0,"max_hp_gain":0.0,"max_hp_loss":0.0,"gold_gain":0.0,"event_name":"Scrap Ooze","player_choice":"Success","floor":2.0,"gold_loss":0.0,"damage_taken":7.0,"relics_obtained":["Boot"]}],"is_beta":false,"boss_relics":[],"items_purged_floors":[],"is_endless":false,"potions_floor_spawned":[5,7],"killed_by":"Lagavulin","ascension_level":6}}