{"host":"3y33rrrkia6pkpow","time":1608397911,"event":{"mods":["2.2 Compatiblity","AchievementEnabler","BaseMod","BetterRewards","Colored Map","Keyboard Shortcuts","Minty Spire (QoL Compilation)","Quick Restart","Replay The Spire","Shop Mod","Spicy Shops","StSLib","Synergy Search","The Animator"],"gold_per_floor":[149,149,209,20,102,181,265,354,380,479,587,692,814,814,814,943,943,993,1048,1147,835,760,847,893,982,982,1077,1189,1302,1141,1260,1260,1389,1389,1451,1510,1510,1510,1249,1328,1328,1429,1429,1528,1528,1528,1528,1655,1655,1663],"floor_reached":51,"playtime":7522,"items_purged":["animator:Strike","Injury","CommonCold"],"score":1280,"play_id":"e1c005c2-9fbf-4b9a-b90c-11d98d5cbe30","local_time":"20201219111151","is_ascension_mode":true,"campfire_choices":[{"data":"animator:FielNirvalen","floor":15.0,"key":"SMITH"},{"data":"animator:Tet","floor":32,"key":"SMITH"},{"floor":41,"key":"REST"},{"floor":45,"key":"REST"},{"floor":49,"key":"REST"}],"circlet_count":0,"master_deck":["AscendersBane","animator:Strike_HitsugiNoChaika+1","animator:Defend_HitsugiNoChaika+1","animator:Strike+1","animator:Defend+1","animator:Defend+1","animator:Defend+1","animator:AcuraAkari+1","animator:Gillette+1","animator:SayakaMiki+1","animator:MamiTomoe+1","animator:Tatsumaki+1","animator:FielNirvalen+1","animator:DwarfShaman+1","animator:UneriGinkaku+1","animator:GuildGirl+1","animator:MisakiNakahara+1","animator:AcuraTooru+1","animator:Tet+1","animator:UneriGinkaku+1","animator:DolaSchwi+1","animator:ChaikaTrabant+1","animator:EmiyaShirou+1","animator:FielNirvalen+1","animator:Shiro+1","animator:UneriGinkaku+1","animator:Konayuki+1","animator:Hitei+1","animator:Rimuru","animator:Kaijin+1","animator:DolaSchwi+1","animator:Konayuki+1","animator:DolaSchwi+1","animator:Tet+1","animator:Magilou+1","animator:Sonic+1","animator:Biyorigo+1","animator:Sonic+1","animator:AcuraAkari+1","animator:HiiragiShinya+1","animator:HiiragiShinya+1","animator:ChlammyZell+1","animator:MetalKnight+1"],"relics":["animator:TheEgnaroPiece","animator:AncientMedallion"],"acts_visited":["Exordium","TheCity","TheBeyond"],"potions_floor_usage":[28,29,33,35,42,42,50,50,50],"damage_taken":[{"damage":0.0,"enemies":"Small Slimes","floor":1.0,"turns":3.0},{"damage":11.0,"enemies":"Jaw Worm","floor":3.0,"turns":2.0},{"damage":5.0,"enemies":"2 Louse","floor":5.0,"turns":2.0},{"damage":11.0,"enemies":"Lagavulin","floor":6.0,"turns":4.0},{"damage":3.0,"enemies":"Blue Slaver","floor":7.0,"turns":3.0},{"damage":3.0,"enemies":"Gremlin Nob","floor":8.0,"turns":4.0},{"damage":2.0,"enemies":"Lagavulin","floor":10.0,"turns":5.0},{"damage":8.0,"enemies":"Exordium Thugs","floor":11.0,"turns":4.0},{"damage":7.0,"enemies":"Large Slime","floor":12.0,"turns":2.0},{"damage":0.0,"enemies":"3 Sentries","floor":13.0,"turns":4.0},{"damage":3.0,"enemies":"The Guardian","floor":16.0,"turns":6.0},{"damage":3.0,"enemies":"Chosen","floor":18.0,"turns":2.0},{"damage":10.0,"enemies":"Shell Parasite","floor":19.0,"turns":3.0},{"damage":37.0,"enemies":"Slavers","floor":23.0,"turns":5.0},{"damage":3.0,"enemies":"Masked Bandits","floor":24.0,"turns":3.0},{"damage":4.0,"enemies":"Replay:Snechameleon","floor":25.0,"turns":6.0},{"damage":20.0,"enemies":"Centurion and Healer","floor":27.0,"turns":4.0},{"damage":43,"enemies":"Slavers","floor":28,"turns":4},{"damage":5,"enemies":"Chosen and Byrds","floor":29,"turns":4},{"damage":0,"enemies":"Snecko","floor":31,"turns":4},{"damage":23,"enemies":"Champ","floor":33,"turns":9},{"damage":25,"enemies":"3 Darklings","floor":35,"turns":6},{"damage":8,"enemies":"Orb Walker","floor":36,"turns":3},{"damage":62,"enemies":"Giant Head","floor":40,"turns":8},{"damage":67,"enemies":"Reptomancer","floor":42,"turns":7},{"damage":12,"enemies":"Spire Growth","floor":44,"turns":6},{"damage":31,"enemies":"Jaw Worm Horde","floor":48,"turns":6},{"damage":58,"enemies":"Replay:Hell Engine","floor":50,"turns":11}],"seed_played":"9170466461761770445","potions_obtained":[{"floor":1.0,"key":"animator:FalseLifePotion"},{"floor":3.0,"key":"animator:FalseLifePotion"},{"floor":5.0,"key":"animator:FalseLifePotion"},{"floor":6.0,"key":"animator:FalseLifePotion"},{"floor":8.0,"key":"animator:FalseLifePotion"},{"floor":10.0,"key":"animator:FalseLifePotion"},{"floor":11.0,"key":"animator:FalseLifePotion"},{"floor":12.0,"key":"animator:FalseLifePotion"},{"floor":13.0,"key":"animator:FalseLifePotion"},{"floor":16.0,"key":"animator:FalseLifePotion"},{"floor":23.0,"key":"animator:FalseLifePotion"},{"floor":27.0,"key":"animator:FalseLifePotion"},{"floor":28,"key":"animator:FalseLifePotion"},{"floor":29,"key":"animator:FalseLifePotion"},{"floor":33,"key":"animator:FalseLifePotion"},{"floor":35,"key":"animator:FalseLifePotion"},{"floor":42,"key":"animator:FalseLifePotion"},{"floor":44,"key":"animator:FalseLifePotion"}],"is_trial":false,"path_per_floor":["M","?","M","$","M","E","M","E","T","E","M","M","E","?","R","B",null,"M","M","?","$","?","E","?","E","T","M","E","M","$","M","R","B",null,"M","M","?","?","$","E","R","E","T","M","R","?","?","M","R","B",null],"character_chosen":"THE_ANIMATOR","items_purchased":["animator:SayakaMiki","animator:MamiTomoe","animator:Tatsumaki","animator:FielNirvalen","Strength Potion","animator:GuildGirl","animator:MisakiNakahara","animator:Kaijin","animator:DolaSchwi","animator:AncientMedallion","animator:Magilou","animator:Sonic","animator:AcuraAkari","animator:HiiragiShinya"],"campfire_rested":3,"item_purchase_floors":[0,0,0,0,0,4,4,21,21,21,30,30,39,39],"current_hp_per_floor":[98,98,87,87,82,71,72,73,73,84,91,92,99,99,99,96,98,96,89,65,65,65,60,93,95,95,79,56,94,94,99,99,76,93,74,91,91,91,91,37,66,32,32,84,99,99,99,68,97,41],"gold":1663,"neow_bonus":"","is_daily":false,"chose_seed":false,"campfire_upgraded":2,"win_rate":0.0,"timestamp":1608397911,"path_taken":["M","?","M","$","M","E","M","E","T","E","M","M","E","?","R","BOSS","M","M","?","$","?","E","?","E","T","M","E","M","$","M","R","BOSS","M","M","?","?","$","E","R","E","T","M","R","?","?","M","R","BOSS"],"items_purchased_type":["Card","Card","Card","Card","Potion","Card","Card","Card","Card","Relic","Card","Card","Card","Card"],"build_version":"2020-12-13","purchased_purges":3,"victory":true,"max_hp_per_floor":[98,98,98,98,98,98,98,98,98,99,99,99,99,99,99,99,99,99,99,99,99,99,99,99,99,99,99,99,99,99,99,99,99,99,99,99,99,99,99,99,99,99,99,99,99,99,99,99,99,99],"card_choices":[{"not_picked":["animator:SakuraMatou","animator:Millim"],"picked":"animator:DwarfShaman","floor":1.0},{"not_picked":["animator:Genos","animator:Yoichi"],"picked":"animator:UneriGinkaku","floor":3.0},{"not_picked":["animator:Witch","animator:GuildGirl"],"picked":"animator:AcuraTooru","floor":5.0},{"not_picked":["animator:Guy","animator:DolaStephanie"],"picked":"animator:Tet","floor":6.0},{"not_picked":["animator:Guy","animator:Viivi"],"picked":"animator:UneriGinkaku","floor":7.0},{"not_picked":["animator:DolaStephanie","animator:Benimaru"],"picked":"animator:DolaSchwi","floor":8.0},{"not_picked":["animator:Yoichi","animator:TsurugaMeisai"],"picked":"animator:ChaikaTrabant","floor":10.0},{"not_picked":["animator:Genos","animator:Alexander","animator:IzunaHatsuse"],"picked":"SKIP","floor":11.0},{"not_picked":["animator:GuildGirl","animator:TsurugaMeisai"],"picked":"animator:EmiyaShirou","floor":12.0},{"not_picked":["animator:Shichika","animator:Priestess"],"picked":"animator:FielNirvalen","floor":13.0},{"not_picked":["animator:FeridBathory","animator:HigakiRinne"],"picked":"animator:Shiro","floor":16.0},{"not_picked":["animator:SilverFang","animator:OrikoMikuni"],"picked":"animator:UneriGinkaku","floor":18.0},{"not_picked":["animator:Tatsumaki","animator:Assassin"],"picked":"animator:Konayuki","floor":19.0},{"not_picked":["animator:Yuuichirou","animator:UneriGinkaku"],"picked":"animator:Hitei","floor":20.0},{"not_picked":["animator:Berserker","animator:KyokoSakura"],"picked":"animator:Rimuru","floor":20.0},{"not_picked":["animator:Yoichi","animator:Vesta","animator:Tatsumaki"],"picked":"SKIP","floor":23.0},{"not_picked":["animator:DolaRiku+1","animator:ShinjiMatou+1"],"picked":"animator:Konayuki+1","floor":24.0},{"not_picked":["animator:Shion","animator:Gillette"],"picked":"animator:Archer+1","floor":25.0},{"not_picked":["animator:TsurugaMeisai","animator:Assassin"],"picked":"animator:DolaSchwi","floor":27.0},{"not_picked":["animator:FeridBathory","animator:SakuraMatou"],"picked":"animator:Tet","floor":28},{"not_picked":["animator:Togame","animator:OrikoMikuni","animator:Shinoa"],"picked":"SKIP","floor":29},{"not_picked":["animator:Konayuki","animator:UneriGinkaku","animator:Millim+1"],"picked":"SKIP","floor":31},{"not_picked":["animator:Boros","animator:SwordMaiden"],"picked":"animator:Biyorigo","floor":33},{"not_picked":["animator:Togame+1","animator:KyokoSakura+1","animator:Alexander"],"picked":"SKIP","floor":35},{"not_picked":["animator:Priestess+1","animator:Hitei+1"],"picked":"animator:Sonic","floor":36},{"not_picked":["animator:GuildGirl","animator:LizardPriest+1"],"picked":"animator:ChlammyZell+1","floor":40},{"not_picked":["animator:Viivi","animator:ChaikaBohdan"],"picked":"animator:MetalKnight","floor":42},{"not_picked":["animator:Mikaela+1","animator:ShinjiMatou","animator:Shichika"],"picked":"SKIP","floor":44},{"not_picked":["animator:DolaSchwi","animator:Lancer+1","animator:YuiTsuruno"],"picked":"SKIP","floor":48}],"player_experience":800415,"relics_obtained":[{"floor":6.0,"key":"animator:AncientMedallion"},{"floor":8.0,"key":"animator:AncientMedallion"},{"floor":9.0,"key":"animator:AncientMedallion"},{"floor":10.0,"key":"animator:AncientMedallion"},{"floor":13.0,"key":"animator:AncientMedallion"},{"floor":20.0,"key":"animator:AncientMedallion"},{"floor":23.0,"key":"animator:AncientMedallion"},{"floor":24.0,"key":"Red Mask"},{"floor":25.0,"key":"animator:AncientMedallion"},{"floor":26.0,"key":"animator:AncientMedallion"},{"floor":28,"key":"animator:AncientMedallion"},{"floor":38,"key":"ReplayTheSpireMod:Ring of Collecting"},{"floor":40,"key":"animator:AncientMedallion"},{"floor":42,"key":"animator:AncientMedallion"},{"floor":43,"key":"animator:AncientMedallion"}],"event_choices":[{"damage_healed":0.0,"max_hp_gain":0.0,"max_hp_loss":0.0,"gold_gain":0.0,"event_name":"Golden Idol","player_choice":"Take Wound","floor":2.0,"gold_loss":0.0,"damage_taken":0.0,"relics_obtained":["Golden Idol"],"cards_obtained":["Injury"]},{"damage_healed":0.0,"max_hp_gain":0.0,"max_hp_loss":0.0,"gold_gain":0.0,"event_name":"Liars Game","player_choice":"Ignored","floor":14.0,"gold_loss":0.0,"damage_taken":0.0},{"cards_removed":["animator:Strike"],"damage_healed":0.0,"max_hp_gain":0.0,"max_hp_loss":0.0,"gold_gain":0.0,"event_name":"Beggar","player_choice":"Gave Gold","floor":22.0,"gold_loss":75.0,"damage_taken":0.0},{"damage_healed":0.0,"max_hp_gain":0.0,"max_hp_loss":0.0,"gold_gain":0.0,"event_name":"Masked Bandits","player_choice":"Fought Bandits","floor":24.0,"gold_loss":0.0,"damage_taken":0.0},{"damage_healed":0,"gold_gain":0,"player_choice":"Ignored","damage_taken":0,"max_hp_gain":0,"max_hp_loss":0,"event_name":"Tomb of Lord Red Mask","floor":37,"gold_loss":0},{"cards_removed":["animator:Archer"],"damage_healed":0,"gold_gain":0,"player_choice":"Removed Power","damage_taken":0,"max_hp_gain":0,"max_hp_loss":0,"event_name":"Falling","floor":46,"gold_loss":0},{"damage_healed":0,"gold_gain":0,"player_choice":"Ignored","damage_taken":0,"max_hp_gain":0,"max_hp_loss":0,"event_name":"Mysterious Sphere","floor":47,"gold_loss":0}],"is_beta":false,"boss_relics":[{"not_picked":["animator:AncientMedallion","animator:AncientMedallion"],"picked":"animator:AncientMedallion"},{"not_picked":["animator:AncientMedallion","animator:AncientMedallion"],"picked":"animator:AncientMedallion"}],"items_purged_floors":[0,21,39],"is_endless":false,"potions_floor_spawned":[1,6,7,8,18,25,27,28,33,35,44],"ascension_level":10}}