{"host":"pew4fjlaqz7m1maf","time":1608368415,"event":{"mods":["AchievementEnabler","Bartender","BaseMod","Bestiary","Colored Map","Colored Powertips","DeckTracker","Duelist Mod","GifTheSpireLib","Hero for Fun","Hyrulean Relics","Jedi Mod","Kalas","LagranYue(ùfäiòNÅEåé)","Magitek Elite","MarisaÅiñ∂âJÅ@ñÇóùçπÅj","Minty Spire (QoL Compilation)","Prisma Mod","Quick Restart","Random Character Button","Rare Cards Sparkle","Relic Stats","Replay The Spire","SOSÅiézîb?îVéqÅj","StSLib","Steal the Spire","Td1madao Mod","The Animator","The Bug Knight","The Mystic","The Senshi","The Servant 0.9.4","The Wild Card","TheHero","Åyå˜î\ModÅz?ñæìIç≈?Boss"],"gold_per_floor":[114,134,134,146,160,189,189,206,229,11,29,60,80,94,94,194,194,206,3,16,16,26,26,26],"floor_reached":23,"playtime":2518,"items_purged":[],"score":232,"play_id":"d9c7ae5e-16c3-449e-80fb-05ad0af72933","local_time":"20201219020015","is_ascension_mode":false,"campfire_choices":[{"data":"theWildCard:StingingStrike","floor":7,"key":"SMITH"},{"floor":15,"key":"REST"}],"circlet_count":0,"master_deck":["theWildCard:BasicStrike","theWildCard:BasicStrike","theWildCard:BasicStrike","theWildCard:BasicDefend","theWildCard:BasicDefend","theWildCard:BasicDefend","theWildCard:BasicDefend","theWildCard:CallToAdventure+1","theWildCard:Arsene+1","theWildCard:PaleRider","theWildCard:SacrificialStroke","theWildCard:MagicalMight","theWildCard:MagicMettle","theWildCard:StingingStrike+1","theWildCard:Sakuya","theWildCard:Metatron","theWildCard:EnergizedStroke","theWildCard:StalwartBlade","theWildCard:BladeOfGenerations","theWildCard:FinalHour","theWildCard:Unburden","theWildCard:Patience","theWildCard:SeveringSlash+1"],"relics":["theWildCard:VelvetContract","LagranYue:RandomDrawCardRelic","Garlic","ReplayTheSpireMod:Lightbulb","Frozen Eye","Bronze Scales","Black Star","LagranYue:GuidanceLightRelic"],"acts_visited":["Exordium","TheCity"],"potions_floor_usage":[12,16,18,20,20,23],"damage_taken":[{"damage":0,"enemies":"Small Slimes","floor":1,"turns":3},{"damage":0,"enemies":"Cultist","floor":2,"turns":2},{"damage":1,"enemies":"Jaw Worm","floor":4,"turns":3},{"damage":1,"enemies":"Red Slaver","floor":5,"turns":3},{"damage":8,"enemies":"Replay:BlueRogue","floor":6,"turns":3},{"damage":0,"enemies":"Gremlin Gang","floor":8,"turns":6},{"damage":0,"enemies":"2 Fungi Beasts","floor":11,"turns":2},{"damage":12,"enemies":"Lagavulin","floor":12,"turns":4},{"damage":17,"enemies":"Exordium Thugs","floor":13,"turns":4},{"damage":4,"enemies":"Red Slaver","floor":14,"turns":4},{"damage":20,"enemies":"Hexaghost","floor":16,"turns":10},{"damage":16,"enemies":"Shell Parasite","floor":18,"turns":7},{"damage":27,"enemies":"Snake Plant","floor":20,"turns":7},{"damage":6,"enemies":"3 Cultists","floor":22,"turns":2},{"damage":31,"enemies":"theDuelist:KaibaA2","floor":23,"turns":6}],"seed_played":"7333950162678658550","potions_obtained":[{"floor":2,"key":"Weak Potion"},{"floor":5,"key":"LiquidMemories"},{"floor":11,"key":"jedi:StrikingPotion"},{"floor":14,"key":"Languid Potion"},{"floor":16,"key":"CultistPotion"},{"floor":18,"key":"LiquidMemories"},{"floor":20,"key":"FearPotion"}],"is_trial":false,"path_per_floor":["M","M","?","M","M","E","R","M","T","$","M","E","M","M","R","B",null,"M","$","M","?","M","E"],"character_chosen":"THE_WILD_CARD","items_purchased":["theWildCard:Metatron","Frozen Eye","LagranYue:GuidanceLightRelic","theWildCard:Patience"],"campfire_rested":1,"item_purchase_floors":[10,10,19,19],"current_hp_per_floor":[60,60,60,59,58,50,50,50,50,50,50,38,28,24,42,29,60,44,44,33,33,27,0,0],"gold":26,"neow_bonus":"UPGRADE_CARD","is_daily":false,"chose_seed":false,"campfire_upgraded":1,"win_rate":0.0,"timestamp":1608368415,"path_taken":["M","M","?","M","M","E","R","M","T","$","M","E","M","M","R","BOSS","M","?","M","?","M","E"],"items_purchased_type":["Card","Relic","Relic","Card"],"build_version":"2020-12-13","purchased_purges":0,"victory":false,"max_hp_per_floor":[60,60,60,60,60,60,60,60,60,60,60,60,60,60,60,60,60,60,60,60,60,60,60,60],"relic_stats":{"counters":[15,66],"Bronze Scales":[144],"Black Star":0,"obtain_stats":[{"LagranYue:GuidanceLightRelic":19,"theWildCard:VelvetContract":0,"Frozen Eye":10,"LagranYue:RandomDrawCardRelic":0,"Bronze Scales":12,"Garlic":6,"Black Star":17,"ReplayTheSpireMod:Lightbulb":9},{"LagranYue:GuidanceLightRelic":12,"theWildCard:VelvetContract":0,"Frozen Eye":6,"LagranYue:RandomDrawCardRelic":0,"Bronze Scales":8,"Garlic":5,"Black Star":11,"ReplayTheSpireMod:Lightbulb":6},{"LagranYue:GuidanceLightRelic":51,"theWildCard:VelvetContract":0,"Frozen Eye":20,"LagranYue:RandomDrawCardRelic":0,"Bronze Scales":26,"Garlic":14,"Black Star":44,"ReplayTheSpireMod:Lightbulb":20}]},"card_choices":[{"not_picked":["theWildCard:MaskChange","theWildCard:Attunement"],"picked":"theWildCard:PaleRider","floor":1},{"not_picked":["theWildCard:Scathach","theWildCard:Safeguard"],"picked":"theWildCard:SacrificialStroke","floor":2},{"not_picked":["theWildCard:Impatience","theWildCard:LadyLuck"],"picked":"theWildCard:MagicalMight","floor":4},{"not_picked":["theWildCard:UnderLockAndKey","theWildCard:ArcaneArts"],"picked":"theWildCard:MagicMettle","floor":5},{"not_picked":["theWildCard:UnderLockAndKey","theWildCard:Patience"],"picked":"theWildCard:StingingStrike","floor":6},{"not_picked":["theWildCard:StingingStrike","theWildCard:MagicalMight"],"picked":"theWildCard:Sakuya","floor":8},{"not_picked":["theWildCard:Impatience","theWildCard:ArcaneArts"],"picked":"theWildCard:EnergizedStroke","floor":11},{"not_picked":["theWildCard:EnergizedStroke","theWildCard:MasterPlan"],"picked":"theWildCard:StalwartBlade","floor":12},{"not_picked":["theWildCard:ArcanaArtistry","theWildCard:Patience"],"picked":"theWildCard:BladeOfGenerations","floor":13},{"not_picked":["theWildCard:ArcaneArts","theWildCard:TheGreatSeal","theWildCard:Ruination"],"picked":"SKIP","floor":14},{"not_picked":["theWildCard:TheArcanaUnleashed","theWildCard:FuelForTheFire"],"picked":"theWildCard:FinalHour","floor":16},{"not_picked":["theWildCard:StingingStrike+1","theWildCard:ArchaicAssault"],"picked":"theWildCard:Unburden","floor":18},{"not_picked":["theWildCard:BladeOfGenerations","theWildCard:Unburden","theWildCard:ArcaneArts"],"picked":"SKIP","floor":20},{"not_picked":["theWildCard:Salvation","theWildCard:ArcaneArts+1"],"picked":"theWildCard:SeveringSlash+1","floor":22}],"player_experience":31527,"relics_obtained":[{"floor":6,"key":"Garlic"},{"floor":9,"key":"ReplayTheSpireMod:Lightbulb"},{"floor":12,"key":"Bronze Scales"}],"event_choices":[{"damage_healed":0,"gold_gain":0,"player_choice":"Forge","damage_taken":0,"max_hp_gain":0,"max_hp_loss":0,"event_name":"Accursed Blacksmith","floor":3,"gold_loss":0,"cards_upgraded":["theWildCard:Arsene"]},{"cards_removed":["theWildCard:BasicStrike"],"damage_healed":0,"gold_gain":0,"player_choice":"Purged","damage_taken":0,"max_hp_gain":0,"max_hp_loss":0,"event_name":"Purifier","floor":21,"gold_loss":0}],"is_beta":false,"boss_relics":[{"not_picked":["theWildCard:FigureOfDeath","Coffee Dripper"],"picked":"Black Star"}],"items_purged_floors":[],"is_endless":false,"potions_floor_spawned":[2,5,11,14,16,18,20],"killed_by":"theDuelist:KaibaA2","ascension_level":0}}