{"host":"x5anfo2w8aotfuta","time":1608415564,"event":{"mods":["AchievementEnabler","BaseMod","Bestiary","Block Reminder","Colored Map","Colored Powertips","DeckTracker","Highlight Path","Minty Spire (QoL Compilation)","Quick Restart","Rare Cards Sparkle","Relic Stats","StSLib"],"gold_per_floor":[113,113,124,424,107,136,136,152,152,152,165,198,218,251,251,351,351,370,381,399,44,59,59,88,101,124,174,59,59,69,69,69,167,167,183,203,203,214,214,247,247,262,262,291,291,317,391,406,406,406,406,406,21,52,52,52],"floor_reached":55,"playtime":4970,"items_purged":["Strike_B"],"score":1151,"play_id":"dd190880-7ec2-4492-8779-436c89598213","local_time":"20201219140604","is_ascension_mode":true,"campfire_choices":[{"data":"Zap","floor":7.0,"key":"SMITH"},{"data":"Coolheaded","floor":10.0,"key":"SMITH"},{"data":"Conserve Battery","floor":15.0,"key":"SMITH"},{"data":"Doom and Gloom","floor":23.0,"key":"SMITH"},{"data":"Defragment","floor":29.0,"key":"SMITH"},{"data":"Dualcast","floor":32.0,"key":"SMITH"},{"data":"Defragment","floor":41,"key":"SMITH"},{"floor":45,"key":"REST"},{"floor":49,"key":"RECALL"},{"data":"Chill","floor":52,"key":"SMITH"}],"circlet_count":0,"master_deck":["Strike_B","Defend_B","Defend_B","Defend_B","Zap+1","Dualcast+1","Conserve Battery+1","Doom and Gloom+1","Coolheaded+1","Chill+1","Darkness+1","Steam+1","Coolheaded+1","Auto Shields+1","Multi-Cast+1","BootSequence+1","Recycle+1","Barrage+1","Redo+1","Seek+1","Doom and Gloom+1","Turbo+1","Defragment+1","Hologram+1","Decay","Defragment+1","Hologram+1","Loop+1","Conserve Battery+1","Master of Strategy+1"],"relics":["Cracked Core","NeowsBlessing","Anchor","Old Coin","Orichalcum","Letter Opener","Toxic Egg 2","White Beast Statue","Smiling Mask","Astrolabe","Membership Card","Lantern","Gremlin Horn","Tiny Chest","Bag of Preparation","Philosopher\u0027s Stone","Bronze Scales","TungstenRod","Molten Egg 2","Bag of Marbles","Bottled Lightning","Chemical X","Centennial Puzzle","Torii","Pocketwatch"],"acts_visited":["Exordium","TheCity","TheBeyond","TheEnding"],"potions_floor_usage":[40,40,42,46,50,50,55,55],"damage_taken":[{"damage":0.0,"enemies":"2 Louse","floor":1.0,"turns":1.0},{"damage":0.0,"enemies":"Cultist","floor":3.0,"turns":1.0},{"damage":0.0,"enemies":"Gremlin Nob","floor":6.0,"turns":1.0},{"damage":6.0,"enemies":"Small Slimes","floor":8.0,"turns":2.0},{"damage":0.0,"enemies":"2 Fungi Beasts","floor":11.0,"turns":3.0},{"damage":27.0,"enemies":"Lagavulin","floor":12.0,"turns":6.0},{"damage":0.0,"enemies":"3 Louse","floor":13.0,"turns":1.0},{"damage":9.0,"enemies":"3 Sentries","floor":14.0,"turns":6.0},{"damage":0.0,"enemies":"The Guardian","floor":16.0,"turns":9.0},{"damage":0.0,"enemies":"Shell Parasite","floor":18.0,"turns":4.0},{"damage":3.0,"enemies":"3 Byrds","floor":19.0,"turns":3.0},{"damage":0.0,"enemies":"Cultist and Chosen","floor":20.0,"turns":4.0},{"damage":0.0,"enemies":"Snake Plant","floor":22.0,"turns":4.0},{"damage":6.0,"enemies":"Slavers","floor":24.0,"turns":2.0},{"damage":3.0,"enemies":"Snecko","floor":25.0,"turns":4.0},{"damage":0.0,"enemies":"Sentry and Sphere","floor":30.0,"turns":2.0},{"damage":0.0,"enemies":"Automaton","floor":33.0,"turns":5.0},{"damage":0,"enemies":"3 Shapes","floor":35,"turns":1},{"damage":0,"enemies":"Orb Walker","floor":36,"turns":2},{"damage":0,"enemies":"Jaw Worm Horde","floor":38,"turns":1},{"damage":18,"enemies":"Giant Head","floor":40,"turns":6},{"damage":0,"enemies":"Transient","floor":42,"turns":5},{"damage":32,"enemies":"Nemesis","floor":44,"turns":3},{"damage":0,"enemies":"Reptomancer","floor":46,"turns":4},{"damage":0,"enemies":"Maw","floor":48,"turns":4},{"damage":40,"enemies":"Time Eater","floor":50,"turns":10},{"damage":22,"enemies":"Shield and Spear","floor":54,"turns":5},{"damage":63,"enemies":"The Heart","floor":55,"turns":8}],"seed_played":"-6502381635813872971","potions_obtained":[{"floor":8.0,"key":"PowerPotion"},{"floor":11.0,"key":"FearPotion"},{"floor":12.0,"key":"Explosive Potion"},{"floor":13.0,"key":"Dexterity Potion"},{"floor":14.0,"key":"EssenceOfSteel"},{"floor":16.0,"key":"Energy Potion"},{"floor":19.0,"key":"AttackPotion"},{"floor":20.0,"key":"CultistPotion"},{"floor":22.0,"key":"Weak Potion"},{"floor":24.0,"key":"Ancient Potion"},{"floor":25.0,"key":"Energy Potion"},{"floor":30.0,"key":"Regen Potion"},{"floor":33.0,"key":"Swift Potion"},{"floor":35,"key":"EssenceOfDarkness"},{"floor":40,"key":"CultistPotion"},{"floor":42,"key":"Fruit Juice"},{"floor":44,"key":"DuplicationPotion"},{"floor":46,"key":"Strength Potion"},{"floor":48,"key":"EssenceOfSteel"},{"floor":54,"key":"Strength Potion"}],"is_trial":false,"path_per_floor":["M","?","M","T","$","E","R","M","T","R","M","E","M","E","R","B",null,"M","M","M","$","M","R","E","M","T","?","$","R","M","T","R","B",null,"M","M","?","M","?","E","R","M","T","E","R","E","T","M","R","B",null,"R","$","E","B"],"character_chosen":"DEFECT","items_purchased":["Orichalcum","Doom and Gloom","Fruit Juice","Membership Card","Lantern","Gremlin Horn","Hologram+1","Defragment","Chemical X","Centennial Puzzle","Torii","Master of Strategy+1"],"campfire_rested":1,"item_purchase_floors":[5,5,5,21,21,21,28,28,53,53,53,53],"current_hp_per_floor":[75,75,75,75,75,75,75,69,69,69,69,47,47,38,38,38,80,80,77,77,77,77,77,71,68,68,68,68,68,68,68,68,68,80,80,80,80,80,80,62,62,62,62,30,54,59,59,59,59,19,85,85,85,63,0,0],"gold":52,"neow_bonus":"THREE_ENEMY_KILL","is_daily":false,"chose_seed":false,"campfire_upgraded":8,"win_rate":0.0,"timestamp":1608415564,"path_taken":["M","?","?","?","$","E","R","M","T","R","M","E","M","E","R","BOSS","M","M","M","$","M","R","E","?","T","?","?","R","M","?","R","BOSS","M","M","?","M","?","E","R","?","T","E","R","E","?","M","R","BOSS","R","$","E","BOSS"],"items_purchased_type":["Relic","Card","Potion","Relic","Relic","Relic","Card","Card","Relic","Relic","Relic","Card"],"build_version":"2020-12-13","purchased_purges":1,"victory":false,"max_hp_per_floor":[75,75,75,75,75,75,75,75,75,75,75,80,80,80,80,80,80,80,80,80,80,80,80,80,80,80,80,80,80,80,80,80,80,80,80,80,80,80,80,80,80,80,80,80,80,85,85,85,85,85,85,85,85,85,85,85],"relic_stats":{"Gremlin Horn":[12,12],"Torii":53,"counters":[28,107],"Astrolabe":["BootSequence","Recycle","Barrage"],"Bag of Preparation":[24],"Letter Opener":[425],"Orichalcum":[66],"Smiling Mask":-12,"Centennial Puzzle":[6],"Bronze Scales":[199],"Tiny Chest":2,"Chemical X":[4],"obtain_stats":[{"Lantern":21,"Gremlin Horn":21,"Torii":53,"Bag of Preparation":31,"Smiling Mask":14,"Old Coin":4,"Centennial Puzzle":53,"Tiny Chest":24,"Philosopher\u0027s Stone":34,"Chemical X":53,"Toxic Egg 2":9,"Cracked Core":0,"NeowsBlessing":0,"Astrolabe":17,"Letter Opener":6,"Orichalcum":5,"White Beast Statue":12,"Anchor":2,"Bronze Scales":40,"Molten Egg 2":44,"Bag of Marbles":46,"Membership Card":21,"Bottled Lightning":47,"TungstenRod":43,"Pocketwatch":54},{"Lantern":12,"Gremlin Horn":12,"Torii":26,"Bag of Preparation":16,"Smiling Mask":8,"Old Coin":2,"Centennial Puzzle":26,"Tiny Chest":14,"Philosopher\u0027s Stone":17,"Chemical X":26,"Toxic Egg 2":4,"Cracked Core":0,"NeowsBlessing":0,"Astrolabe":9,"Letter Opener":3,"Orichalcum":2,"White Beast Statue":6,"Anchor":1,"Bronze Scales":21,"Molten Egg 2":23,"Bag of Marbles":24,"Membership Card":12,"Bottled Lightning":24,"TungstenRod":22,"Pocketwatch":27},{"Lantern":41,"Gremlin Horn":41,"Torii":94,"Bag of Preparation":53,"Smiling Mask":21,"Old Coin":2,"Centennial Puzzle":94,"Tiny Chest":47,"Philosopher\u0027s Stone":58,"Chemical X":94,"Toxic Egg 2":5,"Cracked Core":0,"NeowsBlessing":0,"Astrolabe":30,"Letter Opener":3,"Orichalcum":2,"White Beast Statue":14,"Anchor":1,"Bronze Scales":68,"Molten Egg 2":76,"Bag of Marbles":80,"Membership Card":41,"Bottled Lightning":80,"TungstenRod":73,"Pocketwatch":99}],"TungstenRod":33,"Pocketwatch":[3]},"card_choices":[{"not_picked":["Rebound","Compile Driver"],"picked":"Go for the Eyes","floor":1.0},{"not_picked":["Blizzard","Stack"],"picked":"Conserve Battery","floor":3.0},{"not_picked":["Leap","Meteor Strike"],"picked":"Coolheaded","floor":6.0},{"not_picked":["Rip and Tear","Fusion"],"picked":"Chill","floor":8.0},{"not_picked":["Redo+1","Capacitor"],"picked":"Darkness+1","floor":11.0},{"not_picked":["Streamline","Steam Power+1"],"picked":"Steam+1","floor":12.0},{"not_picked":["Cold Snap","Stack+1"],"picked":"Coolheaded+1","floor":13.0},{"not_picked":["Rebound","Ball Lightning"],"picked":"Auto Shields+1","floor":14.0},{"not_picked":["Hyperbeam","Thunder Strike"],"picked":"Multi-Cast+1","floor":16.0},{"not_picked":["Streamline","Steam+1"],"picked":"Redo+1","floor":18.0},{"not_picked":["Hello World","Compile Driver"],"picked":"Seek+1","floor":19.0},{"not_picked":["Go for the Eyes","Tempest+1","Undo+1"],"picked":"SKIP","floor":20.0},{"not_picked":["Scrape","Sweeping Beam","Chaos+1"],"picked":"SKIP","floor":22.0},{"not_picked":["Reprogram+1","Stack+1"],"picked":"Doom and Gloom+1","floor":24.0},{"not_picked":["Coolheaded+1","Gash"],"picked":"Turbo+1","floor":25.0},{"not_picked":["Aggregate+1","Rip and Tear+1","Gash"],"picked":"SKIP","floor":30.0},{"not_picked":["Compile Driver","Steam+1","Ball Lightning"],"picked":"SKIP","floor":35},{"not_picked":["Rebound","Core Surge"],"picked":"Hologram+1","floor":36},{"not_picked":["Stack+1","Rebound+1","Gash+1"],"picked":"SKIP","floor":38},{"not_picked":["Sweeping Beam+1","Stack+1"],"picked":"Defragment","floor":40},{"not_picked":["Coolheaded+1","Rebound"],"picked":"Hologram+1","floor":42},{"not_picked":["Sweeping Beam+1","BootSequence+1","Tempest+1"],"picked":"SKIP","floor":44},{"not_picked":["Sweeping Beam+1","Lockon+1"],"picked":"Loop+1","floor":46},{"not_picked":["Force Field+1","Sweeping Beam+1"],"picked":"Conserve Battery+1","floor":48},{"not_picked":["Streamline+1","Hologram+1","Cold Snap+1"],"picked":"SKIP","floor":54}],"player_experience":333796,"relics_obtained":[{"floor":4.0,"key":"Old Coin"},{"floor":6.0,"key":"Letter Opener"},{"floor":9.0,"key":"Toxic Egg 2"},{"floor":12.0,"key":"White Beast Statue"},{"floor":14.0,"key":"Smiling Mask"},{"floor":24.0,"key":"Tiny Chest"},{"floor":31.0,"key":"Bag of Preparation"},{"floor":40,"key":"Bronze Scales"},{"floor":43,"key":"TungstenRod"},{"floor":44,"key":"Molten Egg 2"},{"floor":46,"key":"Bag of Marbles"},{"floor":47,"key":"Bottled Lightning"},{"floor":54,"key":"Pocketwatch"}],"event_choices":[{"cards_removed":["Go for the Eyes"],"damage_healed":0.0,"max_hp_gain":0.0,"max_hp_loss":0.0,"gold_gain":0.0,"event_name":"WeMeetAgain","player_choice":"Gave Card","floor":2.0,"gold_loss":0.0,"damage_taken":0.0,"relics_obtained":["Anchor"]},{"damage_healed":0.0,"max_hp_gain":0.0,"max_hp_loss":0.0,"gold_gain":100.0,"event_name":"The Joust","player_choice":"Bet on Murderer","floor":27.0,"gold_loss":50.0,"damage_taken":0.0},{"cards_removed":["Hologram"],"damage_healed":0,"gold_gain":0,"player_choice":"Removed Skill","damage_taken":0,"max_hp_gain":0,"max_hp_loss":0,"event_name":"Falling","floor":37,"gold_loss":0},{"damage_healed":0,"gold_gain":0,"player_choice":"Cursed","damage_taken":0,"max_hp_gain":0,"max_hp_loss":0,"event_name":"Wheel of Change","floor":39,"gold_loss":0,"cards_obtained":["Decay"]}],"is_beta":false,"boss_relics":[{"not_picked":["Runic Dome","SlaversCollar"],"picked":"Astrolabe"},{"not_picked":["Snecko Eye","Coffee Dripper"],"picked":"Philosopher\u0027s Stone"}],"items_purged_floors":[28],"is_endless":false,"potions_floor_spawned":[8,11,12,13,14,16,18,19,20,22,24,25,30,33,35,36,38,40,42,44,46,48,54],"killed_by":"The Heart","ascension_level":4}}