{"host":"pbilagsjdlm37x3a","time":1608382980,"event":{"mods":["Act Like it!","BaseMod","Gensokyo","Minty Spire (QoL Compilation)","Rare Cards Sparkle","StSLib","[IsaacMod]ÒÔÈö¼âËþ","everything is the same but u backflip on backflip","vexMod"],"gold_per_floor":[110,12345,10280,9493,9504,9534,8638,8650,8650,8660,8500,7868,7888,7888,7888,7983,7983,7999,8049,8049,5037,5054,3779,3779,3793,3816,3843,3843,3859,3884,2501,2501,2599,2599,2618,37477,37452,37552,37567,37599,37599,37599,37646,37656,35741,35755,35775,35810,35810,35810,35810,35810,33111,33146,33146,33146],"floor_reached":55,"playtime":2420,"items_purged":["Strike_B","Defend_B","Strike_B","Defend_B","Defend_B","Strike_B","Zap","Dualcast","Sweeping Beam"],"score":1265,"play_id":"96eefb71-b48c-4698-8407-42e98f954080","local_time":"20201219210300","is_ascension_mode":false,"campfire_choices":[{"data":"Apotheosis","floor":15.0,"key":"SMITH"},{"floor":24.0,"key":"RECALL"},{"data":"Storm","floor":28.0,"key":"SMITH"},{"data":"Storm","floor":32,"key":"SMITH"},{"floor":41,"key":"DIG"},{"floor":49,"key":"DIG"},{"floor":52,"key":"DIG"}],"circlet_count":0,"master_deck":["EpicFetus","Coolheaded","Meteor Strike","Reboot","Creative AI","Panache","Apotheosis+1","Hello World","Loop","Consume","Fission+1","Undo+1","Pulse","White Noise","Aggregate","Self Repair","Genetic Algorithm","Defragment","Capacitor","Amplify","Force Field","Self Repair","Storm+1","Core Surge+1","Defragment","Storm","Double Energy+1","Storm+1","Cancel+1","Electrodynamics","Heatsinks+1","Capacitor","Heatsinks","Echo Form","Storm","Consume+1","Coolheaded+1","Storm+1","Heatsinks","vexMod:StairwayStrike","ElectricPowerLearning","Panacea+1","Cancel+1","Storm+1","Amplify+1","Capacitor","Melter+1","Defragment","Amplify+1","Flash of Steel","Aggregate+1"],"relics":["Cracked Core","HushsDoor","D6","NeowsBlessing","BFFS","White Beast Statue","Lantern","Habit","SatanicBible","HowToJump","vexMod:BarristanHead","Happy Flower","Orrery","MealTicket","HandDrill","Symbiotic Virus","HornCleat","Gensokyo:BookOfSpecters","Chaos","War Paint","Leech","vexMod:Spyglass","SlaversCollar","Empty Cage","Gensokyo:SongOfSouls","NineLifeCat","Cables","D6","MoneyPower","Question Card","JudasShadow","DollysMirror","DeathBook","Mango","Unceasing Top","Ancient Tea Set","Frozen Eye","TungstenRod","Toy Ornithopter","Mummified Hand","Bronze Scales","Charon\u0027s Ashes","Toxic Egg 2","MagicMushroom","Ornamental Fan","Inserter","vexMod:InvisibilityCloak","Shovel","Bottled Lightning","Blue Candle","Regal Pillow","Shuriken","Tingsha","Self Forming Clay","Bird Faced Urn","vexMod:CursedCompass","BlankCard","Nuclear Battery","GnawedLeaf","Whetstone","Runic Capacitor","vexMod:RetaliationKit","Thread and Needle","Calipers"],"acts_visited":["Gensokyo:Gensokyo","Gensokyo:Gensokyoer","TheBeyond","TheEnding"],"potions_floor_usage":[31,33,40,45,55],"damage_taken":[{"damage":0.0,"enemies":"Gensokyo:2_Kodama","floor":1.0,"turns":1.0},{"damage":0.0,"enemies":"Gensokyo:Gryphon","floor":2.0,"turns":1.0},{"damage":0.0,"enemies":"Gensokyo:Python","floor":5.0,"turns":1.0},{"damage":0.0,"enemies":"Gensokyo:Aya","floor":6.0,"turns":3.0},{"damage":4.0,"enemies":"Gensokyo:Kitsune","floor":8.0,"turns":4.0},{"damage":0.0,"enemies":"Gensokyo:VengefulSpirit","floor":10.0,"turns":3.0},{"damage":0.0,"enemies":"Gensokyo:CorruptedTreant","floor":13.0,"turns":3.0},{"damage":13.0,"enemies":"Gensokyo:Kokoro","floor":16.0,"turns":6.0},{"damage":0.0,"enemies":"Gensokyo:Chomper","floor":18.0,"turns":3.0},{"damage":27.0,"enemies":"Hiden Room Battle","floor":19.0,"turns":4.0},{"damage":0.0,"enemies":"Gensokyo:AngelMirror","floor":22.0,"turns":1.0},{"damage":4.0,"enemies":"Gensokyo:Wraith","floor":25.0,"turns":3.0},{"damage":11.0,"enemies":"Gensokyo:Tenshi","floor":27.0,"turns":2.0},{"damage":2.0,"enemies":"Gensokyo:Slime_Group","floor":29.0,"turns":2.0},{"damage":0.0,"enemies":"Gensokyo:Koishi","floor":30.0,"turns":3.0},{"damage":11,"enemies":"Gensokyo:Kaguya","floor":33,"turns":2},{"damage":0,"enemies":"3 Darklings","floor":35,"turns":2},{"damage":0,"enemies":"3 Shapes","floor":39,"turns":1},{"damage":0,"enemies":"Reptomancer","floor":40,"turns":2},{"damage":0,"enemies":"Sphere and 2 Shapes","floor":44,"turns":1},{"damage":0,"enemies":"Transient","floor":46,"turns":2},{"damage":0,"enemies":"Jaw Worm Horde","floor":47,"turns":2},{"damage":0,"enemies":"Giant Head","floor":48,"turns":1},{"damage":0,"enemies":"Awakened One","floor":50,"turns":2},{"damage":0,"enemies":"Shield and Spear","floor":54,"turns":1},{"damage":631,"enemies":"Delirium","floor":55,"turns":2}],"seed_played":"661764191038898849","potions_obtained":[{"floor":1.0,"key":"SkillPotion"},{"floor":2.0,"key":"FocusPotion"},{"floor":6.0,"key":"Weak Potion"},{"floor":8.0,"key":"DistilledChaos"},{"floor":10.0,"key":"SkillPotion"},{"floor":16.0,"key":"LiquidMemories"},{"floor":22.0,"key":"ColorlessPotion"},{"floor":33,"key":"Swift Potion"},{"floor":35,"key":"DistilledChaos"},{"floor":40,"key":"PowerPotion"},{"floor":47,"key":"DistilledChaos"}],"is_trial":false,"path_per_floor":["M","M","$","$","M","E","$","M","T","M","?","$","M","T","R","B",null,"M","?","?","$","M","$","R","M","T","E","R","M","E","$","R","B",null,"M","$","?","?","M","E","R","?","T","M","$","M","M","E","R","B",null,"R","$","E","B"],"character_chosen":"DEFECT","items_purchased":["BFFS","White Beast Statue","Lantern","Meteor Strike","Reboot","Creative AI","Panache","AttackPotion","Habit","SatanicBible","HowToJump","Apotheosis","Hello World","vexMod:BarristanHead","Happy Flower","Loop","Consume","DistilledChaos","Orrery","HandDrill","Symbiotic Virus","HornCleat","Self Repair","SkillPotion","Chaos","War Paint","Capacitor","DistilledChaos","Diplopia","NineLifeCat","Cables","Self Repair","MoneyPower","Question Card","JudasShadow","Storm","Core Surge","Defragment","DollysMirror","DeathBook","Mango","Unceasing Top","Storm","Energy Potion","Frozen Eye","DistilledChaos","TungstenRod","Toy Ornithopter","Capacitor","Mummified Hand","Bronze Scales","Heatsinks","Fruit Juice","AttackPotion","Toxic Egg 2","MagicMushroom","Ornamental Fan","Inserter","Storm","vexMod:InvisibilityCloak","Shovel","Consume+1","Regal Pillow","Shuriken","Heatsinks","Fruit Juice","Swift Potion","vexMod:StairwayStrike","Tingsha","Self Forming Clay","Bird Faced Urn","ElectricPowerLearning","Panacea+1","Nuclear Battery","GnawedLeaf","Capacitor","Melter","Whetstone","Runic Capacitor","vexMod:RetaliationKit","Thread and Needle","Defragment","Amplify+1","Flash of Steel"],"campfire_rested":0,"item_purchase_floors":[3,3,3,3,3,3,3,3,3,3,3,3,3,4,4,4,4,4,4,7,7,7,7,7,12,12,12,12,21,21,21,21,21,21,21,21,21,21,21,23,23,23,23,23,31,31,31,31,31,31,31,31,31,31,36,36,36,36,36,36,36,36,45,45,45,45,45,45,45,45,45,45,45,53,53,53,53,53,53,53,53,53,53,53],"current_hp_per_floor":[75,75,75,75,75,75,75,71,71,75,75,75,75,75,75,62,75,75,58,58,19,19,33,33,33,33,33,33,33,33,38,38,38,38,38,45,45,45,45,45,45,45,45,45,50,50,50,50,50,50,50,50,50,50,0,0],"gold":33146,"neow_bonus":"THREE_ENEMY_KILL","is_daily":false,"chose_seed":false,"campfire_upgraded":3,"win_rate":0.0,"timestamp":1608382980,"path_taken":["M","?","?","$","M","E","$","?","T","M","?","?","?","?","R","BOSS","M","?","?","$","M","?","R","M","T","E","R","M","E","$","R","BOSS","M","$","?","?","M","E","R","?","T","M","$","?","M","E","R","BOSS","R","$","E","BOSS"],"items_purchased_type":["Relic","Relic","Relic","Card","Card","Card","Card","Potion","Relic","Relic","Relic","Card","Card","Relic","Relic","Card","Card","Potion","Relic","Relic","Relic","Relic","Card","Potion","Card","Relic","Card","Potion","Relic","Relic","Relic","Card","Relic","Relic","Relic","Card","Card","Card","Relic","Relic","Relic","Relic","Card","Potion","Relic","Potion","Relic","Relic","Card","Relic","Relic","Card","Potion","Potion","Relic","Relic","Relic","Relic","Card","Relic","Relic","Card","Relic","Relic","Card","Potion","Potion","Card","Relic","Relic","Relic","Card","Card","Relic","Relic","Card","Card","Relic","Relic","Relic","Relic","Card","Card","Card"],"build_version":"2020-12-13","purchased_purges":9,"victory":false,"max_hp_per_floor":[75,75,75,75,75,75,75,75,75,75,75,75,75,75,75,75,75,75,75,75,19,19,33,33,33,33,33,33,33,33,38,38,38,38,38,45,45,45,45,45,45,45,45,45,50,50,50,50,50,50,50,50,50,50,1,1],"card_choices":[{"not_picked":[],"picked":"EpicFetus","floor":0.0},{"not_picked":["Ball Lightning","Turbo"],"picked":"Coolheaded","floor":1.0},{"not_picked":["Ball Lightning","Leap"],"picked":"Sweeping Beam","floor":2.0},{"not_picked":["Turbo","Multi-Cast"],"picked":"Fission","floor":4.0},{"not_picked":["Darkness","Stack"],"picked":"Undo","floor":4.0},{"not_picked":["Stack","Scrape"],"picked":"Pulse","floor":4.0},{"not_picked":["Conserve Battery","Barrage"],"picked":"White Noise","floor":5.0},{"not_picked":["Hyperbeam","Fan"],"picked":"Aggregate","floor":6.0},{"not_picked":["Streamline","Fusion"],"picked":"Genetic Algorithm","floor":8.0},{"not_picked":["Self Repair","Ball Lightning"],"picked":"Defragment","floor":10.0},{"not_picked":["Leap","Beam Cell","Ball Lightning"],"picked":"SKIP","floor":13.0},{"not_picked":["Creative AI","Rainbow"],"picked":"Amplify","floor":16.0},{"not_picked":["Steam","Conserve Battery"],"picked":"Force Field","floor":18.0},{"not_picked":["Leap+1","Lockon","Compile Driver"],"picked":"Double Energy+1","floor":22.0},{"not_picked":["Go for the Eyes","Reinforced Body","Reprogram"],"picked":"Cancel+1","floor":25.0},{"not_picked":["Beam Cell","Rip and Tear+1","Force Field"],"picked":"Electrodynamics","floor":27.0},{"not_picked":["Hologram+1","Coolheaded","Leap","Stack"],"picked":"SKIP","floor":29.0},{"not_picked":["Barrage","Ball Lightning+1","Stack"],"picked":"Heatsinks","floor":30},{"not_picked":["Rainbow","Meteor Strike","ElectricPowerLearning"],"picked":"Echo Form","floor":33},{"not_picked":["Conserve Battery","Cold Snap","Steam+1","Leap+1"],"picked":"SKIP","floor":35},{"not_picked":["Go for the Eyes","Distribution+1","Leap+1"],"picked":"Coolheaded+1","floor":38},{"not_picked":["Beam Cell+1","Hologram+1","Coolheaded+1","Cold Snap"],"picked":"SKIP","floor":39},{"not_picked":["Pulse+1","Beam Cell","Glacier+1"],"picked":"Storm+1","floor":40},{"not_picked":["Doom and Gloom+1","Recycle+1","Compile Driver","Go for the Eyes"],"picked":"SKIP","floor":44},{"not_picked":["Compile Driver+1","Melter","Streamline+1"],"picked":"Cancel+1","floor":46},{"not_picked":["Rebound","Sweeping Beam","Doom and Gloom"],"picked":"Storm+1","floor":47},{"not_picked":["Recycle+1","Chaos+1","Redo+1"],"picked":"Amplify+1","floor":48},{"not_picked":["Undo+1","Leap+1","Steam+1"],"picked":"Aggregate+1","floor":54}],"player_experience":526197,"relics_obtained":[{"floor":6.0,"key":"MealTicket"},{"floor":14.0,"key":"Leech"},{"floor":19.0,"key":"SlaversCollar"},{"floor":19.0,"key":"Empty Cage"},{"floor":26.0,"key":"Ancient Tea Set"},{"floor":41,"key":"Bottled Lightning"},{"floor":43,"key":"Blue Candle"},{"floor":49,"key":"vexMod:CursedCompass"},{"floor":52,"key":"BlankCard"},{"floor":54,"key":"Calipers"}],"event_choices":[{"damage_healed":0.0,"max_hp_gain":0.0,"max_hp_loss":0.0,"gold_gain":0.0,"event_name":"HidenRoomEvent","player_choice":"Fight","floor":19.0,"gold_loss":0.0,"damage_taken":0.0},{"damage_healed":0,"gold_gain":0,"player_choice":"Upgraded","damage_taken":0,"max_hp_gain":0,"max_hp_loss":0,"event_name":"Upgrade Shrine","floor":42,"gold_loss":0,"cards_upgraded":["Heatsinks"]}],"is_beta":false,"boss_relics":[{"not_picked":["Anchor","BelialBook"],"picked":"vexMod:Spyglass"},{"not_picked":[]},{"not_picked":["Dream Catcher","Toolbox"],"picked":"Charon\u0027s Ashes"},{"not_picked":[]}],"items_purged_floors":[3,3,4,7,12,21,21,21,23],"is_endless":false,"potions_floor_spawned":[1,2,5,6,8,10,13,16,18,19,22,25,27,29,30,33,35,39,40,44,46,47,48,54],"killed_by":"Delirium","ascension_level":0}}