{"host":"y0wkltgt9g64tmdy","time":1608396473,"event":{"mods":["BaseMod","Marisa£®ÏF”Í°°ƒß¿Ì…≥£©","Minty Spire (QoL Compilation)","Reimu£®≤©¿ˆ¡È√Œ£©","Remilia£®¿Ÿ√◊¿Ú—«£©","Replay The Spire","Shop Mod","StSLib","The Bug Knight","The Gatherer","Waifu the Spire","Youmu£®ªÍ∆«—˝√Œ£©","[µÿæ´ ◊¡Ï≈¿À˛]The Maniac"],"gold_per_floor":[116,194,159,178,193,193,205,205,205,217,290,290,312,331,363,380,380,480,480,496,510,420,434,434,434,49,69,93,93,93,103,136,146,146,146,146],"floor_reached":35,"playtime":2161,"items_purged":[],"score":321,"play_id":"4aa8eb9d-cd05-4da5-bd5d-577fc95f38a6","local_time":"20201220004753","is_ascension_mode":true,"campfire_choices":[{"data":"EarthLightRay","floor":6.0,"key":"SMITH"},{"floor":12.0,"key":"REST"},{"floor":17.0,"key":"REST"},{"data":"UltimateShortwave","floor":25.0,"key":"SMITH"},{"data":"StarBarrage","floor":29.0,"key":"SMITH"},{"data":"PowerUp","floor":34,"key":"SMITH"}],"circlet_count":0,"master_deck":["Strike_MRS","Strike_MRS","Strike_MRS","Strike_MRS","Defend_MRS+1","Defend_MRS","Defend_MRS","Defend_MRS","MasterSpark","UpSweep","PowerUp","AsteroidBelt","EarthLightRay+1","GrandCross","PowerUp+1","DoubleSpark","LuminesStrike+1","Parasite","Parasite","StarBarrage+1","GalacticHalo","6A","UltimateShortwave+1","GrandCross","AsteroidBelt+1","PowerUp","SporeBomb","IllusionStar+1","Pot Of Greed","Pot Of Greed","Pot Of Greed","ManaConvection","MagicChant"],"relics":["MiniHakkero","ReplayFunnel","Mirror","ShroomBag","Pondfish Scales","ExperimentalFamiliar","Divine Protection","MerchantsRug","MealTicket","Grinning Jar"],"acts_visited":["Exordium","TheCity"],"potions_floor_usage":[32,35,35],"damage_taken":[{"damage":0.0,"enemies":"Jaw Worm","floor":1.0,"turns":4.0},{"damage":0.0,"enemies":"2 Louse","floor":4.0,"turns":3.0},{"damage":0.0,"enemies":"Small Slimes","floor":5.0,"turns":3.0},{"damage":0.0,"enemies":"3 Louse","floor":7.0,"turns":3.0},{"damage":13.0,"enemies":"Red Slaver","floor":10.0,"turns":2.0},{"damage":7.0,"enemies":"The Mushroom Lair","floor":13.0,"turns":5.0},{"damage":9.0,"enemies":"Blue Slaver","floor":14.0,"turns":3.0},{"damage":14.0,"enemies":"Gremlin Nob","floor":15.0,"turns":3.0},{"damage":0.0,"enemies":"Gremlin Gang","floor":16.0,"turns":4.0},{"damage":37.0,"enemies":"Slime Boss","floor":18.0,"turns":10.0},{"damage":8.0,"enemies":"2 Thieves","floor":20.0,"turns":3.0},{"damage":3.0,"enemies":"Spheric Guardian","floor":21.0,"turns":3.0},{"damage":13.0,"enemies":"Snecko","floor":23.0,"turns":4.0},{"damage":2.0,"enemies":"Centurion and Healer","floor":27.0,"turns":5.0},{"damage":9.0,"enemies":"Snake Plant","floor":31.0,"turns":2.0},{"damage":0,"enemies":"Gremlin Leader","floor":32,"turns":5},{"damage":0,"enemies":"3 Cultists","floor":33,"turns":5},{"damage":77,"enemies":"Pondfish","floor":35,"turns":11}],"seed_played":"-7080368914420348363","potions_obtained":[{"floor":1.0,"key":"Adrenaline Potion"},{"floor":10.0,"key":"Toxic Potion"},{"floor":15.0,"key":"SkillPotion"},{"floor":16.0,"key":"Elixir"},{"floor":18.0,"key":"Dexterity Potion"},{"floor":24.0,"key":"GrandPatriotsElixir:ReiMu"},{"floor":32,"key":"Fire Potion"}],"is_trial":false,"path_per_floor":["M","?","?","M","M","R","M","PTL","PTL","M","T","R","?","M","E","M","R","B",null,"M","M","?","M","?","R","$","M","T","R","?","M","E","M","R","B"],"character_chosen":"MARISA","items_purchased":["Divine Protection","MerchantsRug"],"campfire_rested":2,"item_purchase_floors":[26,26],"current_hp_per_floor":[75,45,63,67,67,67,73,73,73,60,60,75,68,68,61,69,75,42,75,69,75,75,68,68,68,68,75,75,75,69,60,68,72,72,0,0],"gold":146,"neow_bonus":"RANDOM_EVENT","is_daily":false,"chose_seed":false,"campfire_upgraded":4,"win_rate":0.0,"timestamp":1608396473,"path_taken":["M","?","?","?","M","R","M","PTL","PTL","M","T","R","?","M","E","M","R","BOSS","M","M","?","?","?","R","$","?","T","R","?","M","E","?","R","BOSS"],"items_purchased_type":["Relic","Relic"],"build_version":"2020-12-13","purchased_purges":0,"victory":false,"max_hp_per_floor":[75,75,75,75,75,75,75,75,75,75,75,75,75,75,75,75,75,75,75,75,75,75,75,75,75,75,75,75,75,75,75,75,75,75,75,75],"card_choices":[{"not_picked":["DarkSpark","ManaConvection"],"picked":"PowerUp","floor":1.0},{"not_picked":["WitchLeyline","GravityBeat"],"picked":"AsteroidBelt","floor":2.0},{"not_picked":["ShootingEcho","StarlightTyphoon"],"picked":"EarthLightRay","floor":2.0},{"not_picked":["GalacticHalo","SuperPerseids"],"picked":"GrandCross","floor":4.0},{"not_picked":["DeepEcoloBomb","DoubleSpark"],"picked":"PowerUp","floor":5.0},{"not_picked":["AbsoluteMagnitude","DragonMeteor"],"picked":"DoubleSpark","floor":7.0},{"not_picked":["Orbital","StarBarrage"],"picked":"LuminesStrike","floor":10.0},{"not_picked":["UnstableBomb","AlicesGift"],"picked":"StarBarrage","floor":13.0},{"not_picked":["UnstableBomb","Acceleration"],"picked":"NonDirectionalLaser","floor":14.0},{"not_picked":["ShootingEcho","DragonMeteor"],"picked":"GalacticHalo","floor":15.0},{"not_picked":["DarkSpark","WitchLeyline"],"picked":"6A","floor":16.0},{"not_picked":["CollectingQuirk","MaximisePower"],"picked":"UltimateShortwave","floor":18.0},{"not_picked":["MilkyWay","GravityBeat"],"picked":"GrandCross","floor":20.0},{"not_picked":["GalacticHalo+1","SuperPerseids"],"picked":"AsteroidBelt+1","floor":21.0},{"not_picked":["NonDirectionalLaser+1","UnstableBomb"],"picked":"PowerUp","floor":23.0},{"not_picked":["GravityBeat","SprinkleStarSeal"],"picked":"SporeBomb","floor":27.0},{"not_picked":["Orbital+1","RefractionSpark+1"],"picked":"IllusionStar+1","floor":31.0},{"not_picked":["MachineGunSpark","FinalSpark"],"picked":"ManaConvection","floor":32},{"not_picked":["MeteoricShower","NonDirectionalLaser"],"picked":"MagicChant","floor":33}],"player_experience":89087,"relics_obtained":[{"floor":2.0,"key":"ReplayFunnel"},{"floor":11.0,"key":"Mirror"},{"floor":13.0,"key":"ShroomBag"},{"floor":15.0,"key":"Pondfish Scales"},{"floor":28.0,"key":"MealTicket"},{"floor":32,"key":"Grinning Jar"}],"event_choices":[{"damage_healed":18.0,"max_hp_gain":0.0,"max_hp_loss":0.0,"gold_gain":0.0,"event_name":"The Cleric","player_choice":"Healed","floor":3.0,"gold_loss":35.0,"damage_taken":0.0},{"damage_healed":0.0,"max_hp_gain":0.0,"max_hp_loss":0.0,"gold_gain":0.0,"event_name":"Mushrooms_MRS","player_choice":"Fought Mushrooms","floor":13.0,"gold_loss":0.0,"damage_taken":0.0},{"cards_removed":["NonDirectionalLaser"],"damage_healed":0.0,"max_hp_gain":0.0,"max_hp_loss":0.0,"gold_gain":0.0,"event_name":"Designer","player_choice":"Upgrade and Remove","floor":22.0,"gold_loss":90.0,"damage_taken":0.0,"cards_upgraded":["LuminesStrike"]},{"damage_healed":0.0,"max_hp_gain":0.0,"max_hp_loss":0.0,"gold_gain":0.0,"event_name":"Lab","player_choice":"Got Potions","floor":24.0,"gold_loss":0.0,"damage_taken":0.0},{"damage_healed":0.0,"max_hp_gain":0.0,"max_hp_loss":0.0,"gold_gain":0.0,"event_name":"Knowing Skull","player_choice":"","floor":30.0,"potions_obtained":[],"gold_loss":0.0,"damage_taken":6.0,"cards_obtained":[]}],"is_beta":false,"boss_relics":[{"not_picked":["Philosopher\u0027s Stone","Replay:Ancient Bell"],"picked":"ExperimentalFamiliar"}],"items_purged_floors":[],"is_endless":false,"potions_floor_spawned":[1,10,15,16,18,23,27,32],"killed_by":"Pondfish","ascension_level":1}}