{"host":"o7e73x2jlor2pdmr","time":1608359025,"event":{"mods":["AchievementEnabler","BaseMod","BetterRewards","Marisa????????","Minty Spire (QoL Compilation)"],"gold_per_floor":[112,9000,9016,9033,8214,8214,8248,8268,8268,8287,8287,8314,8314,8349,8349,8449,8449,8449,7334,7334,6503,6503,6503,6503,6503,6503,6503,6503,6503,6503,6503,6503,6503,6503,6503,5604,5604,5604,5604,5604,5604,5604,5604,5604,5604,5604,5604,5604,5604,5604],"floor_reached":51,"playtime":3119,"items_purged":[],"score":992,"play_id":"4de71d74-a2aa-4092-af51-cf8afffbb28b","local_time":"20201219102345","is_ascension_mode":true,"campfire_choices":[{"data":"Infinite Blades","floor":6,"key":"SMITH"},{"data":"Strike_G","floor":11,"key":"SMITH"},{"data":"Tactician","floor":15,"key":"SMITH"},{"data":"Apotheosis","floor":24,"key":"SMITH"},{"data":"Infernal Blade","floor":32,"key":"SMITH"},{"data":"Searing Blow+1","floor":42,"key":"SMITH"},{"data":"Outmaneuver","floor":44,"key":"SMITH"},{"data":"Bouncing Flask","floor":49,"key":"SMITH"}],"circlet_count":0,"master_deck":["Strike_G+1","Strike_G","Strike_G","Strike_G","Strike_G","Defend_G","Defend_G","Defend_G","Defend_G","Defend_G","Survivor+1","Neutralize","Outmaneuver","Slice+1","Infinite Blades+1","Leg Sweep+1","All Out Attack","Masterful Stab","Poisoned Stab","Die Die Die","Poisoned Stab+1","Noxious Fumes","Tactician+1","Backflip","Quick Slash","Blade Dance","Blade Dance","Masterful Stab","Deadly Poison","Die Die Die","Outmaneuver+1","Apotheosis+1","Infinite Blades","Leg Sweep","Underhanded Strike","Glass Knife","Bouncing Flask+1","Dagger Throw","Deflect","Infinite Blades","Secret Technique","J.A.X.","Infernal Blade+1","Writhe","Perseverance+1","PanicButton+1","Decay","Venomology+1","Conserve Battery+1","Deadly Poison+1","Caltrops+1","Wraith","Searing Blow+2","Flex+1","Deadly Poison+1","WitchLeyline","Deadly Poison+1","Trip+1"],"relics":["Ring of the Snake","Strawberry","Eternal Feather","TwistedFunnel","Strange Spoon","Bag of Marbles","Pen Nib","Ninja Scroll","CaptainsWheel","Lizard Tail","Darkstone Periapt","Bag of Preparation","Ectoplasm","Tiny Chest","Matryoshka","PrismaticShard","Whetstone","Orichalcum","HandDrill","Regal Pillow","Toxic Egg 2","Nunchaku","Frozen Egg 2","Bronze Scales","Boot","War Paint","Vajra","Coffee Dripper","Blood Vial","Unceasing Top","Mummified Hand","Ancient Tea Set","Anchor"],"acts_visited":["Exordium","TheCity","TheBeyond"],"potions_floor_usage":[1,7,7,16,16,33,33,33,36,38,40,40,40,47,47,50],"damage_taken":[{"damage":0,"enemies":"Cultist","floor":1,"turns":4},{"damage":0,"enemies":"2 Louse","floor":3,"turns":1},{"damage":1,"enemies":"Jaw Worm","floor":4,"turns":4},{"damage":0,"enemies":"Gremlin Nob","floor":7,"turns":2},{"damage":0,"enemies":"2 Fungi Beasts","floor":8,"turns":2},{"damage":0,"enemies":"Exordium Wildlife","floor":10,"turns":2},{"damage":0,"enemies":"3 Sentries","floor":12,"turns":2},{"damage":0,"enemies":"Gremlin Nob","floor":14,"turns":2},{"damage":24,"enemies":"The Guardian","floor":16,"turns":7},{"damage":0,"enemies":"3 Byrds","floor":18,"turns":3},{"damage":5,"enemies":"Slavers","floor":23,"turns":4},{"damage":4,"enemies":"Shell Parasite","floor":27,"turns":2},{"damage":9,"enemies":"Book of Stabbing","floor":30,"turns":3},{"damage":24,"enemies":"Automaton","floor":33,"turns":6},{"damage":8,"enemies":"Orb Walker","floor":35,"turns":2},{"damage":3,"enemies":"3 Darklings","floor":38,"turns":3},{"damage":28,"enemies":"Giant Head","floor":40,"turns":6},{"damage":0,"enemies":"Writhing Mass","floor":41,"turns":3},{"damage":3,"enemies":"Transient","floor":45,"turns":5},{"damage":17,"enemies":"Mind Bloom Boss Battle","floor":46,"turns":3},{"damage":0,"enemies":"Maw","floor":47,"turns":5},{"damage":54,"enemies":"Time Eater","floor":50,"turns":8}],"seed_played":"2817743974838763012","potions_obtained":[{"floor":0,"key":"DistilledChaos"},{"floor":0,"key":"Explosive Potion"},{"floor":0,"key":"Fire Potion"},{"floor":7,"key":"LiquidMemories"},{"floor":16,"key":"Strength Potion"},{"floor":38,"key":"Swift Potion"},{"floor":46,"key":"Block Potion"}],"is_trial":false,"path_per_floor":["M","$","M","M","$","R","E","M","T","M","R","E","?","E","R","B",null,"M","$","?","$","?","E","R","?","T","M","T","T","E","?","R","B",null,"M","$","?","M","T","E","M","R","T","R","M","?","M","?","R","B",null],"character_chosen":"THE_SILENT","items_purchased":["Slice","Infinite Blades","Strawberry","Eternal Feather","TwistedFunnel","Regen Potion","Leg Sweep","All Out Attack","Strange Spoon","Bag of Marbles","Pen Nib","Die Die Die","Poisoned Stab","Noxious Fumes","Tactician","Backflip","Tiny Chest","Matryoshka","PrismaticShard","Apotheosis","Infinite Blades","Leg Sweep","Underhanded Strike","Glass Knife","Weak Potion","Swift Potion","Whetstone","Orichalcum","HandDrill","Dagger Throw","Deflect","Infinite Blades","Block Potion","Secret Technique","Deadly Poison+1","Caltrops+1","Blood Vial","Fruit Juice","Ancient Potion","DistilledChaos","Unceasing Top","Flechettes"],"campfire_rested":0,"item_purchase_floors":[2,2,2,2,2,2,2,2,5,5,5,5,5,5,5,5,19,19,19,19,19,19,19,19,19,19,21,21,21,21,21,21,21,21,36,36,36,36,36,36,36,36],"current_hp_per_floor":[70,77,77,76,76,77,77,77,77,77,77,77,70,70,77,62,77,77,77,77,77,77,72,77,83,83,79,79,79,70,76,89,65,89,81,86,92,91,91,65,67,100,100,100,97,82,84,84,100,46],"gold":5604,"neow_bonus":"THREE_SMALL_POTIONS","is_daily":false,"chose_seed":false,"campfire_upgraded":8,"win_rate":0.0,"timestamp":1608359025,"path_taken":["M","$","M","M","$","R","E","?","T","M","R","E","?","E","R","BOSS","M","$","?","$","?","E","R","?","T","M","?","?","E","?","R","BOSS","M","$","?","M","?","E","?","R","T","R","M","?","M","?","R","BOSS"],"items_purchased_type":["Card","Card","Relic","Relic","Relic","Potion","Card","Card","Relic","Relic","Relic","Card","Card","Card","Card","Card","Relic","Relic","Relic","Card","Card","Card","Card","Card","Potion","Potion","Relic","Relic","Relic","Card","Card","Card","Potion","Card","Card","Card","Relic","Potion","Potion","Potion","Relic","Card"],"build_version":"2020-12-13","purchased_purges":0,"victory":true,"max_hp_per_floor":[70,77,77,77,77,77,77,77,77,77,77,77,77,77,77,77,77,77,77,77,77,77,77,77,83,83,83,83,83,83,89,89,89,89,89,94,100,100,100,100,100,100,100,100,100,100,100,100,100,100],"card_choices":[{"not_picked":["Expertise","Prepared"],"picked":"Outmaneuver","floor":1},{"not_picked":["Riddle With Holes","Endless Agony"],"picked":"Masterful Stab","floor":3},{"not_picked":["Reflex","Calculated Gamble"],"picked":"Poisoned Stab","floor":4},{"not_picked":["Prepared","Dagger Throw"],"picked":"Quick Slash","floor":7},{"not_picked":["Dagger Spray","Prepared"],"picked":"Blade Dance","floor":8},{"not_picked":["Well Laid Plans","Prepared"],"picked":"Blade Dance","floor":10},{"not_picked":["Unload","Quick Slash"],"picked":"Masterful Stab","floor":12},{"not_picked":["Slice","Expertise"],"picked":"Deadly Poison","floor":14},{"not_picked":["Bullet Time","Wraith Form v2"],"picked":"Die Die Die","floor":16},{"not_picked":["Quick Slash","Sucker Punch"],"picked":"Outmaneuver","floor":18},{"not_picked":["Pummel","EmptyBody"],"picked":"Infernal Blade","floor":23},{"not_picked":["Streamline","Chill+1"],"picked":"Perseverance+1","floor":27},{"not_picked":["Coolheaded+1","Anger"],"picked":"PanicButton+1","floor":30},{"not_picked":["CollectingQuirk","AbsoluteMagnitude"],"picked":"Venomology+1","floor":33},{"not_picked":["Leap+1","Tantrum+1"],"picked":"Conserve Battery+1","floor":35},{"not_picked":["Stack+1","Scrape+1"],"picked":"Searing Blow+1","floor":38},{"not_picked":["Crippling Poison+1","BowlingBash+1"],"picked":"Flex+1","floor":40},{"not_picked":["JustLucky+1","EarthLightRay+1"],"picked":"Deadly Poison+1","floor":41},{"not_picked":["Anger+1","Perfected Strike"],"picked":"WitchLeyline","floor":45},{"not_picked":["Wallop+1","Prostrate+1"],"picked":"Deadly Poison+1","floor":46},{"not_picked":["Dagger Spray","Reprogram+1"],"picked":"Trip+1","floor":47}],"player_experience":18274,"relics_obtained":[{"floor":7,"key":"Ninja Scroll"},{"floor":9,"key":"CaptainsWheel"},{"floor":12,"key":"Lizard Tail"},{"floor":14,"key":"Bag of Preparation"},{"floor":23,"key":"Regal Pillow"},{"floor":26,"key":"Nunchaku"},{"floor":26,"key":"Frozen Egg 2"},{"floor":28,"key":"Bronze Scales"},{"floor":28,"key":"Boot"},{"floor":29,"key":"War Paint"},{"floor":30,"key":"Vajra"},{"floor":39,"key":"Mummified Hand"},{"floor":40,"key":"Ancient Tea Set"},{"floor":43,"key":"Anchor"}],"event_choices":[{"damage_healed":0,"gold_gain":0,"player_choice":"Success","damage_taken":7,"relics_obtained":["Darkstone Periapt"],"max_hp_gain":0,"max_hp_loss":0,"event_name":"Scrap Ooze","floor":13,"gold_loss":0},{"damage_healed":0,"gold_gain":0,"player_choice":"Read","damage_taken":0,"max_hp_gain":0,"max_hp_loss":0,"event_name":"The Library","floor":20,"gold_loss":0,"cards_obtained":["Bouncing Flask"]},{"damage_healed":0,"gold_gain":0,"player_choice":"Obtain J.A.X.","damage_taken":0,"max_hp_gain":0,"max_hp_loss":0,"event_name":"Drug Dealer","floor":22,"gold_loss":0,"cards_obtained":["J.A.X."]},{"damage_healed":0,"gold_gain":0,"player_choice":"Opened","damage_taken":0,"relics_obtained":["Toxic Egg 2"],"max_hp_gain":0,"max_hp_loss":0,"event_name":"The Mausoleum","floor":25,"gold_loss":0,"cards_obtained":["Writhe"]},{"damage_healed":0,"gold_gain":0,"player_choice":"Smashed Altar","damage_taken":0,"max_hp_gain":0,"max_hp_loss":0,"event_name":"Forgotten Altar","floor":31,"gold_loss":0,"cards_obtained":["Decay"]},{"damage_healed":0,"gold_gain":0,"player_choice":"Ignored","damage_taken":0,"max_hp_gain":0,"max_hp_loss":0,"event_name":"OrinTheCat","floor":37,"gold_loss":0},{"damage_healed":0,"gold_gain":0,"player_choice":"Fight","damage_taken":0,"max_hp_gain":0,"max_hp_loss":0,"event_name":"MindBloom","floor":46,"gold_loss":0},{"cards_removed":["Flechettes"],"damage_healed":0,"gold_gain":0,"player_choice":"Removed Attack","damage_taken":0,"max_hp_gain":0,"max_hp_loss":0,"event_name":"Falling","floor":48,"gold_loss":0}],"is_beta":false,"boss_relics":[{"not_picked":["Philosopher\u0027s Stone","Runic Pyramid"],"picked":"Ectoplasm"},{"not_picked":["Runic Dome","Empty Cage"],"picked":"Coffee Dripper"}],"items_purged_floors":[],"is_endless":false,"potions_floor_spawned":[3,4,7,16,38,46],"ascension_level":1}}