{"host":"o3b7ow6d1xe49css","time":1608363736,"event":{"mods":["2.2 Compatiblity","Act Like it!","Aspiration","BaseMod","Bestiary","Better Altar","Better Match","Better Note","Better Sensory Stone","Better Skull","Better Third Choice","Colored Powertips","Conspire","Elementarium","Energized Spire","Force Act Four","GifTheSpireLib","Halation","Hermit","Hubris","Infinite Spire","Lobotomy","Minty Spire (QoL Compilation)","Quick Restart","Replay The Spire","Spicy Shops","Spikes Relics","StSLib","Stuff the Spire","The Blue Laboratory","The Jungle","Wandering Minibosses","vexMod"],"gold_per_floor":[112,130,145,145,183,16,16,33,57,57,83,95,122,149,149,254,254,1012,1012,1032,1032,1032,1061,1061,1091,1114,1114,642,674,1024,521,521,625,625,638,692,709,709,4,4,4,38,38,72,104,121,1,35,35,135,135,135,97,132,230],"floor_reached":56,"playtime":2084,"items_purged":["ReplayTheSpireMod:Splinters","StuffTheSpire:CuriosityCurse","hubris:Wrath","Delirium"],"score":1875,"play_id":"7069e461-0ebf-4b35-9ebf-6713527d8c14","local_time":"20201218224216","daily_mods":["Heirloom","Flight"],"is_ascension_mode":true,"campfire_choices":[{"data":"Noxious Fumes","floor":7,"key":"SMITH"},{"data":"Pot Of Greed","floor":10,"key":"SMITH"},{"data":"Wraith Form v2","floor":24,"key":"SMITH"},{"floor":40,"key":"RECALL"},{"data":"Pot Of Greed","floor":41,"key":"SMITH"},{"data":"Pot Of Greed","floor":49,"key":"SMITH"},{"data":"Pot Of Greed","floor":52,"key":"SMITH"}],"circlet_count":0,"master_deck":["Survivor","Neutralize","Masterful Stab","PiercingWail","Noxious Fumes+1","Pot Of Greed+1","Pot Of Greed+1","Slice","Acrobatics+1","Underhanded Strike","Cloak And Dagger","StuffTheSpire:Sprint","Wraith Form v2+1","Leg Sweep","Dagger Spray","Pot Of Greed+1","Backflip","Shame","Blade Dance","conspire:Blindness","Spreading Infection","Clumsy","Cloak And Dagger+1","BlessedFruit","BlessedFruit","StuffTheSpire:DoubleShiv+1","Pot Of Greed+1","Shame","Looming Evil","Hidden Blade+1","Acrobatics+1","Languid","Bullet Time","ReplayTheSpireMod:The Works","Catalyst","Reflex","Prepared","Unload","Wraith Form v2","Eviscerate","hubris:TrickCloak","Pot Of Greed+1","hubris:Envy"],"relics":["Ring of the Snake","Ring of Chaos","conspire:GlowingRock","MealTicket","aspiration:HatOfInfinitePower","Grinning Jar","Iron Hammer","StrikeDummy","Oddly Smooth Stone","Coffee Dripper","wanderingMiniBosses:MasterThiefsPresence","The Courier","Anchor","conspire:BottledYoYo","hubris:SphereOfDissonance","vexMod:RetaliationKit","Ring of Greed","ReplayTheSpireMod:Ring of Sloth","infinitespire:Midas Blood","Old Coin","ReplayTheSpireMod:TigerMarble","vexMod:MemoryStick","aspiration:Lifesprig","Replay:Grab Bag","vexMod:TanglingVine","energizedSpire:HighHeels","WristBlade","StuffTheSpire:Kangaroo","HeavenlyBonsai","hubris:MysteriousPyramids","halation:TrafficLight","LugNut","Bronze Scales","hubris:CrystalStatue","infinitespire:Beetle Shell","SnailShell","halation:PromiseList","Replay:Bottled Steam","Pandora\u0027s Box","Incense Burner"],"acts_visited":["Exordium","TheCity","TheBeyond","TheEnding"],"potions_floor_usage":[11,13,16,33],"damage_taken":[{"damage":0,"enemies":"Small Slimes","floor":1,"turns":4},{"damage":0,"enemies":"2 Louse","floor":2,"turns":2},{"damage":0,"enemies":"Jaw Worm","floor":3,"turns":2},{"damage":6,"enemies":"Looter","floor":8,"turns":3},{"damage":0,"enemies":"Lagavulin","floor":11,"turns":4},{"damage":0,"enemies":"Exordium Wildlife","floor":12,"turns":2},{"damage":17,"enemies":"Gremlin Nob","floor":13,"turns":4},{"damage":12,"enemies":"3 Sentries","floor":14,"turns":6},{"damage":13,"enemies":"Fading Forest","floor":16,"turns":11},{"damage":1,"enemies":"3 Byrds","floor":18,"turns":8},{"damage":0,"enemies":"Spheric Guardian","floor":20,"turns":4},{"damage":3,"enemies":"Nightmare","floor":23,"turns":7},{"damage":2,"enemies":"Slavers","floor":25,"turns":5},{"damage":0,"enemies":"Gremlin Leader","floor":29,"turns":2},{"damage":16,"enemies":"conspire:MysteriousRune","floor":33,"turns":5},{"damage":0,"enemies":"3 Shapes","floor":35,"turns":1},{"damage":0,"enemies":"2 Orb Walkers","floor":36,"turns":4},{"damage":0,"enemies":"3 Darklings","floor":37,"turns":2},{"damage":0,"enemies":"Reptomancer","floor":42,"turns":1},{"damage":0,"enemies":"R_Hoarder","floor":44,"turns":1},{"damage":0,"enemies":"Nightmare","floor":45,"turns":1},{"damage":0,"enemies":"Spire Growth","floor":46,"turns":1},{"damage":0,"enemies":"R_Hoarder","floor":48,"turns":1},{"damage":0,"enemies":"Replay:Hell Engine","floor":50,"turns":1},{"damage":0,"enemies":"Shield and Spear","floor":54,"turns":1},{"damage":0,"enemies":"The Heart","floor":55,"turns":3}],"seed_played":"9068664735151490705","potions_obtained":[{"floor":2,"key":"FearPotion"},{"floor":11,"key":"blueLaboratory:TrueEctoplasm"},{"floor":14,"key":"Fire Potion"},{"floor":23,"key":"Poison Potion"},{"floor":29,"key":"GamblersBrew"},{"floor":42,"key":"blueLaboratory:NullPotion"},{"floor":45,"key":"FearPotion"},{"floor":48,"key":"blueLaboratory:BottleOfVodka"},{"floor":55,"key":"AttackPotion"}],"is_trial":true,"path_per_floor":["M","M","M","?","?","$","R","M","T","R","E","M","E","E","R","B",null,"M","?","M","?","?","NM","R","E","T","?","$","E","?","$","R","B",null,"M","?","M","?","$","R","R","E","T","E","NM","M","$","E","R","B",null,"R","$","E","B",null],"character_chosen":"THE_SILENT","items_purchased":["Noxious Fumes","conspire:BottledYoYo","hubris:SphereOfDissonance","ReplayTheSpireMod:TigerMarble","vexMod:MemoryStick","aspiration:Lifesprig","Block Potion","hubris:MysteriousPyramids","halation:TrafficLight","LugNut","Bronze Scales","Swift Potion"],"campfire_rested":0,"item_purchase_floors":[6,28,28,31,31,31,31,39,39,39,39,53],"current_hp_per_floor":[70,70,70,70,70,70,70,64,64,64,64,64,47,35,35,42,63,62,62,62,62,62,59,59,57,57,57,70,70,70,70,70,54,66,70,70,71,71,71,71,71,71,71,75,77,77,77,79,79,83,83,83,83,83,84],"gold":230,"neow_bonus":"","is_daily":false,"chose_seed":false,"campfire_upgraded":6,"win_rate":0.0,"timestamp":1608363736,"path_taken":["M","M","M","?","?","?","R","M","T","R","E","?","E","E","R","BOSS","M","?","?","?","?","NM","R","E","T","?","$","E","?","$","R","BOSS","M","?","M","?","$","R","R","E","T","E","NM","?","$","E","R","BOSS","R","$","E","BOSS"],"items_purchased_type":["Card","Relic","Relic","Relic","Relic","Relic","Potion","Relic","Relic","Relic","Relic","Potion"],"build_version":"2020-12-13","purchased_purges":4,"victory":true,"max_hp_per_floor":[70,70,70,70,70,70,70,70,70,70,70,70,70,70,70,70,70,70,70,70,70,70,70,70,70,70,70,70,70,70,70,70,70,70,70,70,71,71,71,71,71,71,71,75,77,77,77,79,79,83,83,83,83,83,84],"card_choices":[{"not_picked":["Slice","Acrobatics"],"picked":"Masterful Stab","floor":1},{"not_picked":["Calculated Gamble","StuffTheSpire:Injection"],"picked":"PiercingWail","floor":2},{"not_picked":["Slice","Tactician","StuffTheSpire:Incursion"],"picked":"SKIP","floor":3},{"not_picked":["Calculated Gamble","Replay:Poison Smokescreen","StuffTheSpire:BrimstoneBlast"],"picked":"SKIP","floor":8},{"not_picked":["Flechettes","PiercingWail"],"picked":"Slice","floor":11},{"not_picked":["Prepared","Distraction"],"picked":"Acrobatics","floor":12},{"not_picked":["Backflip","Flying Knee"],"picked":"Underhanded Strike","floor":13},{"not_picked":["Accuracy","Reflex"],"picked":"Cloak And Dagger","floor":14},{"not_picked":["ReplayTheSpireMod:Necrosis","Burst"],"picked":"Wraith Form v2","floor":16},{"not_picked":["Setup+1","Underhanded Strike"],"picked":"Leg Sweep","floor":18},{"not_picked":["StuffTheSpire:Injection","Infinite Blades"],"picked":"Dagger Spray","floor":20},{"not_picked":["Dagger Throw","Dodge and Roll"],"picked":"Backflip","floor":23},{"not_picked":["PiercingWail","Glass Knife","ReplayTheSpireMod:Tripwire"],"picked":"SKIP","floor":25},{"not_picked":["Deadly Poison+1","Draining Mist+1"],"picked":"Blade Dance","floor":29},{"not_picked":["Hidden Blade+1","Backflip+1"],"picked":"Cloak And Dagger+1","floor":35},{"not_picked":["Backflip+1","Dagger Spray"],"picked":"StuffTheSpire:DoubleShiv+1","floor":37},{"not_picked":["ReplayTheSpireMod:Necrosis","Setup+1","Backflip+1"],"picked":"SKIP","floor":42},{"not_picked":["After Image","Dash"],"picked":"Hidden Blade+1","floor":44},{"not_picked":["Distraction","Skewer+1"],"picked":"Acrobatics+1","floor":45},{"not_picked":["Blur+1","Backflip+1","Endless Agony"],"picked":"SKIP","floor":46},{"not_picked":["Choke+1","StuffTheSpire:DoubleShiv","StuffTheSpire:Repulse"],"picked":"SKIP","floor":48},{"not_picked":["Malaise","Night Terror"],"picked":"Bullet Time","floor":50},{"not_picked":["Predator+1","ReplayTheSpireMod:Scrap Shanks","StuffTheSpire:Shiver+1"],"picked":"SKIP","floor":54}],"player_experience":1752838,"relics_obtained":[{"floor":5,"key":"aspiration:HatOfInfinitePower"},{"floor":9,"key":"Grinning Jar"},{"floor":11,"key":"Iron Hammer"},{"floor":13,"key":"StrikeDummy"},{"floor":14,"key":"Oddly Smooth Stone"},{"floor":18,"key":"wanderingMiniBosses:MasterThiefsPresence"},{"floor":23,"key":"The Courier"},{"floor":25,"key":"Anchor"},{"floor":29,"key":"vexMod:RetaliationKit"},{"floor":30,"key":"Ring of Greed"},{"floor":30,"key":"ReplayTheSpireMod:Ring of Sloth"},{"floor":30,"key":"infinitespire:Midas Blood"},{"floor":30,"key":"Old Coin"},{"floor":36,"key":"HeavenlyBonsai"},{"floor":42,"key":"hubris:CrystalStatue"},{"floor":43,"key":"infinitespire:Beetle Shell"},{"floor":44,"key":"SnailShell"},{"floor":45,"key":"halation:PromiseList"},{"floor":48,"key":"Replay:Bottled Steam"},{"floor":54,"key":"Incense Burner"}],"event_choices":[{"cards_removed":["Strike_G"],"damage_healed":0,"gold_gain":0,"player_choice":"Give","damage_taken":0,"max_hp_gain":0,"max_hp_loss":0,"event_name":"betterNote:BetterNote","floor":19,"gold_loss":0,"cards_obtained":["Strike_R"]},{"damage_healed":0,"gold_gain":0,"player_choice":"Ignored","damage_taken":0,"max_hp_gain":0,"max_hp_loss":0,"event_name":"Vampires","floor":21,"gold_loss":0},{"damage_healed":0,"gold_gain":0,"player_choice":"Fight","damage_taken":0,"max_hp_gain":0,"max_hp_loss":0,"event_name":"Mysterious Sphere","floor":36,"gold_loss":0},{"damage_healed":0,"gold_gain":0,"player_choice":"Upgraded","damage_taken":0,"max_hp_gain":0,"max_hp_loss":0,"event_name":"Upgrade Shrine","floor":38,"gold_loss":0,"cards_upgraded":["Pot Of Greed"]}],"is_beta":false,"boss_relics":[{"not_picked":["hubris:VirtuousBlindfold","Ectoplasm"],"picked":"Coffee Dripper"},{"not_picked":["hubris:BlackHole","HoveringKite"],"picked":"Replay:Grab Bag"},{"not_picked":["Replay:Bronze Core","Philosopher\u0027s Stone"],"picked":"vexMod:TanglingVine"},{"not_picked":["infinitespire:Cupcake","ChewingGum"],"picked":"energizedSpire:HighHeels"},{"not_picked":["Replay:Drink Me","Black Star"],"picked":"WristBlade"},{"not_picked":["aspiration:IroncladSkillbook","Snecko Eye"],"picked":"StuffTheSpire:Kangaroo"},{"not_picked":["Replay:Fungal Core","Honey Jar"],"picked":"Pandora\u0027s Box"}],"items_purged_floors":[6,28,31,47],"is_endless":true,"potions_floor_spawned":[2,11,14,23,29,42,45,46,48,55],"ascension_level":5}}