{"host":"lg1piimdyocafd6j","time":1608381462,"event":{"mods":["AchievementEnabler","BaseMod","Better Third Choice","BetterRewards","Colored Map","Colored Powertips","Downfall","Minty Spire (QoL Compilation)","Quick Restart","Rare Cards Sparkle","StSLib","SuperFastMode"],"gold_per_floor":[99,156,156,156,156,171,171,191,221,239,255,93,123,156,156,251,251,251,251,251,251,251,251,251,251,251,251,63,63,63,63,63],"floor_reached":31,"playtime":1956,"items_purged":["Strike_B","Strike_B"],"score":270,"play_id":"d35910b2-d287-4e7b-b0ed-2e75806f9cde","local_time":"20201219133742","is_ascension_mode":false,"campfire_choices":[{"floor":15,"key":"REST"},{"floor":22,"key":"REST"},{"floor":29,"key":"REST"}],"circlet_count":0,"master_deck":["Strike_B","Strike_B","Defend_B","Defend_B","Defend_B","Zap","Tempest","Tempest","Barrage","White Noise","Conserve Battery","Amplify","Lockon","Auto Shields","Ball Lightning","Hello World","Conserve Battery","Gash","Creative AI","Lockon","Gash","Ball Lightning","Biased Cognition","Capacitor","Lockon"],"relics":["Cracked Core","downfall:HeartsMalice","Sundial","Centennial Puzzle","Odd Mushroom","Boot","Ectoplasm","Enchiridion","Potion Belt"],"acts_visited":["Exordium","TheCity"],"potions_floor_usage":[12,12,14,16,20,20,26,31],"damage_taken":[{"damage":0,"enemies":"Cultist","floor":1,"turns":1},{"damage":0,"enemies":"Gremlin Nob","floor":2,"turns":1},{"damage":0,"enemies":"Small Slimes","floor":5,"turns":1},{"damage":7,"enemies":"2 Louse","floor":6,"turns":2},{"damage":9,"enemies":"2 Fungi Beasts","floor":8,"turns":4},{"damage":5,"enemies":"Lagavulin","floor":9,"turns":6},{"damage":9,"enemies":"Blue Slaver","floor":10,"turns":4},{"damage":0,"enemies":"2 Fungi Beasts","floor":11,"turns":3},{"damage":0,"enemies":"downfall:FleeingMerchant","floor":12,"turns":4},{"damage":12,"enemies":"The Mushroom Lair","floor":13,"turns":4},{"damage":0,"enemies":"Gremlin Nob","floor":14,"turns":3},{"damage":22,"enemies":"downfall:Watcher","floor":16,"turns":7},{"damage":15,"enemies":"Spheric Guardian","floor":18,"turns":4},{"damage":3,"enemies":"Chosen","floor":19,"turns":4},{"damage":31,"enemies":"Snake Plant","floor":20,"turns":3},{"damage":13,"enemies":"Cultist and Chosen","floor":25,"turns":5},{"damage":1,"enemies":"Centurion and Healer","floor":26,"turns":6},{"damage":12,"enemies":"downfall:FleeingMerchant","floor":28,"turns":4},{"damage":21,"enemies":"Snake Plant","floor":30,"turns":3},{"damage":16,"enemies":"Cultist and Chosen","floor":31,"turns":4}],"seed_played":"5684364362456633718","potions_obtained":[{"floor":2,"key":"LiquidMemories"},{"floor":8,"key":"ColorlessPotion"},{"floor":9,"key":"sneckomod:MuddlingPotion"},{"floor":13,"key":"Slimebound:ThreeZeroPotion"},{"floor":14,"key":"champ:CounterPotion"},{"floor":19,"key":"Fire Potion"},{"floor":25,"key":"SkillPotion"},{"floor":30,"key":"PotionOfCapacity"}],"is_trial":false,"path_per_floor":["M","?","?","?","M","M","T","M","E","M","M","$","?","E","R","B",null,"M","M","M","?","R","?","T","M","M","?","$","R","M","M"],"character_chosen":"DEFECT","items_purchased":["Hello World","Capacitor"],"campfire_rested":3,"item_purchase_floors":[12,28],"current_hp_per_floor":[75,75,80,80,80,73,73,64,59,50,50,50,38,38,62,40,80,65,62,31,15,39,39,39,26,25,25,13,37,16,0,0],"gold":63,"neow_bonus":"THREE_ENEMY_KILL","is_daily":false,"chose_seed":false,"campfire_upgraded":0,"win_rate":0.0,"timestamp":1608381462,"path_taken":["M","?","?","?","M","M","T","M","E","M","M","?","?","E","R","BOSS","M","M","M","?","R","?","T","M","M","?","$","R","M","M"],"items_purchased_type":["Card","Card"],"build_version":"2020-12-13","purchased_purges":2,"victory":false,"max_hp_per_floor":[75,75,80,80,80,80,80,80,80,80,80,80,80,80,80,80,80,80,80,80,80,80,80,80,80,80,80,80,80,80,80,80],"card_choices":[{"not_picked":["Redo","Stack"],"picked":"Tempest","floor":1},{"not_picked":["Sweeping Beam","Blizzard"],"picked":"Tempest","floor":2},{"not_picked":["Fusion","Coolheaded"],"picked":"Barrage","floor":5},{"not_picked":["Hologram","Streamline"],"picked":"White Noise","floor":6},{"not_picked":["Beam Cell","Recycle"],"picked":"Conserve Battery","floor":8},{"not_picked":["Rip and Tear","Machine Learning"],"picked":"Amplify","floor":9},{"not_picked":["Hologram","FTL"],"picked":"Lockon","floor":10},{"not_picked":["Barrage","Hologram"],"picked":"Auto Shields","floor":11},{"not_picked":["Stack","Core Surge"],"picked":"Ball Lightning","floor":12},{"not_picked":["Streamline","Sweeping Beam"],"picked":"Conserve Battery","floor":13},{"not_picked":["Reprogram","Rebound"],"picked":"Gash","floor":14},{"not_picked":["Echo Form","Meteor Strike"],"picked":"Creative AI","floor":16},{"not_picked":["Steam","Streamline+1"],"picked":"Lockon","floor":18},{"not_picked":["Go for the Eyes+1","Stack"],"picked":"Gash","floor":19},{"not_picked":["Barrage","Compile Driver"],"picked":"Ball Lightning","floor":20},{"not_picked":["Coolheaded+1","Aggregate"],"picked":"Biased Cognition","floor":25},{"not_picked":["BootSequence+1","Stack+1","Cold Snap"],"picked":"SKIP","floor":26},{"not_picked":["Compile Driver","Streamline","Doom and Gloom+1"],"picked":"SKIP","floor":28},{"not_picked":["Skim","Melter+1"],"picked":"Lockon","floor":30}],"player_experience":191334,"relics_obtained":[{"floor":9,"key":"Centennial Puzzle"},{"floor":13,"key":"Odd Mushroom"},{"floor":14,"key":"Boot"},{"floor":21,"key":"Enchiridion"},{"floor":24,"key":"Potion Belt"}],"event_choices":[{"damage_healed":0,"gold_gain":0,"player_choice":"Donut","damage_taken":0,"max_hp_gain":5,"max_hp_loss":0,"event_name":"Big Fish","floor":3,"gold_loss":0},{"damage_healed":0,"gold_gain":0,"player_choice":"Fought Mushrooms","damage_taken":0,"max_hp_gain":0,"max_hp_loss":0,"event_name":"Mushrooms","floor":13,"gold_loss":0},{"cards_removed":["Dualcast"],"damage_healed":0,"gold_gain":0,"player_choice":"Elegance","damage_taken":0,"max_hp_gain":0,"max_hp_loss":0,"event_name":"betterThird:BetterWriting","floor":27,"gold_loss":0}],"is_beta":false,"boss_relics":[{"not_picked":["Snecko Eye","SacredBark"],"picked":"Ectoplasm"}],"items_purged_floors":[12,28],"is_endless":false,"potions_floor_spawned":[2,8,9,13,14,19,25,30],"killed_by":"Cultist and Chosen","ascension_level":0}}