{"host":"81h68oe4mr04pk3r","time":1608361147,"event":{"mods":["Act Like it!","Aspiration","BaseMod","BetterRewards","Colored Map","Colored Powertips","Conspire","Downfall","Hermit","Hubris","Infinite Spire","Jorbs\u0027s Wanderer Trilogy","Koishi","Lobotomy","LobotomyExtend","Marisa????????","Minty Spire (QoL Compilation)","Quick Restart","Reimu??????","Remilia??????","Replay The Spire","StSLib","The Bug Knight","The Construct","The Cursed","The Disciple","The Servant 0.9.4"],"gold_per_floor":[99,119,144,144,159,159,159,159,194,194,4,15,28,40,51,51,51],"floor_reached":16,"playtime":1101,"items_purged":[],"score":112,"play_id":"9830c862-18e9-4835-9b02-b4b1fe5beda7","local_time":"20201218225907","is_ascension_mode":false,"campfire_choices":[{"floor":1,"key":"RECALL"},{"floor":4,"key":"REST"},{"data":"Guardian:CurlUp","floor":8,"key":"SMITH"},{"floor":10,"key":"REST"}],"circlet_count":0,"master_deck":["Guardian:Strike_Guardian","Guardian:Strike_Guardian","Guardian:Strike_Guardian","Guardian:Strike_Guardian","Guardian:Defend_Guardian","Guardian:Defend_Guardian","Guardian:Defend_Guardian","Guardian:Defend_Guardian","Guardian:CurlUp+1","Guardian:TwinSlam","Guardian:RollAttack","Guardian:SpikerProtocol","Guardian:Gem_Red","Guardian:BaubleBeam","Guardian:TemporalShield","Guardian:TemporalShield","Guardian:Preprogram","Guardian:ChargeUp","Guardian:Gem_Red","Guardian:StasisField"],"relics":["Guardian:ModeShifter","LetterFromLob","conspire:InfiniteJournal","aspiration:TomeofQuesting"],"acts_visited":["Exordium"],"potions_floor_usage":[],"damage_taken":[{"damage":1,"enemies":"2 Louse","floor":2,"turns":3},{"damage":51,"enemies":"Gremlin Nob","floor":3,"turns":6},{"damage":5,"enemies":"Jaw Worm","floor":5,"turns":3},{"damage":25,"enemies":"3 Sentries","floor":9,"turns":7},{"damage":10,"enemies":"downfall:FleeingMerchant","floor":11,"turns":4},{"damage":6,"enemies":"Small Slimes","floor":12,"turns":3},{"damage":15,"enemies":"2 Fungi Beasts","floor":13,"turns":3},{"damage":19,"enemies":"Large Slime","floor":14,"turns":7},{"damage":8,"enemies":"Blue Slaver","floor":15,"turns":3},{"damage":42,"enemies":"downfall:Silent","floor":16,"turns":14}],"seed_played":"3765840987408737617","potions_obtained":[{"floor":5,"key":"BlessingOfTheForge"},{"floor":12,"key":"FairyPotion"},{"floor":13,"key":"Explosive Potion"}],"is_trial":false,"path_per_floor":["R","M","E","R","M","?","T","R","E","R","$","M","M","M","M","B"],"character_chosen":"GUARDIAN","items_purchased":["Guardian:BaubleBeam","Guardian:TemporalShield"],"campfire_rested":2,"item_purchase_floors":[11,11],"current_hp_per_floor":[88,87,36,62,57,66,66,66,41,67,57,51,36,17,9,0,0],"gold":51,"neow_bonus":"TEN_PERCENT_HP_BONUS","is_daily":false,"chose_seed":false,"campfire_upgraded":1,"win_rate":0.0,"timestamp":1608361147,"path_taken":["R","M","E","R","M","?","T","R","E","R","$","M","M","M","M","BOSS"],"items_purchased_type":["Card","Card"],"build_version":"2020-12-13","purchased_purges":0,"victory":false,"max_hp_per_floor":[88,88,88,88,88,88,88,88,88,88,88,88,88,88,88,88,88],"card_choices":[{"not_picked":["Guardian:Suspension","Guardian:PrismaticBarrier"],"picked":"Guardian:Gem_Lightblue","floor":2},{"not_picked":["Guardian:WalkerClaw","Guardian:TemporalShield"],"picked":"Guardian:RollAttack","floor":3},{"not_picked":["Guardian:ShieldCharger","Guardian:Gem_Red"],"picked":"Guardian:SpikerProtocol","floor":5},{"not_picked":["Guardian:Preprogram","Guardian:RollAttack"],"picked":"Guardian:Gem_Red","floor":9},{"not_picked":["Guardian:ArmoredProtocol","Guardian:CrystalBeam"],"picked":"Guardian:Gem_Red","floor":11},{"not_picked":["Guardian:Repulse","Guardian:RefractedBeam"],"picked":"Guardian:Preprogram","floor":12},{"not_picked":["Guardian:Gem_Crimson","Guardian:Suspension"],"picked":"Guardian:ChargeUp","floor":13},{"not_picked":["Guardian:Preprogram","Guardian:ChargeUp"],"picked":"Guardian:Gem_Red","floor":14},{"not_picked":["Guardian:VentSteam","Guardian:CrystalBeam"],"picked":"Guardian:StasisField","floor":15}],"player_experience":112656,"relics_obtained":[{"floor":2,"key":"LetterFromLob"},{"floor":3,"key":"conspire:InfiniteJournal"},{"floor":9,"key":"aspiration:TomeofQuesting"}],"event_choices":[],"is_beta":false,"boss_relics":[],"items_purged_floors":[],"is_endless":false,"potions_floor_spawned":[5,12,13,14],"killed_by":"downfall:Silent","ascension_level":0}}