{"host":"szbnbddwah33j004","time":1608358024,"event":{"mods":["2.2 Compatiblity","AchievementEnabler","Act Like it!","BaseMod","BetterRewards","Colored Map","Colored Powertips","Conspire","Energized Spire","Infinite Spire","Minty Spire (QoL Compilation)","Replay The Spire","Shop Mod","StSLib"],"gold_per_floor":[113,113,138,157,107,132,132,157,183,196,230,242,272,291,291,392,392,405,405,419,419,435,447,447,447,447,447,447,36,66,66,86,101,101,211,211,211,242,273,273,311,311,311,345,345,377,377,44,67,98,98,98],"floor_reached":53,"playtime":4956,"items_purged":[],"score":802,"play_id":"26989c39-49ed-4782-bd1c-38904fd2162c","local_time":"20201219000704","is_ascension_mode":true,"campfire_choices":[{"data":"Seeing Red","floor":7.0,"key":"SMITH"},{"data":"conspire:ExplosiveBarrier","floor":15.0,"key":"SMITH"},{"data":"Spot Weakness","floor":25.0,"key":"SMITH"},{"data":"Bash","floor":31.0,"key":"SMITH"},{"data":"Strike_R+1","floor":34.0,"key":"SMITH"},{"data":"infinitespire:Execution","floor":42.0,"key":"SMITH"}],"circlet_count":0,"master_deck":["Strike_R","Strike_R+2","Strike_R","Strike_R","Defend_R","Defend_R+1","Defend_R","Defend_R","Bash+1","Feel No Pain","infinitespire:Starlight","Pot Of Greed","Pot Of Greed","Seeing Red+1","conspire:ExplosiveBarrier+1","Warcry","Spot Weakness+1","Flex","Dark Embrace","ReplayTheSpireMod:Strike From Hell+1","Defy Death","Offering+1","Bloodletting","ReplayTheSpireMod:Strike From Hell+1","Run Through+1","Pot Of Greed","Wild Strike+1","Warcry","Heavy Blade+1","Evolve","Flex","Carnage+1","Replay:Dark Deal","conspire:Charge+1","Wild Strike+1","True Grit","Bludgeon+1","Berserk","Brutality+1","infinitespire:Execution+1","Uppercut+1","Eclipse","Madness","ReplayTheSpireMod:Private Reserves","Poisoned Strike+1"],"relics":["Burning Blood","NeowsBlessing","Grinning Jar","Bronze Scales","HornCleat","Vajra","Molten Egg 2","Red Skull","energizedSpire:StickyHand","Mummified Hand","infinitespire:Broken Mirror","Simple Rune","infinitespire:EvilPickle","conspire:RunicOctahedron","Orichalcum","Shuriken","Orichalcum","Guide Book","conspire:Boomerang"],"acts_visited":["Exordium","TheCity","TheBeyond"],"potions_floor_usage":[],"damage_taken":[{"damage":0.0,"enemies":"Jaw Worm","floor":1.0,"turns":1.0},{"damage":0.0,"enemies":"conspire:MimicChest","floor":3.0,"turns":1.0},{"damage":0.0,"enemies":"2 Louse","floor":4.0,"turns":1.0},{"damage":25.0,"enemies":"Lagavulin","floor":6.0,"turns":9.0},{"damage":23.0,"enemies":"Gremlin Nob","floor":8.0,"turns":4.0},{"damage":0.0,"enemies":"Small Slimes","floor":10.0,"turns":3.0},{"damage":29.0,"enemies":"Lagavulin","floor":11.0,"turns":7.0},{"damage":2.0,"enemies":"Exordium Wildlife","floor":12.0,"turns":3.0},{"damage":61.0,"enemies":"Gremlin Nob","floor":13.0,"turns":6.0},{"damage":1.0,"enemies":"2 Fungi Beasts","floor":14.0,"turns":3.0},{"damage":30.0,"enemies":"Slime Boss","floor":16.0,"turns":13.0},{"damage":12.0,"enemies":"Spheric Guardian","floor":18.0,"turns":4.0},{"damage":11.0,"enemies":"Chosen","floor":20.0,"turns":2.0},{"damage":44.0,"enemies":"Sentry and Sphere","floor":22.0,"turns":6.0},{"damage":18.0,"enemies":"Chosen and Byrds","floor":23.0,"turns":2.0},{"damage":1.0,"enemies":"Replay:Snechameleon","floor":30.0,"turns":3.0},{"damage":3.0,"enemies":"Centurion and Healer","floor":32.0,"turns":3.0},{"damage":4.0,"enemies":"Cultist and Chosen","floor":33.0,"turns":4.0},{"damage":49.0,"enemies":"Pondfish","floor":35.0,"turns":9.0},{"damage":0.0,"enemies":"3 Shapes","floor":37.0,"turns":1.0},{"damage":20.0,"enemies":"3 Darklings","floor":38.0,"turns":4.0},{"damage":10.0,"enemies":"Sphere and 2 Shapes","floor":39.0,"turns":3.0},{"damage":18.0,"enemies":"Maw","floor":41.0,"turns":6.0},{"damage":2.0,"enemies":"Writhing Mass","floor":44.0,"turns":3.0},{"damage":42.0,"enemies":"4 Shapes","floor":46.0,"turns":4.0},{"damage":18.0,"enemies":"3 Darklings","floor":49.0,"turns":3.0},{"damage":35.0,"enemies":"Reptomancer","floor":50.0,"turns":5.0},{"damage":19,"enemies":"Replay:Hell Engine","floor":52,"turns":4}],"seed_played":"5589014167418253833","potions_obtained":[{"floor":1.0,"key":"PowerPotion"},{"floor":3.0,"key":"Adrenaline Potion"},{"floor":10.0,"key":"EntropicBrew"},{"floor":12.0,"key":"PowerPotion"},{"floor":13.0,"key":"LiquidMemories"},{"floor":18.0,"key":"AttackPotion"},{"floor":22.0,"key":"AttackPotion"},{"floor":30.0,"key":"PowerPotion"},{"floor":35.0,"key":"Energy Potion"},{"floor":38.0,"key":"LiquidMemories"},{"floor":41.0,"key":"SkillPotion"},{"floor":44.0,"key":"SpeedPotion"}],"is_trial":false,"path_per_floor":["M","?","?","M","?","E","R","E","T","M","E","M","E","M","R","B",null,"M","?","M","?","M","M","?","R","PTL","PTL","T","$","E","R","M","M","R","B",null,"M","M","M","AVR","M","R","?","M","T","M","?","$","M","E","R_BF","B",null],"character_chosen":"IRONCLAD","items_purchased":["infinitespire:Broken Mirror","Replay:Dark Deal","Guide Book","Uppercut+1","Eclipse"],"campfire_rested":0,"item_purchase_floors":[29,29,48,48,48],"current_hp_per_floor":[80,60,66,80,80,71,71,64,64,80,57,69,32,45,45,31,80,80,65,78,78,58,56,95,95,95,95,95,95,95,95,95,95,95,52,95,95,81,87,87,83,83,83,87,87,51,51,51,39,20,20,17],"gold":98,"neow_bonus":"THREE_ENEMY_KILL","is_daily":false,"chose_seed":false,"campfire_upgraded":6,"win_rate":0.0,"timestamp":1608358024,"path_taken":["M","?","?","M","?","E","R","E","T","M","E","M","E","M","R","BOSS","M","?","M","?","M","M","?","R","PTL","PTL","T","$","E","R","?","M","R","BOSS","M","M","M","AVR","M","R","?","M","T","M","?","$","?","E","R_BF","BOSS"],"items_purchased_type":["Relic","Card","Relic","Card","Card"],"build_version":"2020-12-13","purchased_purges":0,"victory":true,"max_hp_per_floor":[80,80,80,80,80,80,80,80,80,80,80,80,80,80,80,80,80,80,85,85,85,85,85,95,95,95,95,95,95,95,95,95,95,95,95,95,95,95,95,95,95,95,95,95,95,95,95,95,95,95,95,95],"card_choices":[{"not_picked":["Ghostly Armor","Dark Embrace"],"picked":"Feel No Pain","floor":1.0},{"not_picked":["Replay:Fractal Strike","infinitespire:Gouge"],"picked":"infinitespire:Starlight","floor":2.0},{"not_picked":["Run Through","Replay:Undeath\u0027s Touch"],"picked":"Seeing Red","floor":3.0},{"not_picked":["Anger","Warcry"],"picked":"conspire:ExplosiveBarrier","floor":4.0},{"not_picked":["Cleave","Sword Boomerang"],"picked":"Warcry","floor":6.0},{"not_picked":["Metallicize","Cleave"],"picked":"Spot Weakness","floor":8.0},{"not_picked":["Pommel Strike","Power Through"],"picked":"Flex","floor":10.0},{"not_picked":["Life Link","Clash+1"],"picked":"Hemogenesis+1","floor":11.0},{"not_picked":["ReplayTheSpireMod:Muscle Training","True Grit"],"picked":"Dark Embrace","floor":12.0},{"not_picked":["Flex","Armaments"],"picked":"ReplayTheSpireMod:Strike From Hell+1","floor":13.0},{"not_picked":["Run Through+1","Headbutt+1"],"picked":"Defy Death","floor":14.0},{"not_picked":["Barricade","Brutality"],"picked":"Offering","floor":16.0},{"not_picked":["Bloodletting","Run Through+1"],"picked":"ReplayTheSpireMod:Strike From Hell+1","floor":18.0},{"not_picked":["Wild Strike+1","Heavy Blade+1"],"picked":"Warcry","floor":20.0},{"not_picked":["Evolve","Carnage+1"],"picked":"Flex","floor":22.0},{"not_picked":["Warcry","ReplayTheSpireMod:Strike From Hell+1","Thunderclap+1"],"picked":"SKIP","floor":23.0},{"not_picked":["conspire:Charge+1","True Grit"],"picked":"Wild Strike+1","floor":30.0},{"not_picked":["Clash+1","Battle Trance","Rampage+1"],"picked":"SKIP","floor":32.0},{"not_picked":["Rage","Flex","Clash+1"],"picked":"SKIP","floor":33.0},{"not_picked":["Bludgeon+1","Brutality"],"picked":"Berserk","floor":35.0},{"not_picked":["Hemokinesis+1","Perfected Strike+1","Pummel+1"],"picked":"SKIP","floor":38.0},{"not_picked":["Body Slam+1","Heavy Blade+1","Replay:Undeath\u0027s Touch+1"],"picked":"SKIP","floor":39.0},{"not_picked":["Brutality","Heavy Blade+1","Inflame"],"picked":"SKIP","floor":41.0},{"not_picked":["Thunderclap+1","Life Link+1","Power Through+1"],"picked":"SKIP","floor":44.0},{"not_picked":["Flex+1","infinitespire:OneForAll+1","Warcry+1"],"picked":"SKIP","floor":46.0},{"not_picked":["Clash+1","Run Through+1","Sever Soul+1"],"picked":"SKIP","floor":49.0},{"not_picked":["Wild Strike+1","Thunderclap+1","Impervious"],"picked":"SKIP","floor":50.0},{"not_picked":["Madness","ReplayTheSpireMod:Private Reserves"],"picked":"Poisoned Strike+1","floor":51.0}],"player_experience":66208,"relics_obtained":[{"floor":3.0,"key":"Grinning Jar"},{"floor":6.0,"key":"Bronze Scales"},{"floor":8.0,"key":"HornCleat"},{"floor":9.0,"key":"Vajra"},{"floor":11.0,"key":"Molten Egg 2"},{"floor":13.0,"key":"Red Skull"},{"floor":28.0,"key":"Mummified Hand"},{"floor":30.0,"key":"Simple Rune"},{"floor":45.0,"key":"Shuriken"},{"floor":47.0,"key":"Orichalcum"},{"floor":50.0,"key":"conspire:Boomerang"}],"event_choices":[{"cards_removed":["Strike_R"],"damage_healed":0.0,"max_hp_gain":0.0,"max_hp_loss":0.0,"gold_gain":0.0,"event_name":"The Cleric","player_choice":"Card Removal","floor":5.0,"gold_loss":50.0,"damage_taken":0.0},{"damage_healed":0.0,"max_hp_gain":5.0,"max_hp_loss":0.0,"gold_gain":0.0,"event_name":"Forgotten Altar","player_choice":"Shed Blood","floor":19.0,"gold_loss":0.0,"damage_taken":20.0},{"damage_healed":0.0,"max_hp_gain":0.0,"max_hp_loss":0.0,"gold_gain":0.0,"event_name":"Ghosts","player_choice":"Ignored","floor":21.0,"gold_loss":0.0,"damage_taken":0.0},{"cards_removed":["Hemogenesis"],"damage_healed":29.0,"max_hp_gain":10.0,"max_hp_loss":0.0,"gold_gain":0.0,"event_name":"Bonfire Elementals","player_choice":"Offered Rare","floor":24.0,"gold_loss":0.0,"damage_taken":0.0},{"cards_removed":["Pot Of Greed"],"damage_healed":0.0,"max_hp_gain":0.0,"max_hp_loss":0.0,"gold_gain":0.0,"event_name":"Falling","player_choice":"Removed Skill","floor":43.0,"gold_loss":0.0,"damage_taken":0.0},{"damage_healed":0.0,"max_hp_gain":0.0,"max_hp_loss":0.0,"gold_gain":0.0,"event_name":"Wheel of Change","player_choice":"Relic","floor":47.0,"gold_loss":0.0,"damage_taken":0.0},{"damage_healed":0.0,"max_hp_gain":0.0,"max_hp_loss":0.0,"gold_gain":0.0,"event_name":"SensoryStone","player_choice":"Memory 1","floor":51.0,"gold_loss":0.0,"damage_taken":0.0}],"is_beta":false,"boss_relics":[{"not_picked":["energizedSpire:EnergizedDie","Electric Blood"],"picked":"energizedSpire:StickyHand"},{"not_picked":["energizedSpire:RedRose","Replay:Ancient Bell"],"picked":"conspire:RunicOctahedron"}],"items_purged_floors":[],"is_endless":false,"potions_floor_spawned":[1,3,10,12,13,18,22,30,35,38,41,44],"ascension_level":1}}