{"host":"sav7uxregyirlf69","time":1608383200,"event":{"mods":["AchievementEnabler","BaseMod","Colored Map","DeckTracker","Keyboard Shortcuts","Minty Spire (QoL Compilation)","READ ME - Guardian Mod","StSLib","SuperFastMode"],"gold_per_floor":[119,69,81,100,115,115,150,4,4,33,33,47,59,75,75,75,75],"floor_reached":16,"playtime":233,"items_purged":["Strike_R"],"score":114,"play_id":"5bc27618-995d-4734-b75d-3e4c6592f8e0","local_time":"20201219220640","is_ascension_mode":false,"campfire_choices":[{"data":"Armaments","floor":6,"key":"SMITH"},{"data":"Dual Wield","floor":15,"key":"SMITH"}],"circlet_count":0,"master_deck":["Strike_R","Strike_R","Defend_R","Defend_R","Defend_R","Defend_R","Bash","Anger","Armaments+1","Clash","Clash","Immolate","Shockwave","Strike_B","Dual Wield+1"],"relics":["Burning Blood","Anchor","Meat on the Bone","White Beast Statue"],"acts_visited":["Exordium"],"potions_floor_usage":[7,16],"damage_taken":[{"damage":1,"enemies":"Jaw Worm","floor":1,"turns":5},{"damage":0,"enemies":"Small Slimes","floor":3,"turns":3},{"damage":5,"enemies":"Cultist","floor":4,"turns":4},{"damage":4,"enemies":"Large Slime","floor":5,"turns":5},{"damage":6,"enemies":"Gremlin Nob","floor":7,"turns":3},{"damage":20,"enemies":"Lagavulin","floor":10,"turns":5},{"damage":0,"enemies":"Lots of Slimes","floor":12,"turns":1},{"damage":0,"enemies":"Looter","floor":13,"turns":2},{"damage":0,"enemies":"Exordium Thugs","floor":14,"turns":2},{"damage":90,"enemies":"The Guardian","floor":16,"turns":13}],"seed_played":"1855690026843690979","potions_obtained":[{"floor":1,"key":"SteroidPotion"},{"floor":3,"key":"ColorlessPotion"},{"floor":4,"key":"DistilledChaos"},{"floor":10,"key":"Fire Potion"},{"floor":12,"key":"DuplicationPotion"}],"is_trial":false,"path_per_floor":["M","?","M","M","M","R","E","$","T","E","?","M","M","M","R","B"],"character_chosen":"IRONCLAD","items_purchased":["Immolate"],"campfire_rested":0,"item_purchase_floors":[8],"current_hp_per_floor":[88,88,88,88,88,88,88,88,88,74,74,80,86,88,88,0,0],"gold":75,"neow_bonus":"TEN_PERCENT_HP_BONUS","is_daily":false,"chose_seed":false,"campfire_upgraded":2,"win_rate":0.0,"timestamp":1608383200,"path_taken":["M","?","M","M","M","R","E","?","T","E","?","?","M","M","R","BOSS"],"items_purchased_type":["Card"],"build_version":"2020-12-13","purchased_purges":1,"victory":false,"max_hp_per_floor":[88,88,88,88,88,88,88,88,88,88,88,88,88,88,88,88,88],"card_choices":[{"not_picked":["Sentinel","Evolve"],"picked":"Anger","floor":1},{"not_picked":["Clothesline","Headbutt"],"picked":"Armaments","floor":3},{"not_picked":["Anger","Headbutt"],"picked":"Clash","floor":4},{"not_picked":["Fire Breathing","Iron Wave"],"picked":"Clash","floor":5},{"not_picked":["Sentinel","Reckless Charge","Heavy Blade"],"picked":"SKIP","floor":7},{"not_picked":["Ghostly Armor","Warcry"],"picked":"Shockwave","floor":10},{"not_picked":["Fiend Fire","Searing Blow","Body Slam"],"picked":"SKIP","floor":12},{"not_picked":["Wild Strike","Clothesline","Whirlwind"],"picked":"SKIP","floor":13},{"not_picked":["Whirlwind","Dark Embrace"],"picked":"Dual Wield","floor":14}],"player_experience":956706,"relics_obtained":[{"floor":7,"key":"Anchor"},{"floor":9,"key":"Meat on the Bone"},{"floor":10,"key":"White Beast Statue"}],"event_choices":[{"cards_removed":["Strike_R"],"damage_healed":0,"gold_gain":0,"player_choice":"Card Removal","damage_taken":0,"max_hp_gain":0,"max_hp_loss":0,"event_name":"The Cleric","floor":2,"gold_loss":50},{"cards_removed":["Strike_R"],"damage_healed":0,"gold_gain":0,"player_choice":"Took Card","damage_taken":0,"max_hp_gain":0,"max_hp_loss":0,"event_name":"NoteForYourself","floor":11,"gold_loss":0,"cards_obtained":["Strike_B"]}],"is_beta":false,"boss_relics":[],"items_purged_floors":[8],"is_endless":false,"potions_floor_spawned":[1,3,4,10,12,13,14],"killed_by":"The Guardian","ascension_level":0}}