{"host":"12piqfhmdln9x2la","time":1608396260,"event":{"mods":["2.2 Compatiblity","AchievementEnabler","BaseMod","BetterRewards","Colored Powertips","Minty Spire (QoL Compilation)","Quick Restart","SuperFastMode"],"gold_per_floor":[119,119,139,314,314,348,348,380,380,380,380,380,438,455,455,551,551,563,31,31,31,0,0],"floor_reached":22,"playtime":406,"items_purged":["Strike_B"],"score":213,"play_id":"fcfb9ed2-c73d-4c73-932d-cef65f15866c","local_time":"20201220014420","is_ascension_mode":false,"campfire_choices":[{"data":"Static Discharge","floor":7,"key":"SMITH"},{"data":"Zap","floor":10,"key":"SMITH"},{"data":"Skim","floor":12,"key":"SMITH"},{"data":"Capacitor","floor":15,"key":"SMITH"}],"circlet_count":0,"master_deck":["Strike_B","Strike_B","Strike_B","Defend_B","Defend_B","Defend_B","Defend_B","Zap+1","Dualcast","Turbo","Static Discharge+1","Skim+1","Capacitor+1","Ball Lightning","Creative AI","Rebound+1","Compile Driver","Shame"],"relics":["Cracked Core","NeowsBlessing","Juzu Bracelet","Eternal Feather","Strawberry","Bottled Lightning","White Beast Statue","SlaversCollar","Chemical X","Mummified Hand","Enchiridion","Shuriken"],"acts_visited":["Exordium","TheCity"],"potions_floor_usage":[16,16,22],"damage_taken":[{"damage":0,"enemies":"Jaw Worm","floor":1,"turns":1},{"damage":0,"enemies":"Cultist","floor":3,"turns":1},{"damage":0,"enemies":"Lagavulin","floor":6,"turns":1},{"damage":34,"enemies":"3 Sentries","floor":8,"turns":5},{"damage":16,"enemies":"3 Sentries","floor":13,"turns":6},{"damage":4,"enemies":"Small Slimes","floor":14,"turns":3},{"damage":35,"enemies":"The Guardian","floor":16,"turns":9},{"damage":43,"enemies":"Shell Parasite","floor":18,"turns":5},{"damage":30,"enemies":"2 Thieves","floor":22,"turns":2}],"seed_played":"-1642443003894979454","potions_obtained":[{"floor":8,"key":"Energy Potion"},{"floor":13,"key":"Weak Potion"},{"floor":14,"key":"EssenceOfSteel"},{"floor":16,"key":"Strength Potion"},{"floor":18,"key":"Dexterity Potion"}],"is_trial":false,"path_per_floor":["M","?","M","?","?","E","R","E","T","R","?","R","?","M","R","B",null,"M","$","?","?","M"],"character_chosen":"DEFECT","items_purchased":["Chemical X","Mummified Hand","Compile Driver"],"campfire_rested":0,"item_purchase_floors":[19,19,19],"current_hp_per_floor":[75,75,75,75,68,68,74,47,47,53,53,59,43,39,48,13,82,39,39,23,23,0,0],"gold":0,"neow_bonus":"THREE_ENEMY_KILL","is_daily":false,"chose_seed":false,"campfire_upgraded":4,"win_rate":0.0,"timestamp":1608396260,"path_taken":["M","?","M","?","?","E","R","E","T","R","?","R","?","M","R","BOSS","M","$","?","?","M"],"items_purchased_type":["Relic","Relic","Card"],"build_version":"2020-12-13","purchased_purges":1,"victory":false,"max_hp_per_floor":[75,75,75,75,75,75,75,82,82,82,82,82,82,82,82,82,82,82,82,82,82,82,82],"card_choices":[{"not_picked":["Rebound","Steam"],"picked":"Barrage","floor":1},{"not_picked":["Barrage","Steam"],"picked":"Turbo","floor":3},{"not_picked":["Leap","Tempest"],"picked":"Static Discharge","floor":6},{"not_picked":["Compile Driver","Gash"],"picked":"Skim","floor":8},{"not_picked":["Storm","Doom and Gloom"],"picked":"Capacitor","floor":13},{"not_picked":["Stack","Aggregate"],"picked":"Ball Lightning","floor":14},{"not_picked":["Amplify","All For One"],"picked":"Creative AI","floor":16},{"not_picked":["Recycle","Go for the Eyes"],"picked":"Rebound+1","floor":18}],"player_experience":103448,"relics_obtained":[{"floor":6,"key":"Eternal Feather"},{"floor":8,"key":"Strawberry"},{"floor":9,"key":"Bottled Lightning"},{"floor":13,"key":"White Beast Statue"},{"floor":20,"key":"Enchiridion"}],"event_choices":[{"cards_removed":["Barrage"],"damage_healed":0,"gold_gain":0,"player_choice":"Gave Card","damage_taken":0,"relics_obtained":["Juzu Bracelet"],"max_hp_gain":0,"max_hp_loss":0,"event_name":"WeMeetAgain","floor":2,"gold_loss":0},{"damage_healed":0,"gold_gain":175,"player_choice":"AGREE","damage_taken":0,"max_hp_gain":0,"max_hp_loss":0,"event_name":"Liars Game","floor":4,"gold_loss":0,"cards_obtained":["Doubt"]},{"cards_removed":["Doubt"],"damage_healed":0,"gold_gain":0,"player_choice":"Card Removal","damage_taken":7,"max_hp_gain":0,"max_hp_loss":0,"event_name":"Golden Wing","floor":5,"gold_loss":0},{"damage_healed":0,"gold_gain":0,"player_choice":"Bought 0 Potions","damage_taken":0,"max_hp_gain":0,"max_hp_loss":0,"event_name":"The Woman in Blue","floor":11,"gold_loss":0},{"damage_healed":0,"gold_gain":0,"player_choice":"Searched \u00272\u0027 times","damage_taken":0,"max_hp_gain":0,"max_hp_loss":0,"event_name":"Dead Adventurer","floor":13,"gold_loss":0},{"damage_healed":0,"gold_gain":0,"player_choice":"Obtained Book","damage_taken":16,"max_hp_gain":0,"max_hp_loss":0,"event_name":"Cursed Tome","floor":20,"gold_loss":0},{"damage_healed":0,"gold_gain":0,"player_choice":"Stole Relic","damage_taken":0,"relics_obtained":["Shuriken"],"max_hp_gain":0,"max_hp_loss":0,"event_name":"Addict","floor":21,"gold_loss":0,"cards_obtained":["Shame"]}],"is_beta":false,"boss_relics":[{"not_picked":["Busted Crown","Velvet Choker"],"picked":"SlaversCollar"}],"items_purged_floors":[19],"is_endless":false,"potions_floor_spawned":[8,13,14,16,18],"killed_by":"2 Thieves","ascension_level":0}}