{"host":"5tnmlfm2arf82kze","time":1608388565,"event":{"mods":["Act Like it!","BaseMod","CapriCore","Colored Powertips","Gensokyo","Minty Spire (QoL Compilation)","Replay The Spire","RumiaBox-露米娅的神秘盒子","Shop Mod","Spicy Shops","StSLib","Waifu the Spire","Youmu（魂魄妖梦）","【功能Mod】聪明的最终Boss"],"gold_per_floor":[360,360,360,379,396,430,440,468,468,567,16,16,51,51,51,51,51,151,151,161,178,58,58,58,58,92,111,111,136,151,163,163,178,178,278,278,294,344,344,355,366,366,401,38,64,76,111,111,142,162,162,162,162,162,8,35,35],"floor_reached":58,"playtime":8573,"items_purged":[],"score":1712,"play_id":"91a46bea-88f7-4713-a5bc-093dc32f82c3","local_time":"20201219223605","is_ascension_mode":true,"campfire_choices":[{"floor":12.0,"key":"REST"},{"floor":17.0,"key":"REST"},{"floor":25.0,"key":"RECALL"},{"floor":32.0,"key":"REST"},{"data":"TurningAngelCut","floor":34.0,"key":"SMITH"},{"data":"SpiritCuttingSword","floor":42.0,"key":"SMITH"},{"floor":48.0,"key":"REST"},{"data":"SuddenDivineSeveringOfKarmicWind","floor":51.0,"key":"SMITH"},{"data":"FantasyOfEnteringEnlightenment","floor":54.0,"key":"SMITH"}],"circlet_count":1,"master_deck":["Strike_YM","Strike_YM","Strike_YM","Defend_YM","Defend_YM","Defend_YM","Defend_YM","WheelOfPainOfLivingAndDead","WheelOfPainOfLivingAndDead","Defend_R","SpiritCuttingSword+1","ThreeKonsSevenHakus","TurningAngelCut+1","KarmicPunishmentOfTheIdleAndUnfocused","LotusPostureSlash","ObsessionWithThePresentWorld","ReplayTheSpireMod:Splinters","SlashOfTheEternalFuture","GhostSword","CrescentMoonSlash","FantasyOfEnteringEnlightenment+1","CelestialStarSword","CurseOfTheBell","ThreeKonsSevenHakus+1","LowerRealmReflectionSlash","SuddenPhantomFormationSlashOfKarmicWind+1","ObsessionSword+1","ThreeKonsSevenHakus","HeavenlyHaloSlash+1","HumanRealmSword","StrangeHalfBody+1","BloodOfAsura+1","SuddenDivineSeveringOfKarmicWind+1","TransmigrationSlash+1","Pot Of Greed","Pot Of Greed","Pot Of Greed","SanzenSekai+1","HesitationCuttingSword+1","Pot Of Greed","SlashOfMeditation+1"],"relics":["HalfPhantom","Ring of Searing","ReplayTheSpireMod:Ring of Exchange","Happy Flower","Replay:Bottled Flurry","ReplayFunnel","FencingExperience","Potion Belt","Turnip","White Beast Statue","Pear","Replay:Grab Bag","Busted Crown","Circlet","Calling Bell","SoulBox","Strawberry","Frozen Egg 2","Wakizashi","Gensokyo:SpiderMask","Dream Catcher","Centennial Puzzle","Painkiller Herb","Lizard Tail","Garlic","Torii","Replay:Mystery Machine","Grinning Jar","Replay:Rubber Ducky","Gremlin Food"],"acts_visited":["Gensokyo:Gensokyo","Gensokyo:Gensokyoer","TheBeyond","TheEnding"],"potions_floor_usage":[57,57],"damage_taken":[{"damage":5.0,"enemies":"Gensokyo:2_Kodama","floor":1.0,"turns":6.0},{"damage":17.0,"enemies":"Gensokyo:Gryphon","floor":4.0,"turns":5.0},{"damage":0.0,"enemies":"Gensokyo:3_Fairies","floor":5.0,"turns":6.0},{"damage":11.0,"enemies":"Gensokyo:Cirno","floor":6.0,"turns":9.0},{"damage":2.0,"enemies":"Gensokyo:3_Kodama","floor":7.0,"turns":4.0},{"damage":7.0,"enemies":"Gensokyo:Mamizou","floor":8.0,"turns":9.0},{"damage":1.0,"enemies":"Gensokyo:Aya","floor":13.0,"turns":3.0},{"damage":20.0,"enemies":"Gensokyo:Kokoro","floor":18.0,"turns":6.0},{"damage":15.0,"enemies":"Gensokyo:Chomper","floor":20.0,"turns":4.0},{"damage":10.0,"enemies":"Gensokyo:CosmicMonolith","floor":21.0,"turns":4.0},{"damage":5.0,"enemies":"Gensokyo:Tenshi","floor":26.0,"turns":5.0},{"damage":2.0,"enemies":"Gensokyo:Slime_Group","floor":27.0,"turns":3.0},{"damage":1.0,"enemies":"Gensokyo:Koishi","floor":29.0,"turns":8.0},{"damage":2.0,"enemies":"Gensokyo:Swordslinger","floor":30.0,"turns":5.0},{"damage":2.0,"enemies":"Gensokyo:Monolith_and_Dog","floor":31.0,"turns":4.0},{"damage":15.0,"enemies":"Gensokyo:3_Gloops","floor":33.0,"turns":4.0},{"damage":0.0,"enemies":"Gensokyo:Eternal_Rivals","floor":35.0,"turns":8.0},{"damage":16.0,"enemies":"3 Darklings","floor":37.0,"turns":3.0},{"damage":7.0,"enemies":"Mind Bloom Boss Battle","floor":38.0,"turns":5.0},{"damage":0.0,"enemies":"3 Shapes","floor":40.0,"turns":3.0},{"damage":4.0,"enemies":"Spire Growth","floor":41.0,"turns":4.0},{"damage":3.0,"enemies":"Giant Head","floor":43.0,"turns":6.0},{"damage":5.0,"enemies":"Transient","floor":46.0,"turns":5.0},{"damage":7.0,"enemies":"Reptomancer","floor":47.0,"turns":3.0},{"damage":18.0,"enemies":"R_Hoarder","floor":49.0,"turns":4.0},{"damage":9.0,"enemies":"4 Shapes","floor":50.0,"turns":4.0},{"damage":42.0,"enemies":"Awakened One","floor":52.0,"turns":22.0},{"damage":30.0,"enemies":"Shield and Spear","floor":56.0,"turns":4.0},{"damage":29,"enemies":"The Heart","floor":57,"turns":8}],"seed_played":"-1610794024609464334","potions_obtained":[{"floor":5.0,"key":"BlessingOfTheForge"},{"floor":6.0,"key":"Dexterity Potion"},{"floor":8.0,"key":"Toxic Potion"},{"floor":18.0,"key":"Death Potion"},{"floor":26.0,"key":"Weak Potion"},{"floor":27.0,"key":"Toxic Potion"},{"floor":29.0,"key":"AttackPotion"},{"floor":30.0,"key":"LifebloodPotion"},{"floor":31.0,"key":"Doom Potion"},{"floor":33.0,"key":"Fire Potion"},{"floor":35.0,"key":"BlessingOfTheForge"},{"floor":37.0,"key":"Cursed Concoction"},{"floor":40.0,"key":"Adrenaline Potion"},{"floor":47.0,"key":"GamblersBrew"},{"floor":50.0,"key":"Elixir"},{"floor":56.0,"key":"FairyPotion"}],"is_trial":false,"path_per_floor":["M","?","?","M","M","E","M","E","T","?","$","R","E","PTL","PTL","?","R","B",null,"M","M","?","?","$","R","E","M","T","E","M","M","R","M","R","B",null,"?","?","?","?","?","T","E","T","T","?","E","T","E","?","T","B",null,"T","T","E","B",null],"character_chosen":"YOUMU","items_purchased":["Potion Belt","Turnip","EntropicBrew","Torii","SuddenDivineSeveringOfKarmicWind","SwordSoul"],"campfire_rested":4,"item_purchase_floors":[11,11,11,44,44,55],"current_hp_per_floor":[70,70,70,53,53,42,40,33,33,33,33,55,54,54,54,49,74,54,92,77,67,67,67,67,67,62,60,60,59,57,55,82,67,67,67,92,76,69,69,69,65,65,62,62,62,57,66,92,74,82,82,58,92,92,92,87,58],"gold":35,"neow_bonus":"TWO_FIFTY_GOLD","is_daily":false,"chose_seed":false,"campfire_upgraded":4,"win_rate":0.0,"timestamp":1608388565,"path_taken":["M","?","?","M","?","E","M","E","T","?","?","R","E","PTL","PTL","?","R","BOSS","M","?","?","?","?","R","E","M","T","E","?","M","R","M","R","BOSS","?","?","?","?","?","T","E","?","T","?","E","T","E","?","T","BOSS","T","T","E","BOSS"],"items_purchased_type":["Relic","Relic","Potion","Relic","Card","Potion"],"build_version":"2020-12-13","purchased_purges":0,"victory":true,"max_hp_per_floor":[75,75,75,75,75,75,75,75,75,75,75,75,75,75,75,85,85,85,92,92,92,92,92,92,92,92,92,92,92,92,92,92,92,92,92,92,92,92,92,92,92,92,92,92,92,92,92,92,92,92,92,92,92,92,92,92,92],"card_choices":[{"not_picked":["DispleasureOfTheSevenHakus","SlashOfMeditation"],"picked":"SpiritCuttingSword","floor":1.0},{"not_picked":["ConstancyOfTheConventionalTruth","CrescentMoonSlash"],"picked":"ThreeKonsSevenHakus","floor":4.0},{"not_picked":["DispleasureOfTheSevenHakus","SwordExtraction"],"picked":"TurningAngelCut","floor":5.0},{"not_picked":["EchoesOfTheInclemencyOfAllBeings","SanzenSekai"],"picked":"KarmicPunishmentOfTheIdleAndUnfocused","floor":6.0},{"not_picked":["TwoHundredYojanaInOneSlash","LifeCuttingSword"],"picked":"LotusPostureSlash","floor":7.0},{"not_picked":["SwordExtraction","LotusPostureSlash"],"picked":"ObsessionWithThePresentWorld","floor":8.0},{"not_picked":["PretaSword","PhosphoricSlash"],"picked":"SlashOfTheEternalFuture","floor":10.0},{"not_picked":["LowerRealmReflectionSlash","FlashingScatteredFlowers"],"picked":"GhostSword","floor":10.0},{"not_picked":["SlashOfDepartureFromHesitation","SanzenSekai"],"picked":"CrescentMoonSlash","floor":10.0},{"not_picked":["SlashOfMeditation","FiveSignsOfTheDyingDeva"],"picked":"FantasyOfEnteringEnlightenment","floor":13.0},{"not_picked":["SlashOfTheEternalFuture","DeadlyForm"],"picked":"CelestialStarSword","floor":18.0},{"not_picked":[],"picked":"ThreeKonsSevenHakus+1","floor":20.0},{"not_picked":[],"picked":"LowerRealmReflectionSlash","floor":21.0},{"not_picked":[],"picked":"ObsessionSword+1","floor":26.0},{"not_picked":[],"picked":"ThreeKonsSevenHakus","floor":27.0},{"not_picked":["CherryBlossomFlashing"],"picked":"SKIP","floor":29.0},{"not_picked":[],"picked":"HeavenlyHaloSlash+1","floor":30.0},{"not_picked":["CrescentMoonSlash"],"picked":"SKIP","floor":31.0},{"not_picked":[],"picked":"HumanRealmSword","floor":32.0},{"not_picked":["CrescentMoonSlash"],"picked":"SKIP","floor":33.0},{"not_picked":[],"picked":"StrangeHalfBody+1","floor":35.0},{"not_picked":["HumanKnowledgeSword"],"picked":"SKIP","floor":37.0},{"not_picked":[],"picked":"BloodOfAsura+1","floor":38.0},{"not_picked":["HumanKnowledgeSword"],"picked":"SKIP","floor":40.0},{"not_picked":["CherryBlossomFlashing"],"picked":"SKIP","floor":41.0},{"not_picked":["FiveSignsOfTheDyingDeva+1"],"picked":"SKIP","floor":43.0},{"not_picked":[],"picked":"TransmigrationSlash+1","floor":46.0},{"not_picked":["FiveSignsOfTheDyingDeva+1"],"picked":"SKIP","floor":47.0},{"not_picked":[],"picked":"SanzenSekai+1","floor":48.0},{"not_picked":[],"picked":"HesitationCuttingSword+1","floor":49.0},{"not_picked":["SlashOfAscensionToBuddhahood"],"picked":"SKIP","floor":50.0},{"not_picked":[],"picked":"SlashOfMeditation+1","floor":56.0}],"player_experience":175519,"relics_obtained":[{"floor":2.0,"key":"Ring of Searing"},{"floor":2.0,"key":"ReplayTheSpireMod:Ring of Exchange"},{"floor":6.0,"key":"Replay:Bottled Flurry"},{"floor":8.0,"key":"ReplayFunnel"},{"floor":9.0,"key":"FencingExperience"},{"floor":13.0,"key":"White Beast Statue"},{"floor":19.0,"key":"Strawberry"},{"floor":19.0,"key":"Frozen Egg 2"},{"floor":19.0,"key":"Wakizashi"},{"floor":26.0,"key":"Dream Catcher"},{"floor":29.0,"key":"Centennial Puzzle"},{"floor":38.0,"key":"Lizard Tail"},{"floor":43.0,"key":"Garlic"},{"floor":45.0,"key":"Replay:Mystery Machine"},{"floor":47.0,"key":"Grinning Jar"},{"floor":49.0,"key":"Replay:Rubber Ducky"},{"floor":56.0,"key":"Gremlin Food"}],"event_choices":[{"damage_healed":0.0,"max_hp_gain":0.0,"max_hp_loss":0.0,"gold_gain":0.0,"event_name":"MindBloom","player_choice":"Fight","floor":38.0,"gold_loss":0.0,"damage_taken":0.0},{"cards_removed":["Strike_YM"],"damage_healed":0.0,"max_hp_gain":0.0,"max_hp_loss":0.0,"gold_gain":0.0,"event_name":"Falling","player_choice":"Removed Attack","floor":39.0,"gold_loss":0.0,"damage_taken":0.0}],"is_beta":false,"boss_relics":[{"not_picked":["Snecko Eye","Runic Pyramid"],"picked":"Replay:Grab Bag"},{"not_picked":["Sozu","Coffee Dripper"],"picked":"Busted Crown"},{"not_picked":["Runic Dome","Velvet Choker"],"picked":"Circlet"},{"not_picked":["Honey Jar","AddBug"],"picked":"Calling Bell"},{"not_picked":["Tiny House","Empty Cage"],"picked":"SoulBox"},{"not_picked":["ReplayTheSpireMod:CursedCoin","Strange Spoon"],"picked":"Painkiller Herb"}],"items_purged_floors":[],"is_endless":false,"potions_floor_spawned":[5,6,8,18,20,21,26,27,29,30,31,33,35,37,38,40,41,43,46,47,49,50,56],"ascension_level":4}}