{"host":"ze754j8gfb8asmsl","time":1608370194,"event":{"mods":["BaseMod","Lobotomy","LobotomyExtend","Marisa（F雨　魔理沙）","Minty Spire (QoL Compilation)","Quick Restart","Relic Stats","Replay The Spire","RumiaBox-露米娅的神秘盒子","Shop Mod","StSLib","vexMod","【东方二次创作】八云紫mod","【功能Mod】混沌之环修复补丁","【遗物卡牌】REMEMod"],"gold_per_floor":[109,109,122,72,92,92,1,42,42,137,178,234,234,268,268,404,1070,1091,1119,1139,1162,445,445,445,484,484,484,512,536,635,684,684,817,817,846,903,903,903,343,395,401,477,547,236,295,295,80,413,413,394],"floor_reached":51,"playtime":3894,"items_purged":["Strike_R","Bash"],"score":1262,"play_id":"c33c48e9-ae21-49f7-a62b-364f7246e146","local_time":"20201219172954","is_ascension_mode":true,"campfire_choices":[{"data":"After Image","floor":6.0,"key":"SMITH"},{"data":"Specialist","floor":15.0,"key":"SMITH"},{"data":"Metallicize","floor":23,"key":"SMITH"},{"data":"ReplayTheSpireMod:Strike From Hell","floor":23,"key":"SMITH"},{"data":"Defend_R","floor":32,"key":"SMITH"},{"data":"Defend_R","floor":32,"key":"SMITH"},{"data":"1","floor":49,"key":"LIFT"}],"circlet_count":0,"master_deck":["Defend_R+3","Defend_R+3","Defend_R+2","After Image+1","Impervious+1","Metallicize+1","Specialist+1","True Grit+1","ReplayTheSpireMod:Strike From Hell+1","Second Wind+1","Armaments+1","Battle Trance+1","Warcry+1","Ghostly Armor+1","Entrench+1","Feel No Pain+1","REME_ACTH+1","Entrench+1","Pot Of Greed+1","Pot Of Greed+1"],"relics":["Burning Blood","REME_ComplimentaryCards","Snecko Eye","Red Skull","Toxic Egg 2","Durian","Baka","LetterFromLob","PreservedInsect","REME_ArchaeologicalTools","vexMod:BarristanHead","vexMod:RockOfEvil","MerchantsRug","Replay:Arrowhead","ReplayTheSpireMod:Lightbulb","REME_HandOfSuture","ReplayTheSpireMod:TigerMarble","Ooze Armor","ClockworkSouvenir","Simple Rune","ChaoDraw","Replay:Multitool","Ancient Tea Set","RedMistMask","Mummified Hand","REME_OnlineShoppingPlatform","MagicDraw4","The Courier","TheAbacus","Blood Vial","Boot","MagicDraw3","Happy Flower","Lizard Tail","Bag of Preparation","Eternal Feather","MagicDraw1","MealTicket","Art of War","REME_PuzzleBoxRelic","Molten Egg 2","GodSword6","Centennial Puzzle","vexMod:CardConverter","Pen Nib","Whetstone","REME_LimitBreaker","SSSystem","Grinning Jar","Juzu Bracelet","Vajra","Orichalcum","Singing Bowl","Garlic","Replay:Wax Seal","StoneCalendar","ReplayTheSpireMod:Spearhead","Self Forming Clay","Thread and Needle","Shovel","LastBattle","Potion Belt","InkBottle","ReplayTheSpireMod:Ninjato","Oddly Smooth Stone","Blue Doll","vexMod:FocusSash","Replay:Rubber Ducky","Iron Hammer","Replay:Bottled Snecko","Lantern","Regal Pillow","Nunchaku","Anchor","Girya","Replay:Baseball","Bronze Scales","Strawberry","vexMod:InvisibilityCloak","TungstenRod","Sundial","Gremlin Food","Divine Protection","Letter Opener","Replay:Bottled Steam"],"acts_visited":["Exordium","TheCity","TheBeyond"],"potions_floor_usage":[16,31,42,47,47,47,47,47,50,50],"damage_taken":[{"damage":2.0,"enemies":"Jaw Worm","floor":1.0,"turns":3.0},{"damage":5.0,"enemies":"2 Louse","floor":3.0,"turns":4.0},{"damage":0.0,"enemies":"Small Slimes","floor":5.0,"turns":4.0},{"damage":27.0,"enemies":"Lagavulin","floor":8.0,"turns":6.0},{"damage":11.0,"enemies":"Gremlin Nob","floor":10.0,"turns":4.0},{"damage":20.0,"enemies":"Exordium Wildlife","floor":11.0,"turns":6.0},{"damage":10.0,"enemies":"3 Sentries","floor":12.0,"turns":4.0},{"damage":4.0,"enemies":"Blue Slaver","floor":14.0,"turns":3.0},{"damage":23,"enemies":"The Guardian","floor":16,"turns":6},{"damage":0,"enemies":"Spheric Guardian","floor":18,"turns":3},{"damage":1,"enemies":"3 Byrds","floor":19,"turns":3},{"damage":0,"enemies":"Centurion and Healer","floor":20,"turns":3},{"damage":0,"enemies":"Snecko","floor":21,"turns":4},{"damage":0,"enemies":"Gremlin Leader","floor":25,"turns":4},{"damage":7,"enemies":"Snake Plant","floor":28,"turns":3},{"damage":0,"enemies":"Book of Stabbing","floor":29,"turns":3},{"damage":0,"enemies":"Gremlin Leader","floor":31,"turns":4},{"damage":0,"enemies":"Champ","floor":33,"turns":6},{"damage":0,"enemies":"3 Darklings","floor":35,"turns":2},{"damage":0,"enemies":"Orb Walker","floor":36,"turns":2},{"damage":0,"enemies":"Reptomancer","floor":40,"turns":2},{"damage":0,"enemies":"Reptomancer","floor":41,"turns":5},{"damage":0,"enemies":"R_Hoarder","floor":42,"turns":3},{"damage":0,"enemies":"Giant Head","floor":45,"turns":3},{"damage":0,"enemies":"Awakened One","floor":50,"turns":2}],"seed_played":"-2181905570795795212","potions_obtained":[{"floor":5.0,"key":"Energy Potion"},{"floor":11.0,"key":"Dexterity Potion"},{"floor":18,"key":"Elixir"},{"floor":25,"key":"SkillPotion"},{"floor":29,"key":"SmokeBomb"},{"floor":36,"key":"LiquidBronze"},{"floor":40,"key":"Adrenaline Potion"}],"is_trial":false,"path_per_floor":["M","?","M","?","M","R","$","E","T","E","M","E","?","M","R","B",null,"M","M","M","M","$","R","M","E","T","?","M","E","?","E","R","B",null,"M","M","?","?","$","E","R","E","T","$","E","R","$","?","R","B",null],"character_chosen":"IRONCLAD","items_purchased":["Specialist","MerchantsRug","Replay:Arrowhead","ReplayTheSpireMod:Lightbulb","ClockworkSouvenir","Simple Rune","ChaoDraw","REME_OnlineShoppingPlatform","MagicDraw4","Entrench+1","TheAbacus","Blood Vial","Boot","MagicDraw3","Happy Flower","Lizard Tail","Bag of Preparation","Eternal Feather","MagicDraw1","MealTicket","Art of War","REME_PuzzleBoxRelic","Molten Egg 2","GodSword6","Centennial Puzzle","vexMod:CardConverter","Pen Nib","Whetstone","REME_LimitBreaker","SSSystem","Grinning Jar","Juzu Bracelet","Vajra","Orichalcum","Singing Bowl","Garlic","Replay:Wax Seal","StoneCalendar","ReplayTheSpireMod:Spearhead","Self Forming Clay","Thread and Needle","Shovel","LastBattle","Potion Belt","InkBottle","ReplayTheSpireMod:Ninjato","Oddly Smooth Stone","Blue Doll","vexMod:FocusSash","Replay:Rubber Ducky","Iron Hammer","Replay:Bottled Snecko","Lantern","Regal Pillow","Nunchaku","Anchor","Girya","Replay:Baseball","Bronze Scales","Strawberry","vexMod:InvisibilityCloak","TungstenRod","Sundial","Gremlin Food","Divine Protection","Letter Opener","Replay:Bottled Steam"],"campfire_rested":0,"item_purchase_floors":[7,22,22,22,39,39,39,44,44,44,47,47,47,47,47,47,47,47,47,47,47,47,47,47,47,47,47,47,47,47,47,47,47,47,47,47,47,47,47,47,47,47,47,47,47,47,47,47,47,47,47,47,47,47,47,47,47,47,47,47,47,47,47,47,47,47,47],"current_hp_per_floor":[85,64,65,65,71,71,71,50,50,45,31,27,27,29,29,12,43,43,43,43,43,43,43,43,43,57,57,56,57,57,57,57,57,57,57,59,59,59,59,59,59,59,59,59,59,59,95,95,95,95],"gold":394,"neow_bonus":"DOUBLE_BOSS_RELIC","is_daily":false,"chose_seed":false,"campfire_upgraded":6,"win_rate":0.0,"timestamp":1608370194,"path_taken":["M","?","M","?","M","R","$","E","T","E","M","E","?","M","R","BOSS","M","M","M","M","$","R","M","E","T","?","M","E","?","E","R","BOSS","M","M","?","?","?","E","R","E","T","$","E","R","$","?","R","BOSS"],"items_purchased_type":["Card","Relic","Relic","Relic","Relic","Relic","Relic","Relic","Relic","Card","Relic","Relic","Relic","Relic","Relic","Relic","Relic","Relic","Relic","Relic","Relic","Relic","Relic","Relic","Relic","Relic","Relic","Relic","Relic","Relic","Relic","Relic","Relic","Relic","Relic","Relic","Relic","Relic","Relic","Relic","Relic","Relic","Relic","Relic","Relic","Relic","Relic","Relic","Relic","Relic","Relic","Relic","Card","Relic","Relic","Relic","Relic","Relic","Relic","Relic","Relic","Relic","Relic","Relic","Relic","Relic","Relic"],"build_version":"2020-12-13","purchased_purges":2,"victory":true,"max_hp_per_floor":[85,85,85,85,85,85,85,85,85,85,85,85,85,85,85,85,43,43,43,43,43,43,43,43,43,57,57,57,57,57,57,57,57,57,57,59,59,59,59,59,59,59,59,59,59,59,95,95,95,95],"relic_stats":{"Regal Pillow":0,"Singing Bowl":0,"StoneCalendar":[0],"Bag of Preparation":[1],"Juzu Bracelet":0,"Whetstone":[],"Boot":[0],"Burning Blood":64,"Blood Vial":0,"Lizard Tail":0,"Centennial Puzzle":[0],"Nunchaku":[0],"TheAbacus":[12],"Shovel":0,"Mummified Hand":[11],"Sundial":[0],"MealTicket":0,"InkBottle":[3],"Happy Flower":[0],"counters":[25,92],"Self Forming Clay":[0],"Eternal Feather":0,"PreservedInsect":481,"Pen Nib":[0],"Letter Opener":[45],"Orichalcum":[6],"Bronze Scales":[0],"Snecko Eye":[199,168,174,192],"Art of War":[0],"obtain_stats":[{"Divine Protection":47,"SSSystem":47,"Vajra":47,"Whetstone":47,"MagicDraw4":44,"vexMod:RockOfEvil":17,"Boot":47,"MagicDraw3":47,"MagicDraw1":47,"Blood Vial":47,"vexMod:InvisibilityCloak":47,"Lizard Tail":47,"Centennial Puzzle":47,"vexMod:CardConverter":47,"Sundial":47,"Strawberry":47,"MealTicket":47,"Iron Hammer":47,"REME_ArchaeologicalTools":9,"Toxic Egg 2":0,"Replay:Wax Seal":47,"REME_OnlineShoppingPlatform":44,"Replay:Bottled Steam":47,"MerchantsRug":22,"Girya":47,"Happy Flower":47,"Oddly Smooth Stone":47,"Eternal Feather":47,"Pen Nib":47,"Letter Opener":47,"War Paint":12,"REME_LimitBreaker":47,"ReplayTheSpireMod:Spearhead":47,"Replay:Baseball":47,"Ooze Armor":34,"Bronze Scales":47,"Snecko Eye":0,"Simple Rune":39,"Molten Egg 2":47,"ReplayTheSpireMod:TigerMarble":31,"GodSword6":47,"Grinning Jar":47,"Lantern":47,"Regal Pillow":47,"Singing Bowl":47,"Mango":26,"StoneCalendar":47,"Blue Doll":47,"Replay:Multitool":40,"Bag of Preparation":47,"Juzu Bracelet":47,"Ancient Tea Set":42,"Burning Blood":0,"ClockworkSouvenir":39,"Replay:Rubber Ducky":47,"Dream Catcher":29,"Nunchaku":47,"TheAbacus":47,"Shovel":47,"Mummified Hand":43,"Replay:Bottled Snecko":47,"Red Skull":0,"InkBottle":47,"Potion Belt":47,"Gremlin Food":47,"ReplayTheSpireMod:Ninjato":47,"Golden Idol":2,"Self Forming Clay":47,"Thread and Needle":47,"PreservedInsect":8,"The Courier":45,"Baka":1,"vexMod:FocusSash":47,"Orichalcum":47,"LastBattle":47,"Replay:Arrowhead":22,"ChaoDraw":39,"Calling Bell":0,"Anchor":47,"vexMod:BarristanHead":10,"REME_HandOfSuture":25,"RedMistMask":42,"Durian":0,"LetterFromLob":3,"Art of War":47,"Garlic":47,"REME_PuzzleBoxRelic":47,"ReplayTheSpireMod:Lightbulb":22,"TungstenRod":47,"REME_ComplimentaryCards":0},{"Divine Protection":24,"SSSystem":24,"Vajra":24,"Whetstone":24,"MagicDraw4":23,"vexMod:RockOfEvil":9,"Boot":24,"MagicDraw3":24,"MagicDraw1":24,"Blood Vial":24,"vexMod:InvisibilityCloak":24,"Lizard Tail":24,"Centennial Puzzle":24,"vexMod:CardConverter":24,"Sundial":24,"Strawberry":24,"MealTicket":24,"Iron Hammer":24,"REME_ArchaeologicalTools":4,"Toxic Egg 2":0,"Replay:Wax Seal":24,"REME_OnlineShoppingPlatform":23,"Replay:Bottled Steam":24,"MerchantsRug":13,"Girya":24,"Happy Flower":24,"Oddly Smooth Stone":24,"Eternal Feather":24,"Pen Nib":24,"Letter Opener":24,"War Paint":7,"REME_LimitBreaker":24,"ReplayTheSpireMod:Spearhead":24,"Replay:Baseball":24,"Ooze Armor":18,"Bronze Scales":24,"Snecko Eye":0,"Simple Rune":20,"Molten Egg 2":24,"ReplayTheSpireMod:TigerMarble":17,"GodSword6":24,"Grinning Jar":24,"Lantern":24,"Regal Pillow":24,"Singing Bowl":24,"Mango":14,"StoneCalendar":24,"Blue Doll":24,"Replay:Multitool":21,"Bag of Preparation":24,"Juzu Bracelet":24,"Ancient Tea Set":23,"Burning Blood":0,"ClockworkSouvenir":20,"Replay:Rubber Ducky":24,"Dream Catcher":16,"Nunchaku":24,"TheAbacus":24,"Shovel":24,"Mummified Hand":23,"Replay:Bottled Snecko":24,"Red Skull":0,"InkBottle":24,"Potion Belt":24,"Gremlin Food":24,"ReplayTheSpireMod:Ninjato":24,"Golden Idol":1,"Self Forming Clay":24,"Thread and Needle":24,"PreservedInsect":4,"The Courier":24,"Baka":1,"vexMod:FocusSash":24,"Orichalcum":24,"LastBattle":24,"Replay:Arrowhead":13,"ChaoDraw":20,"Calling Bell":0,"Anchor":24,"vexMod:BarristanHead":5,"REME_HandOfSuture":14,"RedMistMask":23,"Durian":0,"LetterFromLob":2,"Art of War":24,"Garlic":24,"REME_PuzzleBoxRelic":24,"ReplayTheSpireMod:Lightbulb":13,"TungstenRod":24,"REME_ComplimentaryCards":0},{"Divine Protection":90,"SSSystem":90,"Vajra":90,"Whetstone":90,"MagicDraw4":87,"vexMod:RockOfEvil":40,"Boot":90,"MagicDraw3":90,"MagicDraw1":90,"Blood Vial":90,"vexMod:InvisibilityCloak":90,"Lizard Tail":90,"Centennial Puzzle":90,"vexMod:CardConverter":90,"Sundial":90,"Strawberry":90,"MealTicket":90,"Iron Hammer":90,"REME_ArchaeologicalTools":17,"Toxic Egg 2":0,"Replay:Wax Seal":90,"REME_OnlineShoppingPlatform":87,"Replay:Bottled Steam":90,"MerchantsRug":53,"Girya":90,"Happy Flower":90,"Oddly Smooth Stone":90,"Eternal Feather":90,"Pen Nib":90,"Letter Opener":90,"War Paint":31,"REME_LimitBreaker":90,"ReplayTheSpireMod:Spearhead":90,"Replay:Baseball":90,"Ooze Armor":73,"Bronze Scales":90,"Snecko Eye":0,"Simple Rune":77,"Molten Egg 2":90,"ReplayTheSpireMod:TigerMarble":67,"GodSword6":90,"Grinning Jar":90,"Lantern":90,"Regal Pillow":90,"Singing Bowl":90,"Mango":57,"StoneCalendar":90,"Blue Doll":90,"Replay:Multitool":79,"Bag of Preparation":90,"Juzu Bracelet":90,"Ancient Tea Set":87,"Burning Blood":0,"ClockworkSouvenir":77,"Replay:Rubber Ducky":90,"Dream Catcher":63,"Nunchaku":90,"TheAbacus":90,"Shovel":90,"Mummified Hand":87,"Replay:Bottled Snecko":90,"Red Skull":0,"InkBottle":90,"Potion Belt":90,"Gremlin Food":90,"ReplayTheSpireMod:Ninjato":90,"Golden Idol":3,"Self Forming Clay":90,"Thread and Needle":90,"PreservedInsect":17,"The Courier":90,"Baka":3,"vexMod:FocusSash":90,"Orichalcum":90,"LastBattle":90,"Replay:Arrowhead":53,"ChaoDraw":77,"Calling Bell":0,"Anchor":90,"vexMod:BarristanHead":21,"REME_HandOfSuture":57,"RedMistMask":87,"Durian":0,"LetterFromLob":7,"Art of War":90,"Garlic":90,"REME_PuzzleBoxRelic":90,"ReplayTheSpireMod:Lightbulb":53,"TungstenRod":90,"REME_ComplimentaryCards":0}],"TungstenRod":0},"card_choices":[{"not_picked":["ReplayTheSpireMod:Strike From Hell","Twin Strike","Headbutt"],"picked":"SKIP","floor":1.0},{"not_picked":["Flex+1","Clothesline"],"picked":"Impervious+1","floor":3.0},{"not_picked":["Combust","Perfected Strike"],"picked":"Metallicize","floor":5.0},{"not_picked":["Cleave","Headbutt"],"picked":"True Grit+1","floor":8.0},{"not_picked":["Havoc+1","Evolve"],"picked":"ReplayTheSpireMod:Strike From Hell","floor":10.0},{"not_picked":["Headbutt","Pommel Strike"],"picked":"Second Wind+1","floor":11.0},{"not_picked":["Rupture","Headbutt","Warcry+1"],"picked":"SKIP","floor":12.0},{"not_picked":["Wild Strike","Blood for Blood"],"picked":"Armaments+1","floor":14.0},{"not_picked":["Sentinel+1","Inflame"],"picked":"Battle Trance+1","floor":18},{"not_picked":["Whirlwind+1","Combust"],"picked":"Warcry+1","floor":19},{"not_picked":["Inflame","Anger","Flex+1"],"picked":"SKIP","floor":20},{"not_picked":["Seeing Red+1","Armaments+1"],"picked":"Ghostly Armor+1","floor":21},{"not_picked":["Carnage","Corruption"],"picked":"Entrench+1","floor":25},{"not_picked":["Thunderclap+1","Armaments+1","Fire Breathing+1"],"picked":"SKIP","floor":28},{"not_picked":["REME_Cut+1","Sword Boomerang"],"picked":"Feel No Pain+1","floor":29},{"not_picked":["Sword Boomerang+1","Heavy Blade","Life Link"],"picked":"SKIP","floor":31},{"not_picked":["Demonic Infusion+1","Exhume+1"],"picked":"REME_ACTH+1","floor":33},{"not_picked":["Fire Breathing+1","Body Slam","Anger"],"picked":"SKIP","floor":35},{"not_picked":["Havoc+1","Thunderclap+1","Sword Boomerang"],"picked":"SKIP","floor":36},{"not_picked":["Inflame+1","Pummel+1","Headbutt+1"],"picked":"SKIP","floor":40},{"not_picked":["Immolate","ReplayTheSpireMod:Muscle Training+1","Headbutt+1"],"picked":"SKIP","floor":42},{"not_picked":["Cleave","Flame Barrier+1","Uppercut+1"],"picked":"SKIP","floor":45}],"player_experience":132722,"relics_obtained":[{"floor":0.0,"key":"Red Skull"},{"floor":0.0,"key":"Toxic Egg 2"},{"floor":0.0,"key":"Durian"},{"floor":1.0,"key":"Baka"},{"floor":3.0,"key":"LetterFromLob"},{"floor":8.0,"key":"PreservedInsect"},{"floor":9.0,"key":"REME_ArchaeologicalTools"},{"floor":10.0,"key":"vexMod:BarristanHead"},{"floor":12.0,"key":"War Paint"},{"floor":25,"key":"REME_HandOfSuture"},{"floor":26,"key":"Mango"},{"floor":29,"key":"Dream Catcher"},{"floor":31,"key":"ReplayTheSpireMod:TigerMarble"},{"floor":40,"key":"Replay:Multitool"},{"floor":42,"key":"Ancient Tea Set"},{"floor":42,"key":"RedMistMask"},{"floor":43,"key":"Mummified Hand"},{"floor":45,"key":"The Courier"}],"event_choices":[{"damage_healed":0.0,"max_hp_gain":0.0,"max_hp_loss":0.0,"gold_gain":0.0,"event_name":"Golden Idol","player_choice":"Take Damage","floor":2.0,"gold_loss":0.0,"damage_taken":21.0,"relics_obtained":["Golden Idol"]},{"cards_removed":["Strike_R"],"damage_healed":0.0,"max_hp_gain":0.0,"max_hp_loss":0.0,"gold_gain":0.0,"event_name":"The Cleric","player_choice":"Card Removal","floor":4.0,"gold_loss":50.0,"damage_taken":0.0},{"cards_removed":["Strike_R"],"damage_healed":0.0,"max_hp_gain":0.0,"max_hp_loss":0.0,"gold_gain":0.0,"event_name":"Living Wall","player_choice":"Forget","floor":13.0,"gold_loss":0.0,"damage_taken":0.0},{"cards_removed":["Strike_R"],"damage_healed":0,"gold_gain":0,"player_choice":"Elegance","damage_taken":0,"max_hp_gain":0,"max_hp_loss":0,"event_name":"Back to Basics","floor":27,"gold_loss":0},{"damage_healed":0,"gold_gain":99,"player_choice":"Stole From Cult","damage_taken":0,"max_hp_gain":0,"max_hp_loss":0,"event_name":"Nest","floor":30,"gold_loss":0},{"cards_removed":["Strike_R"],"damage_healed":0,"gold_gain":0,"player_choice":"Removed Attack","damage_taken":0,"max_hp_gain":0,"max_hp_loss":0,"event_name":"Falling","floor":37,"gold_loss":0},{"cards_removed":["Defend_R"],"damage_healed":0,"gold_gain":0,"player_choice":"Purged","damage_taken":0,"max_hp_gain":0,"max_hp_loss":0,"event_name":"Purifier","floor":46,"gold_loss":0},{"damage_healed":0,"gold_gain":333,"player_choice":"Gave Idol","damage_taken":0,"max_hp_gain":0,"max_hp_loss":0,"event_name":"The Moai Head","floor":48,"relics_lost":["Golden Idol"],"gold_loss":0}],"is_beta":false,"boss_relics":[{"not_picked":["Runic Cube","Ectoplasm"],"picked":"vexMod:RockOfEvil"},{"not_picked":["ReplayTheSpireMod:DimensionalGlitch","REME_LowDesire"],"picked":"Ooze Armor"}],"items_purged_floors":[22,39],"is_endless":false,"potions_floor_spawned":[5,11,18,25,29,36,40,41],"ascension_level":1}}