{"host":"vufxz1jdl6xr1o6x","time":1608420122,"event":{"mods":["AchievementEnabler","Act Like it!","Aspiration","Bard","BaseMod","Beaked The Cultist","Better Altar","Better Note","Better Sensory Stone","Better Skull","Better Third Choice","Better Vampires","BetterRewards","CCEM","CapriCore","Clawfect","Colored Map","Conspire","Downfall","GifTheSpireLib","Halation","Hermit","Highlight Path","Hubris","Infinite Spire","Jedi Mod","Jorbs\u0027s Wanderer Trilogy","Mad Scientist","Mimic Mod","Minty Spire (QoL Compilation)","Permanent Neow","Replay The Spire","Reworked Bosses","Shade Mod","Shop Mod","Spicy Shops","StSLib","Stuff the Spire","The Administrix","The Blackbeard","The Bug Knight","The Construct","The Cursed","The Disciple","The Gatherer","The Hierophant","The Immortal","The IronCluck","The Jungle","The Mystic","The Necromancer","The Problem Sleuth","The Runesmith","The Servant 0.9.4","The Spell Scribe","The Witch","Unceasing Turn Reminder","everything is the same but u backflip on backflip"],"gold_per_floor":[111,111,129,129,2,35,38,38,38,38,58,58,58,98,149,139,139],"floor_reached":16,"playtime":646,"items_purged":[],"score":98,"play_id":"280cef05-38d6-48b4-a288-d347aff29ff7","local_time":"20201220002202","is_ascension_mode":false,"campfire_choices":[{"data":"hierophant:EyeForCoin","floor":12,"key":"SMITH"}],"circlet_count":0,"master_deck":["hierophant:Strike_Hierophant","hierophant:Strike_Hierophant","hierophant:Strike_Hierophant","hierophant:Strike_Hierophant","hierophant:Punish","hierophant:Defend_Hierophant","hierophant:Defend_Hierophant","hierophant:Defend_Hierophant","hierophant:Defend_Hierophant","hierophant:ChurchCoffers+1","hierophant:Community","hierophant:EyeForCoin+1","hierophant:Endure","hierophant:Prophecy","hierophant:Doubloon+1"],"relics":["hierophant:PropheticMaskRelic","NeowsBlessing","halation:EternalFortune","Replay:Bottled Steam","Prayer Wheel","Pantograph","hubris:BottledRain"],"acts_visited":["Exordium"],"potions_floor_usage":[16,16,16],"damage_taken":[{"damage":0,"enemies":"Small Slimes","floor":1,"turns":1},{"damage":0,"enemies":"2 Louse","floor":3,"turns":1},{"damage":4,"enemies":"3 Sentries","floor":6,"turns":2},{"damage":17,"enemies":"Jaw Worm","floor":7,"turns":7},{"damage":0,"enemies":"3 Louse","floor":11,"turns":3},{"damage":72,"enemies":"Hexaghost","floor":16,"turns":12}],"seed_played":"7660368342342433825","potions_obtained":[{"floor":14,"key":"Flashbang"},{"floor":14,"key":"Fire Potion"},{"floor":14,"key":"Fruit Juice"}],"is_trial":false,"path_per_floor":["M","?","M","?","$","E","M","?","T","$","M","R","?","?","R_BF","B"],"character_chosen":"HIEROPHANT","items_purchased":["Replay:Bottled Steam"],"campfire_rested":0,"item_purchase_floors":[5],"current_hp_per_floor":[75,75,75,78,78,74,57,57,57,57,57,57,57,38,38,0,0],"gold":139,"neow_bonus":"THREE_ENEMY_KILL","is_daily":false,"chose_seed":false,"campfire_upgraded":1,"win_rate":0.0,"timestamp":1608420122,"path_taken":["M","?","M","?","$","E","M","?","T","$","?","R","?","?","R_BF","BOSS"],"items_purchased_type":["Relic"],"build_version":"2020-12-13","purchased_purges":0,"victory":false,"max_hp_per_floor":[75,75,75,78,78,78,78,78,78,78,78,78,78,78,78,83,83],"card_choices":[{"not_picked":["hierophant:Purify","hierophant:HammerAndAnvil","hierophant:Sermon"],"picked":"SKIP","floor":1},{"not_picked":["hierophant:RepressedViolence","hierophant:FlamingChariot"],"picked":"hierophant:Community","floor":3},{"not_picked":["hierophant:PassingBell","hierophant:Exaltation"],"picked":"hierophant:EyeForCoin","floor":6},{"not_picked":["hierophant:Embezzle","hierophant:SecretStash"],"picked":"hierophant:Endure","floor":7},{"not_picked":["hierophant:HammerAndAnvil","hierophant:Purify","hierophant:RustyCrate"],"picked":"SKIP","floor":7},{"not_picked":["hierophant:Doubloon","hierophant:ThreeLashes","hierophant:RepressedViolence"],"picked":"SKIP","floor":11},{"not_picked":["hierophant:FlamingChariot","hierophant:RepressedViolence","hierophant:OrnateJavelin"],"picked":"SKIP","floor":11},{"not_picked":["hierophant:RustyCrate","hierophant:AuricBeam"],"picked":"hierophant:Prophecy","floor":14}],"player_experience":95834,"relics_obtained":[{"floor":6,"key":"Prayer Wheel"},{"floor":9,"key":"Pantograph"},{"floor":13,"key":"hubris:BottledRain"}],"event_choices":[],"is_beta":false,"boss_relics":[],"items_purged_floors":[],"is_endless":false,"potions_floor_spawned":[],"killed_by":"Hexaghost","ascension_level":0}}