{"host":"xd92u7alcwi518yp","time":1608407240,"event":{"mods":["BaseMod","BetterRewards","Colored Map","Colored Powertips","Dota2Spire","Minty Spire (QoL Compilation)","Quick Restart","StSLib"],"gold_per_floor":[111,127,147,163,180,180,206,206,233,253,281,281,344,385,385,510,510,526,168,168,168,211,267,312,312,312,312,322,385,385,425,425,555,555,603,153,194,44,124,187,187,38,38,81,128,171,236,283,283,313,313,313,68,130,130,130],"floor_reached":55,"playtime":5907,"items_purged":[],"score":841,"play_id":"66d320af-8771-48e0-bfed-49d10916375f","local_time":"20201219114720","is_ascension_mode":false,"campfire_choices":[{"data":"Alpha","floor":6,"key":"SMITH"},{"floor":12,"key":"REST"},{"floor":15,"key":"REST"},{"floor":25,"key":"REST"},{"floor":27,"key":"RECALL"},{"data":"Vigilance","floor":32,"key":"SMITH"},{"floor":41,"key":"REST"},{"floor":49,"key":"REST"},{"floor":52,"key":"REST"}],"circlet_count":0,"master_deck":["Strike_P+1","Strike_P+1","Strike_P+1","Strike_P+1","Defend_P+1","Defend_P+1","Defend_P+1","Defend_P+1","Eruption","Vigilance+1","Ragnarok","EmptyFist","Perseverance","WreathOfFlame","Consecrate","Alpha+1","FTL+1","FearNoEvil","LessonLearned","Prostrate","Swivel","SpiritShield","EmptyBody","EmptyBody+1","FlurryOfBlows","Worship+1","EmptyFist+1","SpiritShield","JustLucky+1","LessonLearned","Crescendo","Swivel+1","ClearTheMind+1","Worship+1","LikeWater","LikeWater","Evaluate","Perseverance","Worship","ThirdEye","MentalFortress+1","Prostrate+1","FlurryOfBlows+1","ThirdEye","CrushJoints+1"],"relics":["PureWater","TungstenRod","Dota2Spire:HandOfMidas","Dota2Spire:Vanguard","VioletLotus","Dota2Spire:BlackKingBar","Eternal Feather","FossilizedHelix","Dota2Spire:UrnOfShadows","Fusion Hammer","Dota2Spire:Dagon","Dota2Spire:ShadowBlade","Mango","Bottled Flame","Dota2Spire:DrumOfEndurance","Dota2Spire:OrchidMalevolence","Pantograph","Orrery","Calipers"],"acts_visited":["Exordium","TheCity","TheBeyond","TheEnding"],"potions_floor_usage":[7,7,14,16,23,29,35,40,47,50,54,55],"damage_taken":[{"damage":0,"enemies":"2 Louse","floor":1,"turns":3},{"damage":0,"enemies":"Cultist","floor":2,"turns":2},{"damage":1,"enemies":"Jaw Worm","floor":3,"turns":4},{"damage":1,"enemies":"2 Fungi Beasts","floor":4,"turns":3},{"damage":5,"enemies":"Looter","floor":5,"turns":2},{"damage":5,"enemies":"3 Sentries","floor":7,"turns":3},{"damage":0,"enemies":"Large Slime","floor":10,"turns":2},{"damage":21,"enemies":"Lagavulin","floor":11,"turns":8},{"damage":18,"enemies":"Gremlin Nob","floor":13,"turns":4},{"damage":11,"enemies":"Exordium Wildlife","floor":14,"turns":5},{"damage":19,"enemies":"Hexaghost","floor":16,"turns":6},{"damage":15,"enemies":"2 Thieves","floor":18,"turns":4},{"damage":0,"enemies":"Spheric Guardian","floor":22,"turns":5},{"damage":39,"enemies":"Slavers","floor":23,"turns":6},{"damage":0,"enemies":"Centurion and Healer","floor":24,"turns":6},{"damage":0,"enemies":"Cultist and Chosen","floor":28,"turns":4},{"damage":35,"enemies":"Gremlin Leader","floor":29,"turns":6},{"damage":0,"enemies":"Snake Plant","floor":31,"turns":6},{"damage":23,"enemies":"Automaton","floor":33,"turns":7},{"damage":1,"enemies":"3 Darklings","floor":35,"turns":9},{"damage":0,"enemies":"3 Shapes","floor":37,"turns":7},{"damage":0,"enemies":"Mind Bloom Boss Battle","floor":39,"turns":8},{"damage":37,"enemies":"Giant Head","floor":40,"turns":8},{"damage":14,"enemies":"3 Darklings","floor":44,"turns":5},{"damage":0,"enemies":"Sphere and 2 Shapes","floor":45,"turns":6},{"damage":0,"enemies":"Jaw Worm Horde","floor":46,"turns":5},{"damage":0,"enemies":"Nemesis","floor":47,"turns":5},{"damage":10,"enemies":"4 Shapes","floor":48,"turns":6},{"damage":48,"enemies":"Donu and Deca","floor":50,"turns":10},{"damage":51,"enemies":"Shield and Spear","floor":54,"turns":8},{"damage":118,"enemies":"The Heart","floor":55,"turns":6}],"seed_played":"8407969836112863240","potions_obtained":[{"floor":3,"key":"SkillPotion"},{"floor":5,"key":"PowerPotion"},{"floor":11,"key":"Strength Potion"},{"floor":14,"key":"GamblersBrew"},{"floor":24,"key":"SkillPotion"},{"floor":33,"key":"Ambrosia"},{"floor":35,"key":"Block Potion"},{"floor":40,"key":"GamblersBrew"},{"floor":45,"key":"FearPotion"},{"floor":46,"key":"DuplicationPotion"}],"is_trial":false,"path_per_floor":["M","M","M","M","M","R","E","?","T","M","E","R","E","M","R","B",null,"M","$","?","?","M","E","M","R","T","R","M","E","?","M","R","B",null,"M","$","M","$","?","E","R","$","T","M","M","M","E","M","R","B",null,"R","$","E","B"],"character_chosen":"WATCHER","items_purchased":["Dota2Spire:BlackKingBar","Dota2Spire:Clarity","EmptyBody","Dota2Spire:Dagon","Dota2Spire:ShadowBlade","Dota2Spire:Clarity","Dota2Spire:DrumOfEndurance","SkillPotion","Strength Potion","Orrery"],"campfire_rested":6,"item_purchase_floors":[19,19,19,36,36,36,42,53,53,53],"current_hp_per_floor":[72,72,71,70,65,65,60,60,60,60,39,60,42,31,52,33,72,57,57,57,57,57,18,18,54,54,69,69,34,58,58,72,49,72,71,71,71,71,85,48,86,86,86,72,72,72,72,62,86,38,86,86,86,35,0,0],"gold":130,"neow_bonus":"ONE_RANDOM_RARE_CARD","is_daily":false,"chose_seed":false,"campfire_upgraded":2,"win_rate":0.0,"timestamp":1608407240,"path_taken":["M","M","M","M","M","R","E","?","T","?","E","R","E","M","R","BOSS","M","$","?","?","M","E","M","R","T","R","M","E","?","M","R","BOSS","M","$","M","$","?","E","R","$","T","M","M","M","E","M","R","BOSS","R","$","E","BOSS"],"items_purchased_type":["Relic","Potion","Card","Relic","Relic","Potion","Relic","Potion","Potion","Relic"],"build_version":"2020-12-13","purchased_purges":0,"victory":false,"max_hp_per_floor":[72,72,72,72,72,72,72,72,72,72,72,72,72,72,72,72,72,72,72,72,72,72,72,72,72,72,72,72,72,72,72,72,72,72,72,72,72,72,86,86,86,86,86,86,86,86,86,86,86,86,86,86,86,86,86,86],"card_choices":[{"not_picked":["Evaluate","FollowUp"],"picked":"EmptyFist","floor":1},{"not_picked":["Collect","PathToVictory"],"picked":"Perseverance","floor":2},{"not_picked":["FollowUp","ThirdEye"],"picked":"WreathOfFlame","floor":3},{"not_picked":["Evaluate","Halt"],"picked":"Consecrate","floor":4},{"not_picked":["Evaluate","Consecrate"],"picked":"Alpha","floor":5},{"not_picked":["Consecrate","EmptyFist"],"picked":"JustLucky","floor":7},{"not_picked":["Consecrate","ThirdEye"],"picked":"FearNoEvil","floor":10},{"not_picked":["LikeWater","Evaluate"],"picked":"LessonLearned","floor":11},{"not_picked":["Evaluate","WheelKick"],"picked":"Prostrate","floor":13},{"not_picked":["ThirdEye","Consecrate"],"picked":"Swivel","floor":14},{"not_picked":["Scrawl","ConjureBlade"],"picked":"SpiritShield","floor":16},{"not_picked":["SashWhip","Protect","ClearTheMind"],"picked":"SKIP","floor":18},{"not_picked":["FollowUp+1","WheelKick"],"picked":"EmptyBody+1","floor":22},{"not_picked":["Evaluate","BowlingBash"],"picked":"FlurryOfBlows","floor":23},{"not_picked":["FollowUp","WreathOfFlame"],"picked":"Worship","floor":24},{"not_picked":["SignatureMove","Halt"],"picked":"EmptyFist+1","floor":28},{"not_picked":["Adaptation","SignatureMove"],"picked":"SpiritShield","floor":29},{"not_picked":["FlurryOfBlows","Halt"],"picked":"JustLucky+1","floor":31},{"not_picked":["Vault","SpiritShield"],"picked":"LessonLearned","floor":33},{"not_picked":["ThirdEye","SashWhip"],"picked":"Crescendo","floor":35},{"not_picked":["Crescendo","EmptyFist+1"],"picked":"Swivel+1","floor":37},{"not_picked":["SashWhip","Wallop+1"],"picked":"ClearTheMind+1","floor":39},{"not_picked":["Halt","Crescendo"],"picked":"Worship+1","floor":40},{"not_picked":["Blasphemy","CrushJoints"],"picked":"LikeWater","floor":44},{"not_picked":["ThirdEye+1","JustLucky+1"],"picked":"LikeWater","floor":45},{"not_picked":["PathToVictory","Collect"],"picked":"Evaluate","floor":46},{"not_picked":["CarveReality","WindmillStrike+1"],"picked":"Perseverance","floor":47},{"not_picked":["Nirvana","CrushJoints"],"picked":"Worship","floor":48},{"not_picked":["PathToVictory","CarveReality+1"],"picked":"ThirdEye","floor":53},{"not_picked":["BowlingBash","Halt"],"picked":"MentalFortress+1","floor":53},{"not_picked":["Judgement","SandsOfTime+1"],"picked":"Prostrate+1","floor":53},{"not_picked":["CarveReality+1","BowlingBash"],"picked":"FlurryOfBlows+1","floor":53},{"not_picked":["JustLucky","Protect+1"],"picked":"ThirdEye","floor":53},{"not_picked":["Scrawl","BowlingBash"],"picked":"CrushJoints+1","floor":54}],"player_experience":336812,"relics_obtained":[{"floor":7,"key":"TungstenRod"},{"floor":11,"key":"Dota2Spire:HandOfMidas"},{"floor":13,"key":"Dota2Spire:Vanguard"},{"floor":23,"key":"Eternal Feather"},{"floor":26,"key":"FossilizedHelix"},{"floor":29,"key":"Dota2Spire:UrnOfShadows"},{"floor":39,"key":"Mango"},{"floor":40,"key":"Bottled Flame"},{"floor":43,"key":"Dota2Spire:OrchidMalevolence"},{"floor":47,"key":"Pantograph"},{"floor":54,"key":"Calipers"}],"event_choices":[{"cards_removed":["JustLucky"],"damage_healed":0,"gold_gain":0,"player_choice":"Took Card","damage_taken":0,"max_hp_gain":0,"max_hp_loss":0,"event_name":"NoteForYourself","floor":8,"gold_loss":0,"cards_obtained":["FTL"]},{"damage_healed":0,"gold_gain":0,"player_choice":"Ignored","damage_taken":0,"max_hp_gain":0,"max_hp_loss":0,"event_name":"Vampires","floor":20,"gold_loss":0},{"damage_healed":0,"gold_gain":0,"player_choice":"Simplicity","damage_taken":0,"max_hp_gain":0,"max_hp_loss":0,"event_name":"Back to Basics","floor":21,"gold_loss":0,"cards_upgraded":["Strike_P","Strike_P","Strike_P","Strike_P","Defend_P","Defend_P","Defend_P","Defend_P"]},{"damage_healed":24,"gold_gain":0,"player_choice":"Heal","damage_taken":0,"max_hp_gain":0,"max_hp_loss":0,"event_name":"The Library","floor":30,"gold_loss":0},{"damage_healed":0,"gold_gain":0,"player_choice":"Fight","damage_taken":0,"max_hp_gain":0,"max_hp_loss":0,"event_name":"MindBloom","floor":39,"gold_loss":0}],"is_beta":false,"boss_relics":[{"not_picked":["Velvet Choker","Empty Cage"],"picked":"VioletLotus"},{"not_picked":["Busted Crown","Astrolabe"],"picked":"Fusion Hammer"}],"items_purged_floors":[],"is_endless":false,"potions_floor_spawned":[3,5,11,14,24,33,35,40,45,46],"killed_by":"The Heart","ascension_level":0}}