{"host":"t0dvtgwziqfh5pc4","time":1608376854,"event":{"mods":["BaseMod","Colored Powertips","Downfall","Googly Eyes","Hermit","Infinite Spire","Lobotomy","Minty Spire (QoL Compilation)","Quick Restart","Replay The Spire","SIMod","Shop Mod","StSLib","The Bug Knight","The Cursed","The Hierophant","The Jungle"],"gold_per_floor":[111,111,125,125,0,30,30,30,30,0,0,0,0,33,33,109,109,124,124,124,124,124,124,124,124,124,50,50,50,50,83,83,156,156,176,276,276,286,55,82,82,82,160,160,60,93,93,93,93,93,93],"floor_reached":52,"playtime":2469,"items_purged":["Defend_G","Defend_G","Funeral"],"score":1780,"play_id":"378ea747-4458-4655-ad92-b643042a0b7a","local_time":"20201219192054","daily_mods":["Heirloom","Flight","downfall:Lament"],"is_ascension_mode":true,"campfire_choices":[{"data":"Blade Dance","floor":7.0,"key":"SMITH"},{"data":"Well Laid Plans","floor":12.0,"key":"SMITH"},{"data":"1","floor":15.0,"key":"LIFT"},{"data":"ReplayUltimateDefense","floor":23.0,"key":"SMITH"},{"data":"2","floor":25.0,"key":"LIFT"},{"data":"3","floor":30.0,"key":"LIFT"},{"data":"Atom Bomb","floor":41,"key":"SMITH"},{"data":"Riddle With Holes","floor":44,"key":"SMITH"},{"data":"Neutralize","floor":49,"key":"SMITH"}],"circlet_count":0,"master_deck":["AscendersBane","Strike_G","Survivor","Neutralize+1","Predator","Blade Dance+1","ReplayUltimateDefense+1","Well Laid Plans+1","Defend_G","Defend_P","expansioncontent:DashGenerateEvil","BigBadWolf","Atom Bomb+1","LittlePrince","Envenom","MHz","Storm of Steel+1","Escape Plan","Adrenaline+1","ReplayTheSpireMod:Necrosis+1","ReplayTheSpireMod:Faulty Equipment","Poison Darts+1","Sucker Punch","Regret"],"relics":["Ring of the Serpent","NeowsBlessing","infinitespire:Lychee Nut","CogitoBucket","Gremlin Horn","Girya","Juzu Bracelet","NeowsBlessing","ReplayTheSpireMod:Lightbulb","Replay:Grab Bag","Cursed Key","Busted Crown","Snecko Eye","InkBottle","Ornamental Fan","Golden Egg","Calipers","NeowsBlessing","Oddly Smooth Stone","Pet Ghost","infinitespire:FocusingShard","Replay:Rubber Ducky","InkBottle"],"acts_visited":["Exordium","Exordium","TheBeyond"],"potions_floor_usage":[50],"damage_taken":[{"damage":0.0,"enemies":"Cultist","floor":1.0,"turns":1.0},{"damage":0.0,"enemies":"2 Louse","floor":3.0,"turns":1.0},{"damage":0.0,"enemies":"Gremlin Nob","floor":6.0,"turns":1.0},{"damage":0.0,"enemies":"Lagavulin","floor":14.0,"turns":1.0},{"damage":0.0,"enemies":"Slime Boss","floor":16.0,"turns":1.0},{"damage":0.0,"enemies":"theJungle:5_Spyders","floor":18.0,"turns":1.0},{"damage":10.0,"enemies":"JungleHuntersEvent","floor":21.0,"turns":5.0},{"damage":4.0,"enemies":"theJungle:MamaSnecko","floor":27.0,"turns":3.0},{"damage":0.0,"enemies":"theJungle:Cassacara","floor":31.0,"turns":1.0},{"damage":7.0,"enemies":"theJungle:TotemBoss","floor":33.0,"turns":3.0},{"damage":4.0,"enemies":"3 Shapes","floor":35.0,"turns":2.0},{"damage":0,"enemies":"3 Darklings","floor":38,"turns":2},{"damage":0,"enemies":"Nemesis","floor":40,"turns":3},{"damage":0,"enemies":"Giant Head","floor":46,"turns":2},{"damage":11,"enemies":"Awakened One","floor":50,"turns":7},{"damage":39,"enemies":"Replay:Hell Engine","floor":51,"turns":5}],"seed_played":"8634430470668627786","potions_obtained":[{"floor":1.0,"key":"Toxic Potion"},{"floor":6.0,"key":"Strength Potion"},{"floor":14.0,"key":"Fire Potion"},{"floor":18.0,"key":"Fire Potion"},{"floor":27.0,"key":"Block Potion"},{"floor":31.0,"key":"Dexterity Potion"},{"floor":37,"key":"Guardian:BlockOnCardUsePotion"}],"is_trial":true,"path_per_floor":["M","$","M","WH","WH","E","R","WH","T","WH","?","R","WH","E","R","B",null,"M","WH","AVR","?","WH","R","WH","R","T","E","?","WH","R","E","R","B",null,"M","WH","?","M","$","E","R","$","T","R","$","E","?","T","R","B","B",null],"character_chosen":"THE_SILENT","items_purchased":["Adrenaline"],"campfire_rested":0,"item_purchase_floors":[39],"current_hp_per_floor":[49,49,49,49,49,49,49,49,49,49,49,49,49,49,49,49,49,49,45,45,38,29,29,23,23,23,25,26,26,26,26,26,24,40,39,39,39,42,42,45,45,45,45,45,45,45,45,45,45,35,10],"gold":93,"neow_bonus":"HUNDRED_GOLD","is_daily":false,"chose_seed":false,"campfire_upgraded":6,"win_rate":0.0,"timestamp":1608376854,"path_taken":["M","$","?","WH","WH","E","R","WH","T","WH","?","R","WH","E","R","BOSS","M","WH","AVR","?","WH","R","WH","R","T","E","?","WH","R","E","R","BOSS","M","WH","WH","M","$","E","R","$","T","R","$","E","?","?","R","BOSS","BOSS"],"items_purchased_type":["Card"],"build_version":"2020-12-13","purchased_purges":3,"victory":true,"max_hp_per_floor":[49,49,49,49,49,49,49,49,49,49,49,49,49,49,49,49,49,49,45,45,45,45,45,45,45,45,45,45,45,45,45,45,45,45,45,45,45,45,45,45,45,45,45,45,45,45,45,45,45,45,45],"card_choices":[{"not_picked":["Flying Knee","Cloak And Dagger"],"picked":"Predator","floor":1.0},{"not_picked":["Draining Mist","ReplayTheSpireMod:The Works"],"picked":"Blade Dance","floor":3.0},{"not_picked":["Secret Technique","Secret Weapon"],"picked":"ReplayUltimateDefense","floor":5.0},{"not_picked":["Slice","Outmaneuver"],"picked":"Well Laid Plans","floor":6.0},{"not_picked":["Secret Technique","Sadistic Nature"],"picked":"expansioncontent:DashGenerateEvil","floor":10.0},{"not_picked":["Flechettes","Blade Dance","Dodge and Roll"],"picked":"SKIP","floor":14.0},{"not_picked":["Variant","CrumblingArmor"],"picked":"BigBadWolf","floor":16.0},{"not_picked":["Night Terror","Tools of the Trade"],"picked":"Atom Bomb","floor":16.0},{"not_picked":["GalaxyChild","UniverseFragment"],"picked":"LittlePrince","floor":18.0},{"not_picked":["Poisoned Stab"],"picked":"SKIP","floor":18.0},{"not_picked":["infinitespire:Neurotoxin","Doppelganger"],"picked":"Envenom","floor":24.0},{"not_picked":["Outmaneuver"],"picked":"SKIP","floor":27.0},{"not_picked":["Backflip"],"picked":"SKIP","floor":31.0},{"not_picked":["QueenOfHatred","MeatLantern"],"picked":"MHz","floor":33.0},{"not_picked":[],"picked":"Storm of Steel","floor":33.0},{"not_picked":["ReplayTheSpireMod:Shiv Toss"],"picked":"SKIP","floor":35.0},{"not_picked":[],"picked":"Escape Plan","floor":38},{"not_picked":["UniverseFragment","Alriune"],"picked":"Funeral","floor":40},{"not_picked":[],"picked":"ReplayTheSpireMod:Necrosis","floor":40},{"not_picked":[],"picked":"Poison Darts","floor":46}],"player_experience":103648,"relics_obtained":[{"floor":6.0,"key":"Gremlin Horn"},{"floor":9.0,"key":"Juzu Bracelet"},{"floor":14.0,"key":"ReplayTheSpireMod:Lightbulb"},{"floor":21.0,"key":"Ornamental Fan"},{"floor":26.0,"key":"Golden Egg"},{"floor":27.0,"key":"Calipers"},{"floor":31.0,"key":"Oddly Smooth Stone"},{"floor":40,"key":"Pet Ghost"},{"floor":43,"key":"infinitespire:FocusingShard"},{"floor":46,"key":"Replay:Rubber Ducky"},{"floor":48,"key":"InkBottle"}],"event_choices":[{"damage_healed":0,"gold_gain":0,"player_choice":"Got Potions","damage_taken":0,"max_hp_gain":0,"max_hp_loss":0,"event_name":"Lab","floor":37,"gold_loss":0},{"damage_healed":0,"gold_gain":0,"player_choice":"1 cards matched","damage_taken":0,"max_hp_gain":0,"max_hp_loss":0,"event_name":"Match and Keep!","floor":47,"gold_loss":0,"cards_obtained":["Sucker Punch"]}],"is_beta":false,"boss_relics":[{"not_picked":["sneckomod:SneckoTalon","SlaversCollar"],"picked":"Replay:Grab Bag"},{"not_picked":["Fusion Hammer","Sozu"],"picked":"Cursed Key"},{"not_picked":["infinitespire:Cupcake","ChewingGum"],"picked":"Busted Crown"},{"not_picked":["Honey Jar","Ring of Chaos"],"picked":"Snecko Eye"},{"not_picked":["SacredBark","Tiny House"],"picked":"Ring of the Serpent"},{"not_picked":["Replay:Wanted Poster","Runic Dome","ReplayTheSpireMod:DimensionalGlitch"]}],"items_purged_floors":[20,39,45],"is_endless":false,"potions_floor_spawned":[1,6,14,18,27,31,38,46],"ascension_level":20}}