{"host":"xcuflocadasoaqda","time":1608401311,"event":{"mods":["BaseMod","Bestiary","Filter the Spire","Minty Spire (QoL Compilation)","Relic Stats"],"gold_per_floor":[111,36,36,55,75,75,107,120,201,217,56,67,67,93,93,93,93],"floor_reached":16,"playtime":704,"items_purged":["Blizzard"],"score":224,"play_id":"b24bd7e8-c48c-415b-825f-87aa7e9dd195","local_time":"20201219120831","is_ascension_mode":true,"campfire_choices":[{"data":"Biased Cognition","floor":6.0,"key":"SMITH"},{"data":"Double Energy","floor":13,"key":"SMITH"},{"data":"Reinforced Body","floor":15,"key":"SMITH"}],"circlet_count":0,"master_deck":["AscendersBane","Zap","Dualcast","Hyperbeam","Aggregate","Tempest","Darkness","Reinforced Body+1","Biased Cognition+1","Aggregate","Leap","Steam","Go for the Eyes","Meteor Strike","Glacier","Double Energy+1","Self Repair"],"relics":["Pandora\u0027s Box","Calipers","Toy Ornithopter","White Beast Statue","Symbiotic Virus"],"acts_visited":["Exordium"],"potions_floor_usage":[10,14,14],"damage_taken":[{"damage":8.0,"enemies":"2 Louse","floor":1.0,"turns":2.0},{"damage":0.0,"enemies":"Cultist","floor":4.0,"turns":3.0},{"damage":17.0,"enemies":"Small Slimes","floor":5.0,"turns":4.0},{"damage":11.0,"enemies":"Lagavulin","floor":7.0,"turns":6.0},{"damage":6.0,"enemies":"2 Fungi Beasts","floor":8.0,"turns":3.0},{"damage":0,"enemies":"3 Louse","floor":10,"turns":2},{"damage":0,"enemies":"Large Slime","floor":12,"turns":2},{"damage":33,"enemies":"3 Sentries","floor":14,"turns":7},{"damage":4,"enemies":"Hexaghost","floor":16,"turns":13}],"seed_played":"4625102728857413640","potions_obtained":[{"floor":7.0,"key":"BlessingOfTheForge"},{"floor":8.0,"key":"Fire Potion"},{"floor":10,"key":"Block Potion"},{"floor":14,"key":"EssenceOfDarkness"}],"is_trial":false,"path_per_floor":["M","$","?","M","M","R","E","M","T","M","$","M","R","E","R","B"],"character_chosen":"DEFECT","items_purchased":["Glacier","Double Energy"],"campfire_rested":0,"item_purchase_floors":[11,11],"current_hp_per_floor":[56,56,56,56,39,39,28,22,22,27,27,27,27,4,4,0,0],"gold":93,"neow_bonus":"BOSS_RELIC","is_daily":false,"chose_seed":false,"campfire_upgraded":3,"win_rate":0.0,"timestamp":1608401311,"path_taken":["M","$","?","M","M","R","E","M","T","?","$","M","R","E","R","BOSS"],"items_purchased_type":["Card","Card"],"build_version":"2020-12-13","purchased_purges":1,"victory":false,"max_hp_per_floor":[71,71,71,71,71,71,71,71,71,71,71,71,71,71,71,71,71],"relic_stats":{"counters":[9,42],"Pandora\u0027s Box":["Hyperbeam","Aggregate","Tempest","Darkness","Reinforced Body","Blizzard","Biased Cognition","Aggregate"],"obtain_stats":[{"Calipers":3,"Pandora\u0027s Box":0,"Cracked Core":0,"Symbiotic Virus":14,"Toy Ornithopter":7,"White Beast Statue":9},{"Calipers":1,"Pandora\u0027s Box":0,"Cracked Core":0,"Symbiotic Virus":8,"Toy Ornithopter":4,"White Beast Statue":5},{"Calipers":2,"Pandora\u0027s Box":0,"Cracked Core":0,"Symbiotic Virus":29,"Toy Ornithopter":15,"White Beast Statue":18}],"Toy Ornithopter":15},"card_choices":[{"not_picked":["Leap","Hologram"],"picked":"Conserve Battery","floor":1.0},{"not_picked":["Melter","Hologram"],"picked":"Leap","floor":4.0},{"not_picked":["Heatsinks","Barrage"],"picked":"Steam","floor":5.0},{"not_picked":["Reprogram","Ball Lightning"],"picked":"Go for the Eyes","floor":7.0},{"not_picked":["Beam Cell","Chill"],"picked":"Meteor Strike","floor":8.0},{"not_picked":["Gash","Compile Driver","Steam"],"picked":"SKIP","floor":10},{"not_picked":["Reprogram","Heatsinks","Rebound"],"picked":"SKIP","floor":12},{"not_picked":["Stack","Gash"],"picked":"Self Repair","floor":14}],"player_experience":1754639,"relics_obtained":[{"floor":7.0,"key":"Toy Ornithopter"},{"floor":9.0,"key":"White Beast Statue"},{"floor":14,"key":"Symbiotic Virus"}],"event_choices":[{"cards_removed":["Conserve Battery"],"damage_healed":0.0,"max_hp_gain":0.0,"max_hp_loss":0.0,"gold_gain":0.0,"event_name":"WeMeetAgain","player_choice":"Gave Card","floor":3.0,"gold_loss":0.0,"damage_taken":0.0,"relics_obtained":["Calipers"]}],"is_beta":false,"boss_relics":[],"items_purged_floors":[2],"is_endless":false,"potions_floor_spawned":[7,8,10,12,14],"killed_by":"Hexaghost","ascension_level":20}}