{"host":"u0ul4tg7h190tzjo","time":1608397499,"event":{"mods":["AchievementEnabler","Act Like it!","Aspiration","BaseMod","Beaked The Cultist","Better Altar","Better Note","Better Sensory Stone","Better Skull","Better Third Choice","Colored Powertips","Conspire","Downfall","Energized Spire","GifTheSpireLib","Hubris","Minty Spire (QoL Compilation)","Rare Cards Sparkle","Shop Mod","Spikes Relics","StSLib","Stuff the Spire","vexMod"],"gold_per_floor":[99,134,146,161,161,187,212,62,75,0,11,24,24,24,36,132,132,132,132,132,144,144,144,144,154,154,185,185,202,202,30,46,148,148,148,174,202,202,232,249,249,36,49,49,49,49,49,59,59],"floor_reached":50,"playtime":4682,"items_purged":[],"score":701,"play_id":"ce7a211d-ee4d-4207-9aa3-7233e8e985e1","local_time":"20201219120459","is_ascension_mode":false,"campfire_choices":[{"floor":1.0,"key":"RECALL"},{"floor":8.0,"key":"REST"},{"data":"beaked:BloodRitual","floor":10.0,"key":"SMITH"},{"data":"beaked:DigDeep","floor":18.0,"key":"SMITH"},{"data":"beaked:Brace","floor":20.0,"key":"SMITH"},{"data":"beaked:WarriorEssence","floor":23.0,"key":"SMITH"},{"data":"beaked:CursingBlood","floor":26.0,"key":"SMITH"},{"data":"beaked:FullHouse","floor":35,"key":"SMITH"},{"data":"beaked:Hexing","floor":44,"key":"SMITH"}],"circlet_count":0,"master_deck":["beaked:Strike_Y","beaked:Strike_Y","beaked:Strike_Y","beaked:Strike_Y","beaked:Strike_Y","beaked:Strike_Y","beaked:Defend_Y","beaked:Defend_Y","beaked:Defend_Y","beaked:Defend_Y","beaked:Ceremony","beaked:Ceremony","beaked:Ceremony","beaked:Brace+1","beaked:BloodRitual+1","beaked:BraceForImpact+1","beaked:CursingBlood+1","beaked:Brace+1","beaked:DigDeep+1","beaked:WarriorEssence+1","beaked:Tweet+1","beaked:StickSmack+1","beaked:FullHouse+1","beaked:BraceForImpact","beaked:Hexing+1","beaked:DigDeep","beaked:Foresight+1","beaked:Insight+1","beaked:DigDeep+1","expansioncontent:DefensiveMode","expansioncontent:DefensiveStance","expansioncontent:LastStand"],"relics":["beaked:MendingPlumage","Regal Pillow","aspiration:Lifesprig","Strawberry","downfall:HeartBlessingBlue","downfall:HeartBlessingRed","downfall:HeartBlessingGreen","Sandwich","SpikesRelics:ToyHorsey","Toy Ornithopter","beaked:RitualPlumage","SlaversCollar","Juzu Bracelet","StuffTheSpire:NeowsTribute","StuffTheSpire:RubySignet","Mummified Hand","Anchor","downfall:TeleportStone"],"acts_visited":["Exordium","TheCity","TheBeyond"],"potions_floor_usage":[33,37,39,39,48,49],"damage_taken":[{"damage":44.0,"enemies":"3 Sentries","floor":2.0,"turns":8.0},{"damage":9.0,"enemies":"2 Louse","floor":3.0,"turns":3.0},{"damage":14.0,"enemies":"conspire:RoseBush","floor":4.0,"turns":5.0},{"damage":39.0,"enemies":"Gremlin Nob","floor":6.0,"turns":6.0},{"damage":13.0,"enemies":"Cultist","floor":9.0,"turns":3.0},{"damage":17.0,"enemies":"3 Louse","floor":11.0,"turns":5.0},{"damage":12.0,"enemies":"Exordium Wildlife","floor":12.0,"turns":6.0},{"damage":24.0,"enemies":"Blue Slaver","floor":15.0,"turns":4.0},{"damage":43.0,"enemies":"downfall:Silent","floor":16.0,"turns":9.0},{"damage":43.0,"enemies":"conspire:FuzzyDice","floor":21.0,"turns":6.0},{"damage":36.0,"enemies":"3 Byrds","floor":25.0,"turns":5.0},{"damage":47.0,"enemies":"Book of Stabbing","floor":27.0,"turns":6.0},{"damage":24.0,"enemies":"Snecko","floor":29.0,"turns":5.0},{"damage":0.0,"enemies":"downfall:FleeingMerchant","floor":31.0,"turns":4.0},{"damage":48.0,"enemies":"Snake Plant","floor":32.0,"turns":3.0},{"damage":24,"enemies":"downfall:Defect","floor":33,"turns":5},{"damage":64,"enemies":"Reptomancer","floor":37,"turns":5},{"damage":47,"enemies":"beaked:SuperParasite","floor":39,"turns":7},{"damage":34,"enemies":"3 Shapes","floor":40,"turns":4},{"damage":8,"enemies":"downfall:FleeingMerchant","floor":42,"turns":4},{"damage":50,"enemies":"Orb Walker","floor":43,"turns":6},{"damage":43,"enemies":"Sphere and 2 Shapes","floor":48,"turns":6},{"damage":58,"enemies":"downfall:Watcher","floor":49,"turns":6}],"seed_played":"7212623341562827795","potions_obtained":[{"floor":3.0,"key":"EssenceOfSteel"},{"floor":4.0,"key":"Dexterity Potion"},{"floor":6.0,"key":"Fire Potion"},{"floor":9.0,"key":"Guardian:BlockOnCardUsePotion"},{"floor":11.0,"key":"ColorlessPotion"},{"floor":27.0,"key":"SkillPotion"},{"floor":29.0,"key":"EssenceOfSteel"},{"floor":32,"key":"Fire Potion"},{"floor":38,"key":"Weak Potion"},{"floor":38,"key":"Guardian:BlockOnCardUsePotion"},{"floor":38,"key":"Regen Potion"},{"floor":40,"key":"SneckoOil"}],"is_trial":false,"path_per_floor":["R","E","M","M","?","E","T","R","M","R","M","M","?","?","M","B",null,"R","?","R","M","?","R","T","M","R","E","?","M","$","$","M","B",null,"R","?","E","?","E","M","T","$","M","R","?","?","?","M","B",null],"character_chosen":"BEAKED_THE_CULTIST","items_purchased":["beaked:RitualPlumage","Anchor","beaked:Insight"],"campfire_rested":1,"item_purchase_floors":[31,42,42],"current_hp_per_floor":[50,25,25,25,25,10,10,55,53,53,53,60,60,60,51,51,67,67,59,59,57,57,57,57,67,67,57,57,67,67,67,32,49,67,67,67,57,57,67,65,65,67,52,52,52,42,42,54,69],"gold":59,"neow_bonus":"RANDOM_COMMON_RELIC","is_daily":false,"chose_seed":false,"campfire_upgraded":7,"win_rate":0.0,"timestamp":1608397499,"path_taken":["R","E","M","M","?","E","T","R","M","R","M","M","?","?","M","BOSS","R","?","R","M","?","R","T","M","R","E","?","M","?","$","M","BOSS","R","?","E","?","E","M","T","$","M","R","?","?","?","M","BOSS"],"items_purchased_type":["Relic","Relic","Card"],"build_version":"2020-12-13","purchased_purges":0,"victory":true,"max_hp_per_floor":[50,50,50,50,50,57,57,67,67,67,67,67,67,67,67,67,67,67,67,67,67,67,67,67,67,67,67,67,67,67,67,67,67,67,67,67,67,67,67,67,67,67,67,67,67,67,67,69,69],"card_choices":[{"not_picked":["beaked:Poke","beaked:Mantra"],"picked":"beaked:Brace","floor":2.0},{"not_picked":["beaked:MachineSpirit","beaked:MimicHuntress"],"picked":"beaked:BloodRitual","floor":3.0},{"not_picked":["beaked:BloodForTheGods","beaked:DigDeep"],"picked":"beaked:BraceForImpact","floor":4.0},{"not_picked":["beaked:RuinSticks","beaked:BounceBack"],"picked":"beaked:CursingBlood","floor":6.0},{"not_picked":["beaked:Overexert","beaked:HuntressSpirit","beaked:Devastation"],"picked":"SKIP","floor":9.0},{"not_picked":["beaked:Resilience","beaked:WarriorSpirit"],"picked":"beaked:Brace","floor":11.0},{"not_picked":["beaked:Negation","beaked:BraceForImpact"],"picked":"beaked:DigDeep","floor":12.0},{"not_picked":["beaked:Redirect","beaked:Tradeoff","beaked:Resilience"],"picked":"SKIP","floor":15.0},{"not_picked":["beaked:RitualOfBody","beaked:Negation"],"picked":"beaked:WarriorEssence","floor":21.0},{"not_picked":["beaked:HuntressEssence","beaked:Poke","beaked:CursingBlood"],"picked":"SKIP","floor":25.0},{"not_picked":["beaked:WarriorEssence","beaked:DesperateSwing","beaked:CheekyTricks"],"picked":"SKIP","floor":27.0},{"not_picked":["beaked:TuckingFeathers","beaked:WarriorSpirit"],"picked":"beaked:Tweet+1","floor":29.0},{"not_picked":["beaked:Foresight+1","beaked:MimicWarrior"],"picked":"beaked:StickSmack+1","floor":31.0},{"not_picked":["beaked:Resilience","beaked:Windmill","beaked:MimicWarrior+1"],"picked":"SKIP","floor":32},{"not_picked":["beaked:CheekyTricks","beaked:Sacrifice"],"picked":"beaked:FullHouse","floor":33},{"not_picked":["beaked:MimicHuntress+1","beaked:Molting"],"picked":"beaked:BraceForImpact","floor":37},{"not_picked":["beaked:Mantra","beaked:MachineSpirit"],"picked":"beaked:Hexing","floor":39},{"not_picked":["beaked:Redirect+1","beaked:TuckingFeathers+1"],"picked":"beaked:DigDeep","floor":40},{"not_picked":["beaked:FakeOut","beaked:Brace+1"],"picked":"beaked:Foresight+1","floor":42},{"not_picked":["beaked:BloodRitual","beaked:TuckingFeathers"],"picked":"beaked:DigDeep+1","floor":43},{"not_picked":["expansioncontent:TimeRipple","expansioncontent:SlimeTackle"],"picked":"expansioncontent:DefensiveMode","floor":46},{"not_picked":["expansioncontent:PolyBeam","expansioncontent:LastStand"],"picked":"expansioncontent:DefensiveStance","floor":46},{"not_picked":["expansioncontent:BronzeBeam","expansioncontent:PolyBeam"],"picked":"expansioncontent:LastStand","floor":46},{"not_picked":["beaked:DigDeeper","beaked:Redirect","beaked:Cower+1"],"picked":"SKIP","floor":48}],"player_experience":169329,"relics_obtained":[{"floor":2.0,"key":"aspiration:Lifesprig"},{"floor":6.0,"key":"Strawberry"},{"floor":24.0,"key":"SpikesRelics:ToyHorsey"},{"floor":27.0,"key":"Toy Ornithopter"},{"floor":36,"key":"Juzu Bracelet"},{"floor":37,"key":"StuffTheSpire:NeowsTribute"},{"floor":39,"key":"StuffTheSpire:RubySignet"},{"floor":41,"key":"Mummified Hand"}],"event_choices":[{"damage_healed":0.0,"max_hp_gain":0.0,"max_hp_loss":0.0,"gold_gain":0.0,"event_name":"conspire:Investor","player_choice":"Leave","floor":5.0,"gold_loss":0.0,"damage_taken":0.0},{"damage_healed":0.0,"max_hp_gain":0.0,"max_hp_loss":0.0,"gold_gain":0.0,"event_name":"FaceTrader","player_choice":"Leave","floor":14.0,"gold_loss":0.0,"damage_taken":0.0},{"damage_healed":0.0,"max_hp_gain":0.0,"max_hp_loss":0.0,"gold_gain":0.0,"event_name":"Upgrade Shrine","player_choice":"Upgraded","floor":22.0,"gold_loss":0.0,"damage_taken":0.0,"cards_upgraded":["beaked:Brace"]},{"damage_healed":0.0,"max_hp_gain":0.0,"max_hp_loss":0.0,"gold_gain":0.0,"event_name":"betterNote:BetterNote","player_choice":"Ignored","floor":28.0,"gold_loss":0.0,"damage_taken":0.0,"cards_obtained":["beaked:Windmill"]},{"damage_healed":0,"gold_gain":0,"player_choice":"Got Potions","damage_taken":0,"max_hp_gain":0,"max_hp_loss":0,"event_name":"Lab","floor":38,"gold_loss":0}],"is_beta":false,"boss_relics":[{"not_picked":["energizedSpire:CursedPentagram","aspiration:FutureDiary"],"picked":"Sandwich"},{"not_picked":["aspiration:RunicSpoon","SacredBark"],"picked":"SlaversCollar"}],"items_purged_floors":[],"is_endless":false,"potions_floor_spawned":[3,4,6,9,11,27,29,32,40],"ascension_level":0}}