{"host":"nx6ib2o6hmd449ys","time":1608359881,"event":{"mods":["2.2 Compatiblity","AchievementEnabler","Act Like it!","Aspiration","BaseMod","Better Third Choice","BetterRewards","CCEM","Colored Powertips","Conjunction","Conspire","Downfall","Energized Spire","Gensokyo","GifTheSpireLib","GungeonMod","Halation","Hubris","Infinite Spire","Jedi Mod","Lobotomy","LobotomyExtend","Minty Spire (QoL Compilation)","MostiFishMod","Quick Restart","RRrroohrrRGHHhhh!!","Rare Cards Sparkle","RatMod","Replay The Spire","RumiaBox-????????","Shop Mod","Small Relic Pack","Spicy Shops","Spikes Relics","StSLib","Stuff the Spire","TestMod","The Dragon Tamer","TheWitcher","Wandering Minibosses","[IsaacMod]????","vexMod"],"gold_per_floor":[113,129,129,129,145,145,180,180,180,214,225,36,63,63,63,159,159,159,178,0,0,0,0,28,0,0,17,35,64,64,84,174,277,277,291,362,662,674,949,978,978,978,1005,1020,833,850,877,449,449,545,545,560,569,304,304,304],"floor_reached":55,"playtime":3388,"items_purged":["Regret"],"score":1616,"play_id":"16295d11-a3d0-4709-b058-482d566761d0","local_time":"20201219073800","is_ascension_mode":true,"campfire_choices":[{"floor":6,"key":"REST"},{"data":"rat:Garrote","floor":8,"key":"SMITH"},{"data":"rat:SilverDagger","floor":15,"key":"SMITH"},{"floor":23,"key":"REST"},{"data":"Crippling Poison","floor":30,"key":"SMITH"},{"data":"Atom Bomb","floor":41,"key":"SMITH"},{"data":"StuffTheSpire:BrimstoneBlast","floor":49,"key":"SMITH"}],"circlet_count":0,"master_deck":["Strike_G","Strike_G","Strike_G","Strike_G","Strike_G","Defend_G","Defend_G","Defend_G","Defend_G","Survivor","Neutralize","Apotheosis+1","StuffTheSpire:Python","jedi:pocketpoison","rat:Garrote+1","rorgmod:Prepared","rat:SilverDagger+1","Outmaneuver","Flying Knee+1","Bullet Time+1","Heel Hook","SnafuTest:BombDevilsPuffball","expansioncontent:PrepareCrush","rat:SilveredBlade+1","rorgmod:Catalyst","Crippling Poison+1","Setup+1","Flying Knee+1","Atom Bomb+1","StuffTheSpire:Injection+1","StuffTheSpire:BrimstoneBlast+1","rat:RuptureArtery","PiercingWail+1","ReplayTheSpireMod:Doomed","Regret","MostiFishMod:IntelligentEquipment+1","conspire:PoisonWeapons","jedi:pocketpoison","hexamod:TimeOfNeed+1","A Thousand Cuts+1","Dash"],"relics":["Ring of the Snake","HushsDoor","DaveBox","testmod-TestBox","SteamSale","FeatherPendant","testmod-Nyarlathotep","Sizzling Blood","Bag of Marbles","DemoMod:GnawedKey","PunchingBag","DemoMod:ClearGuonStone","StuffTheSpire:MayFlowers","Potion Belt","Question Card","LetterFromLob","DemoMod:SerJunkan","testmod-HeartOfDaVinci","DemoMod:Junk","vexMod:Spyglass","MerchantsRug","testmod-Faith","DemoMod:MonsterBlood","hubris:64BitClover","hubris:AncientText","ImportantClient","Sozu","Moonlight_r","wanderingMiniBosses:Inkheart","SnafuTest:AardRelic","jedi:fakemustache","halation:PinkSoulGem","relicPack:DSword","DemoMod:LamentConfigurum","Kunai","StuffTheSpire:WitherSkull","DemoMod:GlassGuonStoneRelic","testmod-NegativeEmotionEnhancer","Replay:Bottled Steam","Golden Egg","halation:IllGainedPizza","Akabeko","ReplayTheSpireMod:CursedCoin","SnafuTest:YrdenRelic","aspiration:VileToxins","rorgmod:Crooked Motherboard","halation:Sosunser","Replay:Ringing Soul","DemoMod:OrangeGuonStone","hexamod:JarOfFuel","Tingsha","infinitespire:EmpoweringShard","relicPack:WeightedSword","testmod-DeterminationOfClimber","testmod-IndustrialRevolution","infinitespire:Bottled Soul","StuffTheSpire:GrapeVine"],"acts_visited":["Gensokyo:Gensokyo","Gensokyo:Gensokyoer","TheBeyond","Gensokyo:Gensokyo"],"potions_floor_usage":[],"damage_taken":[{"damage":0,"enemies":"Gensokyo:Python","floor":1,"turns":1},{"damage":0,"enemies":"Gensokyo:3_Fairies","floor":2,"turns":4},{"damage":0,"enemies":"Gensokyo:Gryphon","floor":5,"turns":2},{"damage":3,"enemies":"Gensokyo:Aya","floor":7,"turns":3},{"damage":0,"enemies":"Gensokyo:Mamizou","floor":10,"turns":3},{"damage":0,"enemies":"Gensokyo:LivingMonolith","floor":11,"turns":1},{"damage":0,"enemies":"Gensokyo:Cirno","floor":13,"turns":8},{"damage":10,"enemies":"Gensokyo:Kokoro","floor":16,"turns":9},{"damage":4,"enemies":"Gensokyo:3_Dogs","floor":19,"turns":7},{"damage":0,"enemies":"Gensokyo:Reisen","floor":24,"turns":2},{"damage":0,"enemies":"Gensokyo:AngelMirror","floor":27,"turns":1},{"damage":0,"enemies":"Gensokyo:Wraith","floor":28,"turns":3},{"damage":0,"enemies":"Nightmare","floor":29,"turns":3},{"damage":0,"enemies":"Gensokyo:Mirror_and_Dog","floor":31,"turns":2},{"damage":0,"enemies":"Gensokyo:Eternal_Rivals","floor":33,"turns":5},{"damage":0,"enemies":"Orb Walker","floor":35,"turns":1},{"damage":0,"enemies":"rorgmod:Wheel Gremlin","floor":37,"turns":2},{"damage":8,"enemies":"3 Shapes","floor":38,"turns":2},{"damage":1,"enemies":"R_Hoarder","floor":40,"turns":3},{"damage":0,"enemies":"Jaw Worm Horde","floor":44,"turns":2},{"damage":0,"enemies":"3 Darklings","floor":46,"turns":2},{"damage":2,"enemies":"Reptomancer","floor":47,"turns":2},{"damage":0,"enemies":"conspire:OrnateMirror","floor":50,"turns":1},{"damage":0,"enemies":"Gensokyo:3_Fairies","floor":52,"turns":2},{"damage":0,"enemies":"Gensokyo:Python","floor":53,"turns":1}],"seed_played":"-3675845406847591397","potions_obtained":[{"floor":2,"key":"Reflective Coating"},{"floor":5,"key":"champ:CounterPotion"},{"floor":13,"key":"Poison Potion"},{"floor":16,"key":"testmod-TestPotion"}],"is_trial":false,"path_per_floor":["M","M","?","?","M","R","E","R","T","E","M","$","E","?","R","B",null,"M","M","$","?","?","R","E","$","T","M","M","NM","R","M","R","B",null,"M","T","?","M","?","E","R","?","T","M","$","M","E","$","R","B",null,"M","M","$","?"],"character_chosen":"THE_SILENT","items_purchased":["aspiration:Nostalgia","Apotheosis","Bag of Marbles","DemoMod:GnawedKey","DemoMod:ClearGuonStone","vexMod:Spyglass","MerchantsRug","testmod-Faith","DemoMod:MonsterBlood","SnafuTest:AardRelic","jedi:fakemustache","expansioncontent:PrepareCrush","Kunai","Akabeko","ReplayTheSpireMod:CursedCoin","SnafuTest:YrdenRelic","aspiration:VileToxins","rorgmod:Crooked Motherboard","halation:Sosunser","DemoMod:OrangeGuonStone","hexamod:JarOfFuel","Tingsha","infinitespire:EmpoweringShard","relicPack:WeightedSword","testmod-IndustrialRevolution","infinitespire:Bottled Soul","StuffTheSpire:GrapeVine"],"campfire_rested":2,"item_purchase_floors":[0,0,0,0,0,12,12,12,12,20,20,20,25,45,45,45,45,45,45,48,48,48,48,48,54,54,54],"current_hp_per_floor":[39,43,28,28,32,54,55,55,55,59,63,70,80,65,65,65,77,29,35,50,50,15,39,43,38,38,42,46,50,50,54,54,58,75,81,81,83,83,83,85,85,85,85,86,86,87,91,94,94,98,98,102,103,103,0,0],"gold":304,"neow_bonus":"","is_daily":false,"chose_seed":false,"campfire_upgraded":5,"win_rate":0.0,"timestamp":1608359880,"path_taken":["M","M","?","?","?","R","E","R","T","E","M","$","E","?","R","BOSS","M","?","?","?","?","R","E","$","T","M","M","NM","R","M","R","BOSS","M","?","?","M","?","E","R","?","T","M","$","M","E","?","R","BOSS","M","M","$","?"],"items_purchased_type":["Relic","Card","Relic","Relic","Relic","Relic","Relic","Relic","Relic","Relic","Relic","Card","Relic","Relic","Relic","Relic","Relic","Relic","Relic","Relic","Relic","Relic","Relic","Relic","Relic","Relic","Relic"],"build_version":"2020-12-13","purchased_purges":1,"victory":false,"max_hp_per_floor":[74,74,74,74,74,74,74,74,74,74,74,81,81,81,81,81,81,81,81,81,81,81,81,81,81,81,81,81,81,81,81,81,81,81,82,82,83,84,84,85,85,85,85,86,86,87,91,94,94,98,98,102,103,103,103,103],"card_choices":[{"not_picked":["rat:Exsanguinate","Dodge and Roll","rat:SiphonBlood"],"picked":"SKIP","floor":1},{"not_picked":["Outmaneuver","Setup","StuffTheSpire:Python"],"picked":"jedi:pocketpoison","floor":2},{"not_picked":["Hidden Blade","rat:Exsanguinate","Quick Slash"],"picked":"rat:Garrote","floor":5},{"not_picked":["Quick Slash","rat:Sprint","StuffTheSpire:BumpUp"],"picked":"rorgmod:Prepared","floor":7},{"not_picked":["rat:OpeningStrike","rorgmod:Accuracy","StuffTheSpire:Python"],"picked":"rat:SilverDagger","floor":10},{"not_picked":["rorgmod:Prepared","StuffTheSpire:DoubleShiv","Quick Slash"],"picked":"Outmaneuver","floor":11},{"not_picked":["jedi:pocketpoison","rorgmod:Phantasmal Killer","Skewer"],"picked":"Flying Knee","floor":13},{"not_picked":["MostiFishMod:Opportunism","MostiFishMod:LethalBlade","rat:VenomousWounds"],"picked":"Bullet Time","floor":16},{"not_picked":["MostiFishMod:ThornCasing+1","Eviscerate+1","Footwork"],"picked":"Heel Hook","floor":19},{"not_picked":["PiercingWail","Outmaneuver","StuffTheSpire:ReptileScales"],"picked":"rat:SilveredBlade+1","floor":24},{"not_picked":["jedi:studypoison","Bane+1","rat:ColdBlood+1"],"picked":"rorgmod:Catalyst","floor":27},{"not_picked":["Dagger Spray","hubris:TrickCloak+1","hubris:Sniper"],"picked":"Crippling Poison","floor":28},{"not_picked":["rat:Shadowstep+1","StuffTheSpire:Python","MostiFishMod:PerfectParry+1"],"picked":"Setup+1","floor":29},{"not_picked":["MostiFishMod:Dislodge","Quick Slash+1","MostiFishMod:PerfectParry"],"picked":"Flying Knee+1","floor":31},{"not_picked":["rat:AtrophicSteroids","Adrenaline","jedi:studyshivs"],"picked":"Atom Bomb","floor":33},{"not_picked":["StuffTheSpire:MirrorStance+1","Acrobatics","rat:RuptureArtery+1"],"picked":"StuffTheSpire:Injection+1","floor":35},{"not_picked":["Poisoned Stab","rat:FanOfKnives+1","Blade Dance"],"picked":"StuffTheSpire:BrimstoneBlast","floor":38},{"not_picked":["Backflip+1","MostiFishMod:Opportunism","Cloak And Dagger"],"picked":"rat:RuptureArtery","floor":40},{"not_picked":["StuffTheSpire:Shiver","jedi:unstablefumes+1","jedi:poisonivy"],"picked":"PiercingWail+1","floor":44},{"not_picked":["StuffTheSpire:MirrorStance","Bane+1","StuffTheSpire:ClusterCrunch"],"picked":"conspire:PoisonWeapons","floor":46},{"not_picked":["jedi:acidrain","Choke","Flying Knee+1"],"picked":"jedi:pocketpoison","floor":47},{"not_picked":["MostiFishMod:SpreadingSpore","MostiFishMod:UniGreen","Night Terror"],"picked":"A Thousand Cuts","floor":50},{"not_picked":["InfectiousVector","rat:EchoingStrikes","Masterful Stab"],"picked":"Dash","floor":52},{"not_picked":["rat:DextrousStrike","Quick Slash","jedi:unstablefumes","ReplayTheSpireMod:Speed Training"],"picked":"SKIP","floor":53}],"player_experience":256291,"relics_obtained":[{"floor":1,"key":"Question Card"},{"floor":1,"key":"LetterFromLob"},{"floor":7,"key":"DemoMod:SerJunkan"},{"floor":9,"key":"testmod-HeartOfDaVinci"},{"floor":10,"key":"DemoMod:Junk"},{"floor":13,"key":"hubris:64BitClover"},{"floor":16,"key":"ImportantClient"},{"floor":19,"key":"wanderingMiniBosses:Inkheart"},{"floor":24,"key":"DemoMod:LamentConfigurum"},{"floor":26,"key":"StuffTheSpire:WitherSkull"},{"floor":29,"key":"DemoMod:Junk"},{"floor":35,"key":"DemoMod:Junk"},{"floor":36,"key":"Replay:Bottled Steam"},{"floor":37,"key":"Golden Egg"},{"floor":40,"key":"DemoMod:Junk"},{"floor":43,"key":"halation:IllGainedPizza"},{"floor":47,"key":"Replay:Ringing Soul"}],"event_choices":[{"damage_healed":0,"gold_gain":0,"player_choice":"Fighting Wheel Gremlin","damage_taken":0,"max_hp_gain":0,"max_hp_loss":0,"event_name":"rorgmod:Wheel of Change","floor":37,"gold_loss":0},{"damage_healed":0,"gold_gain":275,"player_choice":"Desecrate","damage_taken":0,"max_hp_gain":0,"max_hp_loss":0,"event_name":"Golden Shrine","floor":39,"gold_loss":0,"cards_obtained":["Regret"]}],"is_beta":false,"boss_relics":[{"not_picked":["hubris:RunicObelisk","energizedSpire:OldTV"],"picked":"Sozu"},{"not_picked":[]},{"not_picked":["Inserter","halation:ForbiddenBikini"],"picked":"testmod-NegativeEmotionEnhancer"},{"not_picked":[]},{"not_picked":["DiscerningMonocle","energizedSpire:HugeHouse"],"picked":"testmod-DeterminationOfClimber"},{"not_picked":[]}],"items_purged_floors":[48],"is_endless":true,"potions_floor_spawned":[2,5,13,16,28,33,38,47,50],"ascension_level":9}}