{"host":"6txiqg4kpf6cux77","time":1608407138,"event":{"mods":["AchievementEnabler","Act Like it!","BaseMod","Better Third Choice","BetterRewards","Colored Map","Colored Powertips","Friendly Minions","GifTheSpireLib","Hubris","Infinite Spire","Minty Spire (QoL Compilation)","Permanent Neow","Shop Mod","StSLib","Stuff the Spire","The Animator","The Jungle","The Servant 0.9.4","vexMod"],"gold_per_floor":[114,130,150,250,267,299,69,69,69,91,105,136,157,8,8,106,106,124,167,167,167,207,207,207],"floor_reached":23,"playtime":1393,"items_purged":["Strike_G","Defend_G"],"score":399,"play_id":"c99843b6-77f8-4720-adff-2c741ddc5f13","local_time":"20201219214538","is_ascension_mode":true,"campfire_choices":[{"data":"Phantasmal Killer","floor":8,"key":"SMITH"},{"data":"A Thousand Cuts","floor":15,"key":"SMITH"}],"circlet_count":0,"master_deck":["Strike_G","Strike_G+1","Strike_G+1","Strike_G","Defend_G","Defend_G","Defend_G","Defend_G","Survivor","Neutralize","Poisoned Stab","StuffTheSpire:Shiver","Dagger Spray","Phantasmal Killer+1","Accuracy","A Thousand Cuts+1","StuffTheSpire:Python","Venomology","Poisoned Stab","hubris:SlightOfHand+1","Necronomicurse","StuffTheSpire:DoubleShiv"],"relics":["Ring of the Snake","Incense Burner","Whetstone","MerchantsRug","Smiling Mask","Membership Card","vexMod:ConsolationPrize","StuffTheSpire:HeavyRock","StuffTheSpire:WitherSkull","Snake Skull","WristBlade","Necronomicon","betterThird:NestCultRelic"],"acts_visited":["Exordium","TheCity"],"potions_floor_usage":[6,6,12,12,19,19],"damage_taken":[{"damage":1,"enemies":"2 Louse","floor":1,"turns":3},{"damage":0,"enemies":"Cultist","floor":2,"turns":3},{"damage":0,"enemies":"Jaw Worm","floor":3,"turns":4},{"damage":3,"enemies":"Blue Slaver","floor":5,"turns":4},{"damage":5,"enemies":"3 Sentries","floor":6,"turns":6},{"damage":8,"enemies":"2 Fungi Beasts","floor":10,"turns":3},{"damage":0,"enemies":"3 Louse","floor":11,"turns":2},{"damage":0,"enemies":"Lagavulin","floor":12,"turns":6},{"damage":6,"enemies":"Gremlin Gang","floor":13,"turns":2},{"damage":0,"enemies":"Slime Boss","floor":16,"turns":5},{"damage":5,"enemies":"Shell Parasite","floor":18,"turns":6},{"damage":28,"enemies":"2 Thieves","floor":19,"turns":4},{"damage":24,"enemies":"Snecko","floor":22,"turns":4},{"damage":4,"enemies":"Book of Stabbing","floor":23,"turns":1}],"seed_played":"-1398411604013123276","potions_obtained":[{"floor":1,"key":"CunningPotion"},{"floor":5,"key":"Block Potion"},{"floor":6,"key":"Dexterity Potion"},{"floor":10,"key":"EssenceOfSteel"},{"floor":19,"key":"Poison Potion"}],"is_trial":false,"path_per_floor":["M","M","M","?","M","E","$","R","T","M","M","E","M","$","R","B",null,"M","M","?","?","M","E"],"character_chosen":"THE_SILENT","items_purchased":["Poisoned Stab","Whetstone","Lee\u0027s Waffle","MerchantsRug","Membership Card","Accuracy","StuffTheSpire:WitherSkull","Snake Skull"],"campfire_rested":0,"item_purchase_floors":[0,0,0,0,7,7,14,14],"current_hp_per_floor":[76,76,76,76,73,68,68,68,68,60,60,60,54,54,54,54,77,72,44,28,28,4,0,0],"gold":207,"neow_bonus":"","is_daily":false,"chose_seed":false,"campfire_upgraded":2,"win_rate":0.0,"timestamp":1608407138,"path_taken":["M","M","M","?","?","E","?","R","T","M","M","E","M","$","R","BOSS","M","M","?","?","M","E"],"items_purchased_type":["Card","Relic","Relic","Relic","Relic","Card","Relic","Relic"],"build_version":"2020-12-13","purchased_purges":2,"victory":false,"max_hp_per_floor":[77,77,77,77,77,77,77,77,77,77,77,77,77,77,77,77,77,77,77,77,77,77,77,77],"card_choices":[{"not_picked":["Outmaneuver","Dagger Spray"],"picked":"StuffTheSpire:Shiver","floor":1},{"not_picked":["StuffTheSpire:ClusterCrunch","Dodge and Roll","Underhanded Strike"],"picked":"SKIP","floor":2},{"not_picked":["Well Laid Plans","Underhanded Strike"],"picked":"Dagger Spray","floor":3},{"not_picked":["Skewer","Quick Slash","Backflip"],"picked":"SKIP","floor":5},{"not_picked":["Dagger Spray","Flying Knee"],"picked":"Phantasmal Killer","floor":6},{"not_picked":["Reflex","Quick Slash","Caltrops"],"picked":"SKIP","floor":10},{"not_picked":["Bane","Dagger Throw","StuffTheSpire:ClusterCrunch"],"picked":"SKIP","floor":11},{"not_picked":["Dagger Spray","Dagger Throw"],"picked":"A Thousand Cuts","floor":12},{"not_picked":["Flying Knee","hubris:TrickCloak"],"picked":"StuffTheSpire:Python","floor":13},{"not_picked":["Tools of the Trade","After Image"],"picked":"Venomology","floor":16},{"not_picked":["Sucker Punch","Dagger Spray"],"picked":"Poisoned Stab","floor":18},{"not_picked":["Outmaneuver","Dodge and Roll"],"picked":"hubris:SlightOfHand+1","floor":19},{"not_picked":["hubris:SlightOfHand","Caltrops"],"picked":"StuffTheSpire:DoubleShiv","floor":22}],"player_experience":181836,"relics_obtained":[{"floor":6,"key":"Smiling Mask"},{"floor":9,"key":"vexMod:ConsolationPrize"},{"floor":12,"key":"StuffTheSpire:HeavyRock"},{"floor":20,"key":"Necronomicon"}],"event_choices":[{"damage_healed":0,"gold_gain":100,"player_choice":"Gold","damage_taken":0,"max_hp_gain":0,"max_hp_loss":0,"event_name":"Wheel of Change","floor":4,"gold_loss":0},{"damage_healed":0,"gold_gain":0,"player_choice":"Obtained Book","damage_taken":16,"max_hp_gain":0,"max_hp_loss":0,"event_name":"Cursed Tome","floor":20,"gold_loss":0},{"damage_healed":0,"gold_gain":0,"player_choice":"Madness","damage_taken":0,"relics_obtained":["betterThird:NestCultRelic"],"max_hp_gain":0,"max_hp_loss":0,"event_name":"betterThird:BetterNest","floor":21,"gold_loss":0}],"is_beta":false,"boss_relics":[{"not_picked":["vexMod:NewClearReactor","hubris:Backtick"],"picked":"WristBlade"}],"items_purged_floors":[0,7],"is_endless":false,"potions_floor_spawned":[1,5,6,10,19],"killed_by":"Book of Stabbing","ascension_level":1}}