{"host":"aioitfzuz1h9wkvz","time":1608347880,"event":{"mods":["AchievementEnabler","BaseMod","Colored Map","Minty Spire (QoL Compilation)","Quick Restart","Relic Stats","StSLib"],"gold_per_floor":[212,212,54,54,54,54,54,71,141,141,172,172,227,241,241,241,241],"floor_reached":16,"playtime":359,"items_purged":[],"score":96,"play_id":"f96dfd62-3eec-4c6e-9088-42f1c869669a","local_time":"20201219131800","is_ascension_mode":false,"campfire_choices":[{"data":"Heavy Blade","floor":6,"key":"SMITH"},{"data":"Flex","floor":10,"key":"SMITH"},{"data":"Bash","floor":12,"key":"SMITH"},{"floor":15,"key":"REST"}],"circlet_count":0,"master_deck":["Strike_R","Strike_R","Strike_R","Strike_R","Defend_R","Defend_R","Defend_R","Defend_R","Bash+1","Heavy Blade+1","Double Tap+1","Flex+1","Ghostly Armor+1","Whirlwind"],"relics":["Burning Blood","Toxic Egg 2","PreservedInsect","Kunai"],"acts_visited":["Exordium"],"potions_floor_usage":[16,16],"damage_taken":[{"damage":6,"enemies":"Jaw Worm","floor":1,"turns":5},{"damage":2,"enemies":"2 Louse","floor":8,"turns":2},{"damage":25,"enemies":"3 Sentries","floor":11,"turns":9},{"damage":36,"enemies":"Lagavulin Event","floor":13,"turns":6},{"damage":0,"enemies":"Small Slimes","floor":14,"turns":3},{"damage":61,"enemies":"The Guardian","floor":16,"turns":8}],"seed_played":"-4684655787249418809","potions_obtained":[{"floor":1,"key":"FearPotion"},{"floor":13,"key":"SteroidPotion"}],"is_trial":false,"path_per_floor":["M","?","$","?","?","R","?","M","T","R","E","R","?","M","R","B"],"character_chosen":"IRONCLAD","items_purchased":["Double Tap"],"campfire_rested":1,"item_purchase_floors":[3],"current_hp_per_floor":[80,80,80,80,80,80,80,80,80,80,61,61,31,37,61,0,0],"gold":241,"neow_bonus":"HUNDRED_GOLD","is_daily":false,"chose_seed":false,"campfire_upgraded":3,"win_rate":0.0,"timestamp":1608347880,"path_taken":["M","?","$","?","?","R","?","?","T","R","E","R","?","M","R","BOSS"],"items_purchased_type":["Card"],"build_version":"2020-12-13","purchased_purges":0,"victory":false,"max_hp_per_floor":[80,80,80,80,80,80,80,80,80,80,80,80,80,80,80,80,80],"relic_stats":{"counters":[6,33],"PreservedInsect":28,"Kunai":[1],"obtain_stats":[{"PreservedInsect":11,"Kunai":13,"Toxic Egg 2":9,"Burning Blood":0},{"PreservedInsect":3,"Kunai":3,"Toxic Egg 2":2,"Burning Blood":0},{"PreservedInsect":16,"Kunai":16,"Toxic Egg 2":7,"Burning Blood":0}],"Burning Blood":26},"card_choices":[{"not_picked":["Thunderclap","Anger"],"picked":"Heavy Blade","floor":1},{"not_picked":["Iron Wave","Shrug It Off"],"picked":"Flex","floor":8},{"not_picked":["Havoc+1","Immolate"],"picked":"Ghostly Armor+1","floor":11},{"not_picked":["Fire Breathing","Cleave"],"picked":"Whirlwind","floor":14}],"player_experience":673430,"relics_obtained":[{"floor":9,"key":"Toxic Egg 2"},{"floor":11,"key":"PreservedInsect"}],"event_choices":[{"damage_healed":0,"gold_gain":0,"player_choice":"Ignored","damage_taken":0,"max_hp_gain":0,"max_hp_loss":0,"event_name":"Liars Game","floor":2,"gold_loss":0},{"damage_healed":0,"gold_gain":0,"player_choice":"Grow","damage_taken":0,"max_hp_gain":0,"max_hp_loss":0,"event_name":"Living Wall","floor":4,"gold_loss":0,"cards_upgraded":["Double Tap"]},{"damage_healed":0,"gold_gain":0,"player_choice":"Leave","damage_taken":0,"max_hp_gain":0,"max_hp_loss":0,"event_name":"The Cleric","floor":5,"gold_loss":0},{"cards_removed":["Strike_R"],"damage_healed":0,"gold_gain":0,"player_choice":"Purged","damage_taken":0,"max_hp_gain":0,"max_hp_loss":0,"event_name":"Purifier","floor":7,"gold_loss":0},{"damage_healed":0,"gold_gain":30,"player_choice":"Searched \u00273\u0027 times","damage_taken":0,"relics_obtained":["Kunai"],"max_hp_gain":0,"max_hp_loss":0,"event_name":"Dead Adventurer","floor":13,"gold_loss":0}],"is_beta":false,"boss_relics":[],"items_purged_floors":[],"is_endless":false,"potions_floor_spawned":[1,13],"killed_by":"The Guardian","ascension_level":0}}