{"host":"9d83omykrosjn1d3","time":1608380880,"event":{"mods":["AchievementEnabler","BaseMod","BetterRewards","Card Forge","Hubris","MarisaÅiñ∂âJÅ@ñÇóùçπÅj","Minty Spire (QoL Compilation)","Permanent Neow","Shop Mod","StSLib","SuperFastMode"],"gold_per_floor":[111,61,61,115,40,108,208,269,269,32,98,145,206,252,252,372,372,417,270,316,25,25,113,161,249,249,303,303,353,438,438,438,561,561,640,281,281,81,160,220,277,333,333,392,443,503,559,618,618,618,618,618,616,666,666],"floor_reached":56,"playtime":3491,"items_purged":["Strike_G","Defend_G","hubris:SlightOfHand","WitchOfGreed","Riddle With Holes","Survivor+1"],"score":2170,"play_id":"704b328b-3c29-42a6-9d90-899b5c998c68","local_time":"20201219212800","daily_mods":["Heirloom","Flight","DeadlyEvents","Elite Swarm"],"is_ascension_mode":false,"campfire_choices":[{"data":"Envenom","floor":15,"key":"SMITH"},{"data":"Burst","floor":28,"key":"SMITH"},{"data":"A Thousand Cuts","floor":32,"key":"SMITH"},{"floor":49,"key":"RECALL"},{"data":"A Thousand Cuts","floor":52,"key":"SMITH"}],"circlet_count":0,"master_deck":["Neutralize+1","Reflex+1","HandOfGreed+1","Adrenaline+1","Envenom+1","Adrenaline+1","Burst+1","After Image+1","Prepared+1","Backflip+1","A Thousand Cuts+1","Adrenaline+1","Adrenaline+1","Tactician+1","Escape Plan+1","Envenom","A Thousand Cuts+1","Envenom"],"relics":["Ring of the Snake","Hammer of Thor","Seething Fire","Anvil of the Gods","hubris:64BitClover","hubris:GlazedTorus","hubris:SlimyHat","MerchantsRug","CaptainsWheel","Thread and Needle","SlaversCollar","TheAbacus","Mummified Hand","Omamori","MealTicket","The Specimen","Bag of Preparation","Bottled Lightning","Pen Nib","hubris:ToyBattleship","Bird Faced Urn","Runic Dome","Oddly Smooth Stone","Mark of the Bloom","CatCart","FossilizedHelix","Kunai","Blue Candle","Happy Flower","Lantern","Singing Bowl","Tingsha","Smiling Mask","Mercury Hourglass"],"acts_visited":["Exordium","TheCity","TheBeyond","TheEnding"],"potions_floor_usage":[6,12,16,55],"damage_taken":[{"damage":0,"enemies":"Jaw Worm","floor":1,"turns":4},{"damage":0,"enemies":"Cultist","floor":4,"turns":3},{"damage":20,"enemies":"Gremlin Nob","floor":6,"turns":4},{"damage":22,"enemies":"3 Sentries","floor":7,"turns":10},{"damage":20,"enemies":"Gremlin Nob","floor":8,"turns":4},{"damage":0,"enemies":"Lagavulin","floor":11,"turns":5},{"damage":4,"enemies":"Gremlin Nob","floor":12,"turns":3},{"damage":1,"enemies":"3 Sentries","floor":13,"turns":6},{"damage":0,"enemies":"Gremlin Nob","floor":14,"turns":3},{"damage":12,"enemies":"The Guardian","floor":16,"turns":6},{"damage":0,"enemies":"Shell Parasite","floor":18,"turns":5},{"damage":0,"enemies":"Spheric Guardian","floor":20,"turns":4},{"damage":0,"enemies":"Slavers","floor":23,"turns":4},{"damage":0,"enemies":"Gremlin Leader","floor":24,"turns":5},{"damage":0,"enemies":"Slavers","floor":25,"turns":3},{"damage":0,"enemies":"Gremlin Leader","floor":27,"turns":3},{"damage":0,"enemies":"Book of Stabbing","floor":29,"turns":2},{"damage":0,"enemies":"Slavers","floor":30,"turns":1},{"damage":0,"enemies":"Automaton","floor":33,"turns":4},{"damage":8,"enemies":"3 Shapes","floor":35,"turns":1},{"damage":0,"enemies":"Orin","floor":39,"turns":2},{"damage":0,"enemies":"Nemesis","floor":40,"turns":1},{"damage":0,"enemies":"Giant Head","floor":41,"turns":1},{"damage":0,"enemies":"Nemesis","floor":42,"turns":1},{"damage":0,"enemies":"Reptomancer","floor":44,"turns":1},{"damage":0,"enemies":"Nemesis","floor":45,"turns":1},{"damage":0,"enemies":"Reptomancer","floor":46,"turns":1},{"damage":0,"enemies":"Nemesis","floor":47,"turns":1},{"damage":0,"enemies":"Reptomancer","floor":48,"turns":1},{"damage":0,"enemies":"Time Eater","floor":50,"turns":3},{"damage":0,"enemies":"Shield and Spear","floor":54,"turns":1},{"damage":43,"enemies":"The Heart","floor":55,"turns":4}],"seed_played":"159326208206804848","potions_obtained":[{"floor":1,"key":"Poison Potion"},{"floor":4,"key":"AttackPotion"},{"floor":11,"key":"Regen Potion"},{"floor":12,"key":"DistilledChaos"},{"floor":13,"key":"Poison Potion"},{"floor":14,"key":"DistilledChaos"},{"floor":16,"key":"CunningPotion"},{"floor":20,"key":"EntropicBrew"},{"floor":25,"key":"FearPotion"},{"floor":29,"key":"Strength Potion"},{"floor":33,"key":"FairyPotion"},{"floor":41,"key":"AttackPotion"},{"floor":42,"key":"Weak Potion"},{"floor":46,"key":"SpeedPotion"},{"floor":54,"key":"DuplicationPotion"}],"is_trial":true,"path_per_floor":["M","?","?","M","$","E","E","E","T","$","E","E","E","E","R","B",null,"M","$","M","$","?","E","E","E","T","E","R","E","E","T","R","B",null,"M","$","?","$","?","E","E","E","T","E","E","E","E","E","R","B",null,"R","$","E","B",null],"character_chosen":"THE_SILENT","items_purchased":["MerchantsRug","TheAbacus","Prepared","Mummified Hand","Tactician","Oddly Smooth Stone","Escape Plan","ColorlessPotion"],"campfire_rested":0,"item_purchase_floors":[10,19,19,21,36,36,36,53],"current_hp_per_floor":[70,70,70,70,70,50,28,8,8,8,8,13,12,12,12,35,70,70,70,70,70,70,70,70,70,70,70,70,70,70,70,70,70,70,64,70,70,70,70,70,70,70,70,70,70,70,70,70,70,70,70,70,70,70,27],"gold":666,"neow_bonus":"","is_daily":false,"chose_seed":false,"campfire_upgraded":4,"win_rate":0.0,"timestamp":1608380880,"path_taken":["M","?","?","M","$","E","E","E","T","$","E","E","E","E","R","BOSS","M","?","?","$","?","E","E","E","T","E","R","E","E","?","R","BOSS","M","$","?","$","?","E","E","E","T","E","E","E","E","E","R","BOSS","R","$","E","BOSS"],"items_purchased_type":["Relic","Relic","Card","Relic","Card","Relic","Card","Potion"],"build_version":"2020-12-13","purchased_purges":6,"victory":true,"max_hp_per_floor":[70,70,70,70,70,70,70,70,70,70,70,70,70,70,70,70,70,70,70,70,70,70,70,70,70,70,70,70,70,70,70,70,70,70,70,70,70,70,70,70,70,70,70,70,70,72,74,76,76,76,76,76,76,76,76],"card_choices":[{"not_picked":["Dagger Spray","Concentrate"],"picked":"Reflex","floor":1},{"not_picked":["Outmaneuver","PiercingWail"],"picked":"hubris:SlightOfHand","floor":4},{"not_picked":["Bullet Time","Corpse Explosion","Malaise"],"picked":"SKIP","floor":6},{"not_picked":["Burst","Grand Finale"],"picked":"Adrenaline","floor":7},{"not_picked":["Grand Finale","Corpse Explosion"],"picked":"Envenom","floor":8},{"not_picked":["Glass Knife","Bullet Time"],"picked":"Adrenaline","floor":11},{"not_picked":["Corpse Explosion","Phantasmal Killer","Storm of Steel"],"picked":"SKIP","floor":12},{"not_picked":["Unload","Glass Knife","Wraith Form v2"],"picked":"SKIP","floor":13},{"not_picked":["Wraith Form v2","Venomology"],"picked":"Burst","floor":14},{"not_picked":["Wraith Form v2","Tools of the Trade"],"picked":"After Image","floor":16},{"not_picked":["Distraction","Skewer+1","Slice"],"picked":"SKIP","floor":18},{"not_picked":["Bouncing Flask","Crippling Poison"],"picked":"Backflip","floor":20},{"not_picked":["Wraith Form v2","Phantasmal Killer","Bullet Time"],"picked":"SKIP","floor":23},{"not_picked":["Venomology","Die Die Die"],"picked":"A Thousand Cuts","floor":24},{"not_picked":["Storm of Steel","Corpse Explosion"],"picked":"Adrenaline","floor":25},{"not_picked":["Doppelganger","Bullet Time"],"picked":"Adrenaline","floor":27},{"not_picked":["Unload","Bullet Time","Storm of Steel"],"picked":"SKIP","floor":29},{"not_picked":["Bullet Time","Malaise","Doppelganger"],"picked":"SKIP","floor":30},{"not_picked":["Acrobatics+1","Flying Knee+1","Deadly Poison+1"],"picked":"SKIP","floor":35},{"not_picked":["Storm of Steel","A Thousand Cuts"],"picked":"Envenom","floor":40},{"not_picked":["Grand Finale","Night Terror","Burst"],"picked":"SKIP","floor":41},{"not_picked":["Phantasmal Killer","Bullet Time","Wraith Form v2"],"picked":"SKIP","floor":42},{"not_picked":["Doppelganger","Bullet Time","Burst"],"picked":"SKIP","floor":44},{"not_picked":["Doppelganger","Venomology"],"picked":"A Thousand Cuts","floor":45},{"not_picked":["Bullet Time","Doppelganger","Glass Knife"],"picked":"Singing Bowl","floor":46},{"not_picked":["Corpse Explosion","Die Die Die","Malaise"],"picked":"Singing Bowl","floor":47},{"not_picked":["Doppelganger","Adrenaline","Burst"],"picked":"Singing Bowl","floor":48},{"not_picked":["Bullet Time","After Image"],"picked":"Envenom","floor":54}],"player_experience":571824,"relics_obtained":[{"floor":8,"key":"hubris:GlazedTorus"},{"floor":9,"key":"hubris:SlimyHat"},{"floor":11,"key":"hubris:BottledRain"},{"floor":12,"key":"CaptainsWheel"},{"floor":13,"key":"Thread and Needle"},{"floor":14,"key":"Lizard Tail"},{"floor":23,"key":"Omamori"},{"floor":24,"key":"MealTicket"},{"floor":25,"key":"The Specimen"},{"floor":26,"key":"Bag of Preparation"},{"floor":27,"key":"Bottled Lightning"},{"floor":29,"key":"Pen Nib"},{"floor":30,"key":"hubris:ToyBattleship"},{"floor":31,"key":"Bird Faced Urn"},{"floor":35,"key":"MawBank"},{"floor":39,"key":"CatCart"},{"floor":40,"key":"FossilizedHelix"},{"floor":41,"key":"Kunai"},{"floor":42,"key":"Blue Candle"},{"floor":44,"key":"Happy Flower"},{"floor":45,"key":"Lantern"},{"floor":46,"key":"Singing Bowl"},{"floor":47,"key":"Tingsha"},{"floor":48,"key":"Smiling Mask"},{"floor":54,"key":"Mercury Hourglass"}],"event_choices":[{"cards_removed":["Defend_G"],"damage_healed":0,"gold_gain":0,"player_choice":"Card Removal","damage_taken":0,"max_hp_gain":0,"max_hp_loss":0,"event_name":"The Cleric","floor":2,"gold_loss":50},{"damage_healed":0,"gold_gain":0,"cards_transformed":["Strike_G"],"player_choice":"Transformed","damage_taken":0,"max_hp_gain":0,"max_hp_loss":0,"event_name":"Transmorgrifier","floor":3,"gold_loss":0,"cards_obtained":["Riddle With Holes"]},{"damage_healed":0,"gold_gain":0,"player_choice":"Ignored","damage_taken":0,"max_hp_gain":0,"max_hp_loss":0,"event_name":"Ghosts","floor":22,"gold_loss":0},{"damage_healed":0,"gold_gain":0,"player_choice":"Upgrade","damage_taken":0,"relics_obtained":["Mark of the Bloom"],"max_hp_gain":0,"max_hp_loss":0,"event_name":"MindBloom","floor":37,"gold_loss":0,"cards_upgraded":["Survivor","Neutralize","Reflex","HandOfGreed","Adrenaline","Adrenaline","After Image","Prepared","Backflip","Adrenaline","Adrenaline","Tactician","Escape Plan"]},{"damage_healed":0,"gold_gain":0,"player_choice":"Fight","damage_taken":0,"max_hp_gain":0,"max_hp_loss":0,"event_name":"OrinTheCat","floor":39,"gold_loss":0}],"is_beta":false,"boss_relics":[{"not_picked":["Ring of the Serpent","hubris:VirtuousBlindfold"],"picked":"SlaversCollar"},{"not_picked":["Empty Cage","Fusion Hammer"],"picked":"Runic Dome"}],"items_purged_floors":[5,10,19,21,36,38],"is_endless":false,"potions_floor_spawned":[1,4,11,12,14,16,20,25,29,33,41,42,46,47,48,54],"ascension_level":0}}