{"host":"rolltorest","time":1608421841,"event":{"mods":["BaseMod","Minty Spire (QoL Compilation)","StSLib"],"gold_per_floor":[111,128,71,146,158,192,192,203,226,257,15,15,65,94,94,171,171,186,209,221,62,62,62,92,92,164,164,194,244,269,283,283,361,361,377,394,76,89,109,139,139,173,173,173,201,216,216,235,235,235,235,235,235,110,141,141],"floor_reached":57,"playtime":3016,"items_purged":["Strike_P","Strike_P","Writhe"],"score":3082,"play_id":"55165756-97ea-498d-bbde-96724e46f983","local_time":"20201219155041","is_ascension_mode":true,"campfire_choices":[{"floor":7,"key":"REST"},{"data":"MentalFortress","floor":15,"key":"SMITH"},{"data":"WheelKick","floor":23,"key":"SMITH"},{"data":"Meditate","floor":25,"key":"SMITH"},{"floor":32,"key":"REST"},{"floor":41,"key":"REST"},{"floor":44,"key":"REST"},{"floor":49,"key":"RECALL"},{"floor":53,"key":"REST"}],"circlet_count":0,"master_deck":["AscendersBane","Strike_P","Strike_P+1","Defend_P+1","Defend_P","Defend_P","Defend_P","Eruption","Vigilance+1","Meditate+1","FlurryOfBlows","EmptyFist+1","WheelKick+1","DeceiveReality+1","Fasting2","CrushJoints","MentalFortress+1","WaveOfTheHand","Scrawl+1","CutThroughFate","Wireheading","DevaForm+1","Meditate+1","RitualDagger+1","LessonLearned","Indignation+1","CutThroughFate+1","Sanctity+1","MentalFortress+1","EmptyMind+1","Wallop"],"relics":["SlaversCollar","Bag of Preparation","Bronze Scales","Bag of Marbles","OrangePellets","Strawberry","Snecko Eye","Boot","Darkstone Periapt","Pear","GoldenEye","Kunai","Fusion Hammer","Toolbox","Orichalcum","Damaru","PreservedInsect","Unceasing Top"],"acts_visited":["Exordium","TheCity","TheBeyond","TheEnding"],"potions_floor_usage":[14,16,24,33,36,40,48,56,56],"damage_taken":[{"damage":2,"enemies":"Jaw Worm","floor":1,"turns":4},{"damage":7,"enemies":"Small Slimes","floor":2,"turns":4},{"damage":3,"enemies":"2 Louse","floor":5,"turns":3},{"damage":15,"enemies":"Lagavulin","floor":6,"turns":5},{"damage":10,"enemies":"Red Slaver","floor":8,"turns":6},{"damage":0,"enemies":"Gremlin Nob","floor":10,"turns":2},{"damage":3,"enemies":"3 Sentries","floor":14,"turns":6},{"damage":6,"enemies":"Hexaghost","floor":16,"turns":7},{"damage":10,"enemies":"3 Byrds","floor":18,"turns":3},{"damage":0,"enemies":"Chosen","floor":20,"turns":2},{"damage":0,"enemies":"Gremlin Leader","floor":24,"turns":6},{"damage":11,"enemies":"Slavers","floor":28,"turns":5},{"damage":0,"enemies":"Gremlin Leader","floor":30,"turns":4},{"damage":27,"enemies":"Snake Plant","floor":31,"turns":3},{"damage":12,"enemies":"Champ","floor":33,"turns":6},{"damage":9,"enemies":"3 Shapes","floor":35,"turns":5},{"damage":42,"enemies":"3 Darklings","floor":36,"turns":4},{"damage":0,"enemies":"Transient","floor":38,"turns":6},{"damage":12,"enemies":"Spire Growth","floor":39,"turns":3},{"damage":0,"enemies":"Reptomancer","floor":40,"turns":3},{"damage":0,"enemies":"Giant Head","floor":42,"turns":5},{"damage":2,"enemies":"Nemesis","floor":45,"turns":8},{"damage":0,"enemies":"Maw","floor":46,"turns":5},{"damage":0,"enemies":"Jaw Worm Horde","floor":48,"turns":5},{"damage":22,"enemies":"Donu and Deca","floor":50,"turns":9},{"damage":12,"enemies":"Awakened One","floor":51,"turns":13},{"damage":47,"enemies":"Shield and Spear","floor":55,"turns":8},{"damage":29,"enemies":"The Heart","floor":56,"turns":7}],"seed_played":"7083597818073263503","potions_obtained":[{"floor":1,"key":"SkillPotion"},{"floor":6,"key":"Energy Potion"},{"floor":10,"key":"Swift Potion"},{"floor":14,"key":"Weak Potion"},{"floor":18,"key":"CultistPotion"},{"floor":24,"key":"AttackPotion"},{"floor":39,"key":"SkillPotion"},{"floor":45,"key":"Strength Potion"},{"floor":48,"key":"SteroidPotion"}],"is_trial":false,"path_per_floor":["M","M","$","?","M","E","R","M","T","E","$","?","?","E","R","B",null,"M","T","M","$","$","R","E","R","T","?","E","?","E","M","R","B",null,"M","M","$","M","M","E","R","E","T","R","E","M","?","M","R","B","B",null,"R","$","E","B",null],"character_chosen":"WATCHER","items_purchased":["EmptyFist","OrangePellets","MentalFortress","DevaForm","Toolbox","Swift Potion"],"campfire_rested":5,"item_purchase_floors":[3,11,11,21,37,37],"current_hp_per_floor":[59,52,52,41,38,23,43,33,33,33,33,33,33,37,37,31,64,54,54,54,54,54,54,54,54,64,58,47,39,39,12,37,25,70,61,19,19,19,7,7,32,32,32,57,55,55,78,78,78,56,44,79,91,91,44,15],"gold":141,"neow_bonus":"BOSS_RELIC","is_daily":false,"chose_seed":false,"campfire_upgraded":3,"win_rate":0.0,"timestamp":1608421841,"path_taken":["M","M","$","?","M","E","R","M","T","E","$","?","?","E","R","BOSS","M","?","M","?","$","R","E","R","T","?","E","?","E","M","R","BOSS","M","M","$","M","?","E","R","E","T","R","E","M","?","M","R","BOSS","BOSS","R","$","E","BOSS"],"items_purchased_type":["Card","Relic","Card","Card","Relic","Potion"],"build_version":"2020-12-18","purchased_purges":3,"victory":true,"max_hp_per_floor":[68,68,68,68,68,68,68,68,68,68,68,68,68,75,75,75,75,75,75,75,75,75,75,75,75,85,85,85,85,85,85,85,85,85,85,85,85,85,85,85,85,85,85,85,85,85,91,91,91,91,91,91,91,91,91,91],"card_choices":[{"not_picked":["Halt","Nirvana"],"picked":"Meditate","floor":1},{"not_picked":["SashWhip","Perseverance"],"picked":"FlurryOfBlows","floor":2},{"not_picked":["FlyingSleeves","Study"],"picked":"WheelKick","floor":5},{"not_picked":["FlyingSleeves","JustLucky"],"picked":"DeceiveReality","floor":6},{"not_picked":["ThirdEye","EmptyFist"],"picked":"Fasting2","floor":8},{"not_picked":["Fasting2","Devotion"],"picked":"CrushJoints","floor":10},{"not_picked":["BowlingBash","Fasting2"],"picked":"WaveOfTheHand","floor":14},{"not_picked":["Establishment","MasterReality"],"picked":"Scrawl","floor":16},{"not_picked":["EmptyBody","EmptyFist"],"picked":"CutThroughFate","floor":18},{"not_picked":["JustLucky","CrushJoints"],"picked":"Wireheading","floor":20},{"not_picked":["Pray","Halt"],"picked":"Meditate","floor":24},{"not_picked":["Wireheading","WindmillStrike","DeceiveReality"],"picked":"SKIP","floor":28},{"not_picked":["Blasphemy","FlurryOfBlows","Halt"],"picked":"SKIP","floor":30},{"not_picked":["PathToVictory+1","Prostrate","EmptyFist"],"picked":"SKIP","floor":31},{"not_picked":["Devotion","Establishment"],"picked":"LessonLearned","floor":33},{"not_picked":["FollowUp","FlyingSleeves"],"picked":"Indignation+1","floor":35},{"not_picked":["Protect","BowlingBash","DeceiveReality"],"picked":"SKIP","floor":36},{"not_picked":["Blasphemy","BattleHymn"],"picked":"CutThroughFate","floor":38},{"not_picked":["FlurryOfBlows+1","Prostrate","FlyingSleeves"],"picked":"SKIP","floor":39},{"not_picked":["ReachHeaven","FlurryOfBlows","SignatureMove"],"picked":"SKIP","floor":40},{"not_picked":["Wireheading+1","JustLucky"],"picked":"Sanctity+1","floor":42},{"not_picked":["Pray","Crescendo"],"picked":"MentalFortress+1","floor":45},{"not_picked":["ClearTheMind+1","Adaptation+1"],"picked":"EmptyMind+1","floor":46},{"not_picked":["PathToVictory","EmptyBody","FollowUp"],"picked":"SKIP","floor":48},{"not_picked":["Worship","CarveReality"],"picked":"Wallop","floor":55}],"player_experience":1685725,"relics_obtained":[{"floor":6,"key":"Bag of Preparation"},{"floor":9,"key":"Bronze Scales"},{"floor":10,"key":"Bag of Marbles"},{"floor":14,"key":"Strawberry"},{"floor":19,"key":"Boot"},{"floor":24,"key":"Darkstone Periapt"},{"floor":26,"key":"Pear"},{"floor":28,"key":"GoldenEye"},{"floor":30,"key":"Kunai"},{"floor":40,"key":"Orichalcum"},{"floor":42,"key":"Damaru"},{"floor":45,"key":"PreservedInsect"},{"floor":55,"key":"Unceasing Top"}],"event_choices":[{"damage_healed":0,"gold_gain":75,"player_choice":"Gather Gold","damage_taken":11,"max_hp_gain":0,"max_hp_loss":0,"event_name":"World of Goop","floor":4,"gold_loss":0},{"damage_healed":0,"gold_gain":0,"player_choice":"Grow","damage_taken":0,"max_hp_gain":0,"max_hp_loss":0,"event_name":"Living Wall","floor":12,"gold_loss":0,"cards_upgraded":["Meditate"]},{"damage_healed":0,"gold_gain":50,"player_choice":"Pray","damage_taken":0,"max_hp_gain":0,"max_hp_loss":0,"event_name":"Golden Shrine","floor":13,"gold_loss":0},{"damage_healed":0,"gold_gain":0,"player_choice":"Joined the Cult","damage_taken":6,"max_hp_gain":0,"max_hp_loss":0,"event_name":"Nest","floor":27,"gold_loss":0,"cards_obtained":["RitualDagger"]},{"damage_healed":0,"gold_gain":50,"player_choice":"Touch","damage_taken":8,"max_hp_gain":0,"max_hp_loss":0,"event_name":"FaceTrader","floor":29,"gold_loss":0},{"damage_healed":17,"gold_gain":0,"player_choice":"Writhe","damage_taken":0,"max_hp_gain":0,"max_hp_loss":0,"event_name":"Winding Halls","floor":47,"gold_loss":0,"cards_obtained":["Writhe"]}],"is_beta":true,"boss_relics":[{"not_picked":["Astrolabe","Cursed Key"],"picked":"Snecko Eye"},{"not_picked":["Empty Cage","Velvet Choker"],"picked":"Fusion Hammer"}],"items_purged_floors":[21,37,54],"is_endless":false,"potions_floor_spawned":[1,6,10,14,18,24,28,30,39,45,46,48],"ascension_level":20}}