{"host":"hp4podz600orhpf6","time":1608353115,"event":{"mods":["AlwaysNeverKeys","BaseMod","Better Match","Better Note","Block Reminder","DeckTracker","Hermit","Minty Spire (QoL Compilation)","Quick Restart","StSLib","The Cursed","The Hayseed"],"gold_per_floor":[114,132,143,143,34,34,47,47,47,47,47,59,88,163,163,163,163],"floor_reached":16,"playtime":1061,"items_purged":["Strike_G"],"score":135,"play_id":"b07ab8b6-495c-4471-a780-57386d65ad24","local_time":"20201218234515","is_ascension_mode":true,"campfire_choices":[{"data":"Infinite Blades","floor":6,"key":"SMITH"},{"data":"Cloak And Dagger","floor":8,"key":"SMITH"},{"floor":15,"key":"REST"}],"circlet_count":0,"master_deck":["Strike_G","Strike_G","Strike_G","Strike_G","Defend_G","Defend_G","Defend_G","Defend_G","Survivor","Neutralize","PiercingWail","Infinite Blades+1","Poisoned Stab","Infinite Blades","Cloak And Dagger+1","Regret","Underhanded Strike","Venomology"],"relics":["Sozu","Paper Crane","Bird Faced Urn","Mango"],"acts_visited":["Exordium"],"potions_floor_usage":[],"damage_taken":[{"damage":0,"enemies":"Small Slimes","floor":1,"turns":3},{"damage":0,"enemies":"Cultist","floor":2,"turns":4},{"damage":1,"enemies":"2 Louse","floor":3,"turns":3},{"damage":9,"enemies":"Large Slime","floor":7,"turns":8},{"damage":1,"enemies":"Red Slaver","floor":12,"turns":3},{"damage":18,"enemies":"Gremlin Nob","floor":13,"turns":4},{"damage":0,"enemies":"The Guardian","floor":16,"turns":2}],"seed_played":"-250145462243058482","potions_obtained":[],"is_trial":false,"path_per_floor":["M","M","M","?","$","R","M","R","T","?","?","M","E","?","R","B"],"character_chosen":"THE_SILENT","items_purchased":["Infinite Blades"],"campfire_rested":1,"item_purchase_floors":[5],"current_hp_per_floor":[63,63,62,59,59,59,50,50,50,50,43,46,46,38,63,67,67],"gold":163,"neow_bonus":"BOSS_RELIC","is_daily":false,"chose_seed":false,"campfire_upgraded":2,"win_rate":0.0,"timestamp":1608353115,"path_taken":["M","M","M","?","$","R","M","R","T","?","?","M","E","?","R","BOSS"],"items_purchased_type":["Card"],"build_version":"2020-12-13","purchased_purges":1,"victory":false,"max_hp_per_floor":[70,70,70,70,70,70,70,70,70,70,70,70,84,84,84,84,84],"card_choices":[{"not_picked":["Prepared","Tactician"],"picked":"PiercingWail","floor":1},{"not_picked":["Cloak And Dagger","Blade Dance"],"picked":"Infinite Blades","floor":2},{"not_picked":["Bane","Dagger Spray"],"picked":"Poisoned Stab","floor":3},{"not_picked":["Terror","Quick Slash"],"picked":"Cloak And Dagger","floor":7},{"not_picked":["Dagger Throw","Outmaneuver"],"picked":"Underhanded Strike","floor":12},{"not_picked":["Setup","Underhanded Strike"],"picked":"Venomology","floor":13}],"player_experience":637672,"relics_obtained":[{"floor":9,"key":"Paper Crane"},{"floor":13,"key":"Mango"}],"event_choices":[{"damage_healed":0,"gold_gain":0,"player_choice":"Fled","damage_taken":3,"max_hp_gain":0,"max_hp_loss":0,"event_name":"Scrap Ooze","floor":4,"gold_loss":0},{"damage_healed":0,"gold_gain":0,"player_choice":"Box","damage_taken":0,"relics_obtained":["Bird Faced Urn"],"max_hp_gain":0,"max_hp_loss":0,"event_name":"Big Fish","floor":10,"gold_loss":0,"cards_obtained":["Regret"]},{"cards_removed":["Defend_G"],"damage_healed":0,"gold_gain":0,"player_choice":"Card Removal","damage_taken":7,"max_hp_gain":0,"max_hp_loss":0,"event_name":"Golden Wing","floor":11,"gold_loss":0},{"damage_healed":0,"gold_gain":75,"player_choice":"Touch","damage_taken":8,"max_hp_gain":0,"max_hp_loss":0,"event_name":"FaceTrader","floor":14,"gold_loss":0}],"is_beta":false,"boss_relics":[],"items_purged_floors":[5],"is_endless":false,"potions_floor_spawned":[2,3],"killed_by":"The Guardian","ascension_level":7}}