{"host":"pjgcdp3h1plnbocs","time":1608405455,"event":{"mods":["AchievementEnabler","BaseMod","Colored Map","Highlight Path","Minty Spire (QoL Compilation)"],"gold_per_floor":[10,20,32,32,32,59,79,106,106,123,123,140,140,160,160,160,160],"floor_reached":16,"playtime":397,"items_purged":[],"score":148,"play_id":"3cbf3dff-99ca-4970-aa74-fedfed7a2e62","local_time":"20201219201735","is_ascension_mode":true,"campfire_choices":[{"data":"Redo","floor":11.0,"key":"SMITH"},{"data":"Dualcast","floor":13.0,"key":"SMITH"},{"data":"Redo","floor":15.0,"key":"SMITH"}],"circlet_count":0,"master_deck":["Strike_B","Strike_B","Strike_B","Defend_B","Defend_B","Defend_B","Defend_B","Zap","Dualcast+1","Master of Strategy","Coolheaded","Cold Snap","Ball Lightning","Redo+1","Sweeping Beam","Redo+1"],"relics":["Cracked Core","Potion Belt","PreservedInsect","Pear","Frozen Egg 2"],"acts_visited":["Exordium"],"potions_floor_usage":[],"damage_taken":[{"damage":0.0,"enemies":"2 Louse","floor":1.0,"turns":2.0},{"damage":5.0,"enemies":"Jaw Worm","floor":2.0,"turns":4.0},{"damage":0.0,"enemies":"Cultist","floor":3.0,"turns":4.0},{"damage":22.0,"enemies":"3 Sentries","floor":6.0,"turns":8.0},{"damage":16.0,"enemies":"Lots of Slimes","floor":7.0,"turns":3.0},{"damage":6.0,"enemies":"Gremlin Nob","floor":8.0,"turns":3.0},{"damage":2.0,"enemies":"Looter","floor":10.0,"turns":3.0},{"damage":7.0,"enemies":"Large Slime","floor":12.0,"turns":5.0},{"damage":7.0,"enemies":"Exordium Thugs","floor":14.0,"turns":3.0},{"damage":0,"enemies":"Hexaghost","floor":16,"turns":1}],"seed_played":"9207605257201626550","potions_obtained":[{"floor":1.0,"key":"EssenceOfDarkness"},{"floor":8.0,"key":"Fire Potion"},{"floor":10.0,"key":"PowerPotion"},{"floor":12.0,"key":"Weak Potion"}],"is_trial":false,"path_per_floor":["M","M","M","?","T","E","M","E","T","M","R","M","R","M","R","B"],"character_chosen":"DEFECT","items_purchased":[],"campfire_rested":0,"item_purchase_floors":[],"current_hp_per_floor":[68,63,63,63,63,41,25,29,29,27,27,20,20,13,13,13,13],"gold":160,"neow_bonus":"RANDOM_COLORLESS_2","is_daily":false,"chose_seed":false,"campfire_upgraded":3,"win_rate":0.0,"timestamp":1608405455,"path_taken":["M","M","M","?","?","E","M","E","T","M","R","M","R","M","R","BOSS"],"items_purchased_type":[],"build_version":"2020-12-13","purchased_purges":0,"victory":false,"max_hp_per_floor":[75,75,75,75,75,75,75,85,85,85,85,85,85,85,85,85,85],"card_choices":[{"not_picked":["Secret Technique","Thinking Ahead"],"picked":"Master of Strategy","floor":0.0},{"not_picked":["Darkness","Aggregate"],"picked":"Coolheaded","floor":1.0},{"not_picked":["Genetic Algorithm","Rebound"],"picked":"Cold Snap","floor":2.0},{"not_picked":["Turbo","Force Field"],"picked":"Ball Lightning","floor":3.0},{"not_picked":["Force Field","Stack"],"picked":"Redo","floor":6.0},{"not_picked":["Go for the Eyes","Doom and Gloom","Stack"],"picked":"SKIP","floor":7.0},{"not_picked":["Rebound","Reboot"],"picked":"Sweeping Beam","floor":8.0},{"not_picked":["Leap","Streamline","Sunder"],"picked":"SKIP","floor":10.0},{"not_picked":["Streamline","Darkness","Steam"],"picked":"SKIP","floor":12.0},{"not_picked":["Coolheaded","Double Energy"],"picked":"Redo","floor":14.0}],"player_experience":117637,"relics_obtained":[{"floor":5.0,"key":"Potion Belt"},{"floor":6.0,"key":"PreservedInsect"},{"floor":8.0,"key":"Pear"},{"floor":9.0,"key":"Frozen Egg 2"}],"event_choices":[{"cards_removed":["Strike_B"],"damage_healed":0.0,"max_hp_gain":0.0,"max_hp_loss":0.0,"gold_gain":0.0,"event_name":"Living Wall","player_choice":"Forget","floor":4.0,"gold_loss":0.0,"damage_taken":0.0}],"is_beta":false,"boss_relics":[],"items_purged_floors":[],"is_endless":false,"potions_floor_spawned":[1,8,10,12],"killed_by":"Hexaghost","ascension_level":6}}