{"host":"2lo6hma6kymb0g9i","time":1608406289,"event":{"mods":["BaseMod","Colored Map","DeckTracker","Minty Spire (QoL Compilation)"],"gold_per_floor":[110,128,139,139,156,190,190,207,230,230,258,11,36,49,49,124,124,141,155,155,181,193,209,227,246,272,187,187,87,87,107,107,107,107],"floor_reached":33,"playtime":2770,"items_purged":["Strike_G","Strike_G"],"score":488,"play_id":"e872387f-dffd-4e87-8fab-a6eaf64c028b","local_time":"20201220043129","is_ascension_mode":true,"campfire_choices":[{"data":"Backstab","floor":7,"key":"SMITH"},{"data":"Neutralize","floor":10,"key":"SMITH"},{"floor":15,"key":"REST"},{"floor":28,"key":"REST"},{"data":"Noxious Fumes","floor":30,"key":"SMITH"},{"data":"Blur","floor":32,"key":"SMITH"}],"circlet_count":0,"master_deck":["AscendersBane","Strike_G","Strike_G","Strike_G","Defend_G","Defend_G","Defend_G","Defend_G","Defend_G","Survivor","Neutralize+1","Noxious Fumes+1","Blur+1","Backflip","Underhanded Strike","Backstab+1","Tactician","Corpse Explosion","Prepared","Corpse Explosion","Acrobatics","Adrenaline","Acrobatics+1","PiercingWail","Dagger Throw+1","Deadly Poison","Dagger Throw"],"relics":["Ring of the Serpent","CultistMask","Regal Pillow","Bronze Scales","Bag of Marbles","Orichalcum","Bag of Preparation","Red Mask","Ancient Tea Set","HornCleat"],"acts_visited":["Exordium","TheCity"],"potions_floor_usage":[6,11,11,24,25],"damage_taken":[{"damage":2,"enemies":"Jaw Worm","floor":1,"turns":6},{"damage":0,"enemies":"Cultist","floor":2,"turns":5},{"damage":0,"enemies":"2 Louse","floor":3,"turns":4},{"damage":10,"enemies":"Large Slime","floor":5,"turns":10},{"damage":22,"enemies":"3 Sentries","floor":6,"turns":9},{"damage":1,"enemies":"Looter","floor":8,"turns":4},{"damage":7,"enemies":"Lagavulin","floor":11,"turns":8},{"damage":16,"enemies":"Gremlin Nob","floor":13,"turns":4},{"damage":0,"enemies":"Exordium Wildlife","floor":14,"turns":1},{"damage":10,"enemies":"The Guardian","floor":16,"turns":10},{"damage":11,"enemies":"Spheric Guardian","floor":18,"turns":5},{"damage":17,"enemies":"Chosen","floor":19,"turns":4},{"damage":0,"enemies":"Masked Bandits","floor":21,"turns":3},{"damage":17,"enemies":"Sentry and Sphere","floor":22,"turns":4},{"damage":0,"enemies":"Cultist and Chosen","floor":23,"turns":3},{"damage":10,"enemies":"Shelled Parasite and Fungi","floor":24,"turns":5},{"damage":4,"enemies":"Snake Plant","floor":25,"turns":3},{"damage":0,"enemies":"Sentry and Sphere","floor":31,"turns":2},{"damage":30,"enemies":"Champ","floor":33,"turns":8}],"seed_played":"-7483092228138167219","potions_obtained":[{"floor":3,"key":"BlessingOfTheForge"},{"floor":5,"key":"Poison Potion"},{"floor":6,"key":"Dexterity Potion"},{"floor":8,"key":"Strength Potion"},{"floor":18,"key":"EssenceOfSteel"},{"floor":19,"key":"DuplicationPotion"},{"floor":24,"key":"Swift Potion"}],"is_trial":false,"path_per_floor":["M","M","M","?","M","E","R","M","T","R","E","$","E","M","R","B",null,"M","M","?","?","M","M","M","M","T","?","R","$","R","M","R","B"],"character_chosen":"THE_SILENT","items_purchased":["Orichalcum"],"campfire_rested":2,"item_purchase_floors":[12],"current_hp_per_floor":[63,63,63,63,53,31,31,30,30,30,23,23,7,7,43,33,62,51,34,34,34,17,17,7,3,3,3,39,39,39,39,39,9,9],"gold":107,"neow_bonus":"TEN_PERCENT_HP_BONUS","is_daily":false,"chose_seed":false,"campfire_upgraded":4,"win_rate":0.0,"timestamp":1608406289,"path_taken":["M","M","M","?","?","E","R","M","T","R","E","?","E","M","R","BOSS","M","M","?","?","M","M","M","M","T","?","R","$","R","?","R","BOSS"],"items_purchased_type":["Relic"],"build_version":"2020-12-13","purchased_purges":2,"victory":false,"max_hp_per_floor":[72,72,72,72,72,72,72,72,72,72,72,72,72,72,72,72,72,72,72,72,72,72,72,72,72,72,72,72,72,72,72,72,72,72],"card_choices":[{"not_picked":["Outmaneuver","Flying Knee"],"picked":"Noxious Fumes","floor":1},{"not_picked":["Crippling Poison","Dagger Spray"],"picked":"Blur","floor":2},{"not_picked":["Dodge and Roll","Riddle With Holes"],"picked":"Backflip","floor":3},{"not_picked":["Dodge and Roll","Concentrate"],"picked":"Underhanded Strike","floor":5},{"not_picked":["Unload","Caltrops"],"picked":"Backstab","floor":6},{"not_picked":["Poisoned Stab","Backflip","Endless Agony"],"picked":"SKIP","floor":8},{"not_picked":["Noxious Fumes","Dodge and Roll"],"picked":"Tactician","floor":11},{"not_picked":["Riddle With Holes","Terror"],"picked":"Corpse Explosion","floor":13},{"not_picked":["Cloak And Dagger","Slice"],"picked":"Prepared","floor":14},{"not_picked":["Doppelganger","Storm of Steel"],"picked":"Corpse Explosion","floor":16},{"not_picked":["Cloak And Dagger","PiercingWail"],"picked":"Acrobatics","floor":18},{"not_picked":["Underhanded Strike","Noxious Fumes","Deadly Poison+1"],"picked":"SKIP","floor":19},{"not_picked":["Slice","Sucker Punch"],"picked":"Acrobatics+1","floor":21},{"not_picked":["Deadly Poison","Phantasmal Killer"],"picked":"PiercingWail","floor":22},{"not_picked":["Acrobatics","Dodge and Roll"],"picked":"Dagger Throw+1","floor":23},{"not_picked":["Outmaneuver","PiercingWail","Bane"],"picked":"SKIP","floor":24},{"not_picked":["Blade Dance","Storm of Steel"],"picked":"Deadly Poison","floor":25},{"not_picked":["Cloak And Dagger","Underhanded Strike"],"picked":"Dagger Throw","floor":31}],"player_experience":835086,"relics_obtained":[{"floor":6,"key":"Regal Pillow"},{"floor":9,"key":"Bronze Scales"},{"floor":11,"key":"Bag of Marbles"},{"floor":13,"key":"Bag of Preparation"},{"floor":21,"key":"Red Mask"},{"floor":26,"key":"Ancient Tea Set"}],"event_choices":[{"damage_healed":0,"gold_gain":0,"player_choice":"Trade","damage_taken":0,"relics_obtained":["CultistMask"],"max_hp_gain":0,"max_hp_loss":0,"event_name":"FaceTrader","floor":4,"gold_loss":0},{"damage_healed":0,"gold_gain":0,"player_choice":"Read","damage_taken":0,"max_hp_gain":0,"max_hp_loss":0,"event_name":"The Library","floor":20,"gold_loss":0,"cards_obtained":["Adrenaline"]},{"damage_healed":0,"gold_gain":0,"player_choice":"Fought Bandits","damage_taken":0,"max_hp_gain":0,"max_hp_loss":0,"event_name":"Masked Bandits","floor":21,"gold_loss":0},{"damage_healed":0,"gold_gain":0,"player_choice":"Obtained Relic","damage_taken":0,"relics_obtained":["HornCleat"],"max_hp_gain":0,"max_hp_loss":0,"event_name":"Addict","floor":27,"gold_loss":85}],"is_beta":false,"boss_relics":[{"not_picked":["SacredBark","Fusion Hammer"],"picked":"Ring of the Serpent"}],"items_purged_floors":[12,29],"is_endless":false,"potions_floor_spawned":[3,5,6,8,18,19,22,24],"killed_by":"Champ","ascension_level":16}}