{"host":"0vd2boh2oi7jm085","time":1608367714,"event":{"mods":["BaseMod","Colored Map","Colored Powertips","Highlight Path","Minty Spire (QoL Compilation)","Quick Restart","StSLib","The IronCluck"],"gold_per_floor":[116,33,33,83,103,103,119,119,119,119,149,0,13,13,13,13,13],"floor_reached":16,"playtime":323,"items_purged":[],"score":186,"play_id":"bf4cd554-4264-42fa-bf53-6c85f3d48c55","local_time":"20201219004834","is_ascension_mode":true,"campfire_choices":[{"data":"Flex","floor":6,"key":"SMITH"},{"data":"Flex","floor":8,"key":"SMITH"},{"data":"Cleave","floor":10,"key":"SMITH"},{"floor":15,"key":"REST"}],"circlet_count":0,"master_deck":["AscendersBane","Strike_R","Strike_R","Strike_R","Strike_R","Strike_R","Defend_R","Defend_R","Defend_R","Defend_R","Bash","Flex+1","Flex+1","Cleave+1","Reaper"],"relics":["Burning Blood","Letter Opener","Nunchaku"],"acts_visited":["Exordium"],"potions_floor_usage":[16,16],"damage_taken":[{"damage":1,"enemies":"Cultist","floor":1,"turns":4},{"damage":15,"enemies":"Small Slimes","floor":5,"turns":4},{"damage":0,"enemies":"2 Louse","floor":7,"turns":1},{"damage":41,"enemies":"Gremlin Nob","floor":11,"turns":4},{"damage":29,"enemies":"Gremlin Gang","floor":13,"turns":4},{"damage":48,"enemies":"The Guardian","floor":16,"turns":5}],"seed_played":"-5941464098891027366","potions_obtained":[{"floor":1,"key":"PowerPotion"},{"floor":7,"key":"DuplicationPotion"}],"is_trial":false,"path_per_floor":["M","$","?","?","M","R","M","R","T","R","E","$","M","$","R","B"],"character_chosen":"IRONCLAD","items_purchased":["Flex","Cleave","Reaper"],"campfire_rested":1,"item_purchase_floors":[2,2,12],"current_hp_per_floor":[80,80,80,80,71,71,77,77,77,77,42,42,28,28,52,10,10],"gold":13,"neow_bonus":"TEN_PERCENT_HP_BONUS","is_daily":false,"chose_seed":false,"campfire_upgraded":3,"win_rate":0.0,"timestamp":1608367714,"path_taken":["M","?","?","?","M","R","?","R","T","R","E","$","M","$","R","BOSS"],"items_purchased_type":["Card","Card","Card"],"build_version":"2020-12-13","purchased_purges":0,"victory":false,"max_hp_per_floor":[82,82,82,82,82,82,82,82,82,82,82,82,82,82,82,82,82],"card_choices":[{"not_picked":["Ghostly Armor","Pommel Strike"],"picked":"Flex","floor":1},{"not_picked":["Dual Wield","Warcry","Headbutt"],"picked":"SKIP","floor":5},{"not_picked":["Cleave","Dropkick","True Grit"],"picked":"SKIP","floor":7},{"not_picked":["Rage","Sentinel","Shockwave"],"picked":"SKIP","floor":11},{"not_picked":["Headbutt","Warcry","Body Slam"],"picked":"SKIP","floor":13}],"player_experience":90767,"relics_obtained":[{"floor":9,"key":"Letter Opener"},{"floor":11,"key":"Nunchaku"}],"event_choices":[{"damage_healed":0,"gold_gain":0,"player_choice":"Ignored","damage_taken":0,"max_hp_gain":0,"max_hp_loss":0,"event_name":"Shining Light","floor":3,"gold_loss":0},{"damage_healed":0,"gold_gain":50,"player_choice":"Pray","damage_taken":0,"max_hp_gain":0,"max_hp_loss":0,"event_name":"Golden Shrine","floor":4,"gold_loss":0}],"is_beta":false,"boss_relics":[],"items_purged_floors":[],"is_endless":false,"potions_floor_spawned":[1,7],"killed_by":"The Guardian","ascension_level":18}}