{"host":"w6bv7e6dabj27l4i","time":1608350670,"event":{"mods":["Act Like it!","BaseMod","Colored Map","Custom Start","Downfall","Minty Spire (QoL Compilation)","Quick Restart","StSLib","Synergy Search","Unceasing Turn Reminder","slay the spire mod where everything is the same but ironclad has a cowboy hat"],"gold_per_floor":[99,125,125,125,153,166,166,94,123,157,332,348,448,465,477,574,574,424,435,168,178,188,253,253,253,411,411,476,31,81,131,158,261,261,261,311,340,378,378,437,437,184,221,221,271,65,115,15,39,39],"floor_reached":51,"playtime":9485,"items_purged":["Doubt","hexamod:Strike","hexamod:FirstSeal"],"score":944,"play_id":"57c3404a-bef9-405b-b942-5641265e0f2d","local_time":"20201218220429","is_ascension_mode":false,"campfire_choices":[{"floor":1.0,"key":"RECALL"},{"data":"hexamod:NightmareGuise","floor":18,"key":"SMITH"},{"data":"hexamod:Hexaguard","floor":25,"key":"SMITH"},{"data":"hexamod:Hexaguard","floor":27,"key":"SMITH"},{"floor":35,"key":"REST"},{"floor":39,"key":"REST"},{"floor":44,"key":"REST"}],"circlet_count":0,"master_deck":["hexamod:Strike+1","hexamod:Strike+1","hexamod:Defend+1","hexamod:Defend+1","hexamod:Defend+1","hexamod:Sear+1","hexamod:Float+1","hexamod:Hexaguard+1","hexamod:GhostLash+1","hexamod:NightmareGuise+1","hexamod:EtherealExpedition+1","hexamod:Hexaguard+1","hexamod:NightmareGuise+1","hexamod:EtherealExpedition+1","hexamod:NightmareGuise+1","hexamod:NightmareGuise+1","hexamod:TimeOfNeed+1","hexamod:Incineration+1","expansioncontent:DecasProtection+1","hexamod:SixthSeal","hexamod:HeatCrush+1","hexamod:BurningTouch+1","hexamod:FourthSeal","hexamod:ThirdSeal","Mayhem","hexamod:HeatCrush"],"relics":["hexamod:SpiritBrand","downfall:HeartsMalice","Strawberry","Turnip","The Courier","Odd Mushroom","Toxic Egg 2","downfall:CloakOfManyFaces","CultistMask","FaceOfCleric","NlothsMask","GremlinMask","SsserpentHead","Snecko Eye","downfall:HeartBlessingRed","downfall:HeartBlessingGreen","Strange Spoon","downfall:GremlinWheel","Juzu Bracelet","Boot","CeramicFish","Nilry\u0027s Codex","expansioncontent:StudyCardRelic","Singing Bowl","Gambling Chip","Mummified Hand","DollysMirror","Orichalcum","hexamod:TheBrokenSeal","hexamod:RecyclingMachine","Kunai","Bronze Scales"],"acts_visited":["Exordium","TheCity","TheBeyond"],"potions_floor_usage":[13,16,16,19,21,23,26,26,28,29,32,38,50,50],"damage_taken":[{"damage":0.0,"enemies":"Gremlin Nob","floor":2.0,"turns":1.0},{"damage":0.0,"enemies":"Small Slimes","floor":3.0,"turns":1.0},{"damage":0.0,"enemies":"Lagavulin","floor":5.0,"turns":1.0},{"damage":0,"enemies":"Cultist","floor":6,"turns":3},{"damage":0,"enemies":"downfall:FleeingMerchant","floor":8,"turns":4},{"damage":8,"enemies":"The Mushroom Lair","floor":9,"turns":3},{"damage":11,"enemies":"Gremlin Nob","floor":10,"turns":4},{"damage":0,"enemies":"2 Louse","floor":12,"turns":4},{"damage":2,"enemies":"downfall:FaceTrader","floor":13,"turns":9},{"damage":1,"enemies":"2 Fungi Beasts","floor":14,"turns":4},{"damage":11,"enemies":"Large Slime","floor":15,"turns":11},{"damage":24,"enemies":"downfall:Ironclad","floor":16,"turns":13},{"damage":12,"enemies":"Shell Parasite","floor":19,"turns":13},{"damage":0,"enemies":"downfall:FleeingMerchant","floor":20,"turns":4},{"damage":9,"enemies":"Spheric Guardian","floor":21,"turns":6},{"damage":5,"enemies":"Snake Plant","floor":22,"turns":6},{"damage":9,"enemies":"Centurion and Healer","floor":23,"turns":9},{"damage":23,"enemies":"Centurion and Healer","floor":26,"turns":4},{"damage":3,"enemies":"Snecko","floor":28,"turns":6},{"damage":9,"enemies":"downfall:FleeingMerchant","floor":29,"turns":4},{"damage":2,"enemies":"Sentry and Sphere","floor":32,"turns":3},{"damage":3,"enemies":"downfall:Defect","floor":33,"turns":8},{"damage":3,"enemies":"3 Shapes","floor":37,"turns":4},{"damage":9,"enemies":"Nemesis","floor":38,"turns":5},{"damage":9,"enemies":"downfall:FleeingMerchant","floor":42,"turns":4},{"damage":11,"enemies":"Reptomancer","floor":43,"turns":5},{"damage":24,"enemies":"downfall:FleeingMerchant","floor":46,"turns":4},{"damage":0,"enemies":"3 Darklings","floor":49,"turns":2},{"damage":12,"enemies":"downfall:Silent","floor":50,"turns":8}],"seed_played":"4116256873123267002","potions_obtained":[{"floor":2.0,"key":"Block Potion"},{"floor":9,"key":"sneckomod:MuddlingPotion"},{"floor":12,"key":"SteroidPotion"},{"floor":13,"key":"Energy Potion"},{"floor":15,"key":"DistilledChaos"},{"floor":16,"key":"SneckoOil"},{"floor":16,"key":"Ancient Potion"},{"floor":19,"key":"SneckoOil"},{"floor":21,"key":"Fire Potion"},{"floor":22,"key":"sneckomod:MuddlingPotion"},{"floor":23,"key":"AttackPotion"},{"floor":26,"key":"Energy Potion"},{"floor":28,"key":"sneckomod:MuddlingPotion"},{"floor":29,"key":"ColorlessPotion"},{"floor":32,"key":"Weak Potion"},{"floor":37,"key":"Guardian:BlockOnCardUsePotion"},{"floor":43,"key":"Dexterity Potion"}],"is_trial":false,"path_per_floor":["R","E","M","?","E","M","T","$","?","E","?","M","?","M","M","B",null,"R","M","$","M","M","M","T","R","?","R","M","$","?","?","M","B",null,"R","?","M","E","R","?","T","$","E","R","T","$","?","$","M","B",null],"character_chosen":"THE_SPIRIT","items_purchased":["hexamod:FirstSeal","Strange Spoon","expansioncontent:DecasProtection+1","Juzu Bracelet","Boot","CeramicFish","Mummified Hand","DollysMirror","hexamod:RecyclingMachine","Kunai","Bronze Scales","Mayhem"],"campfire_rested":3,"item_purchase_floors":[8,20,20,29,29,29,42,42,46,46,46,46],"current_hp_per_floor":[70,77,77,77,77,77,77,77,76,72,72,77,77,78,75,52,80,80,76,77,69,72,71,71,71,56,56,61,53,37,37,36,34,90,90,90,88,89,94,94,94,97,100,106,106,121,121,121,124,113],"gold":39,"neow_bonus":"THREE_ENEMY_KILL","is_daily":false,"chose_seed":false,"campfire_upgraded":3,"win_rate":0.0,"timestamp":1608350669,"path_taken":["R","E","M","?","E","?","T","?","?","E","?","M","?","M","M","BOSS","R","M","$","M","M","?","T","R","?","R","?","$","?","?","M","BOSS","R","?","M","E","R","?","T","?","E","R","?","$","?","$","M","BOSS"],"items_purchased_type":["Card","Relic","Card","Relic","Relic","Relic","Relic","Relic","Relic","Relic","Relic","Card"],"build_version":"2020-12-13","purchased_purges":3,"victory":true,"max_hp_per_floor":[70,77,77,77,77,77,77,77,77,77,77,77,77,78,79,80,80,80,81,82,83,84,85,85,85,86,86,87,88,88,88,89,90,90,90,90,91,94,94,94,94,99,106,106,106,121,121,121,124,125],"card_choices":[{"not_picked":["hexamod:GhostOfSpirePast","hexamod:Again"],"picked":"hexamod:Hexaguard","floor":2.0},{"not_picked":["hexamod:RadiantFlame","hexamod:Firestarter","hexamod:RainOfEmbers"],"picked":"SKIP","floor":3.0},{"not_picked":["hexamod:GhostOfSpirePresent","hexamod:RainOfEmbers"],"picked":"hexamod:GhostLash","floor":5.0},{"not_picked":["hexamod:ExtraCrispy","hexamod:BacktrackSmack"],"picked":"hexamod:NightmareGuise","floor":6},{"not_picked":["hexamod:HauntingEcho","hexamod:BacktrackSmack"],"picked":"hexamod:EtherealExpedition","floor":8},{"not_picked":["hexamod:InspiringFlames","hexamod:Firestarter"],"picked":"hexamod:Hexaguard","floor":9},{"not_picked":["hexamod:BurningTouch+1","hexamod:PhantomCloak"],"picked":"hexamod:FourthSeal","floor":10},{"not_picked":["hexamod:Firestarter","hexamod:NightmareStrike"],"picked":"hexamod:NightmareGuise+1","floor":12},{"not_picked":["hexamod:Hexaguard+1","hexamod:ApocalypticArmor"],"picked":"hexamod:EtherealExpedition+1","floor":13},{"not_picked":["hexamod:FourthSeal","hexamod:BurningTouch+1"],"picked":"hexamod:NightmareGuise+1","floor":14},{"not_picked":["hexamod:GhostLash","hexamod:Again+1"],"picked":"hexamod:NightmareGuise+1","floor":15},{"not_picked":["hexamod:EmpoweringStance","hexamod:Toasty"],"picked":"hexamod:TimeOfNeed+1","floor":16},{"not_picked":["hexamod:BurningTouch+1","hexamod:BacktrackSmack+1"],"picked":"hexamod:Incineration","floor":19},{"not_picked":["hexamod:FastForward+1","hexamod:ThermalTransfer"],"picked":"hexamod:FifthSeal","floor":20},{"not_picked":["hexamod:FirstSeal","hexamod:ThirdSeal"],"picked":"hexamod:SixthSeal","floor":21},{"not_picked":["hexamod:ShieldOfDarkness+1","hexamod:ThermalTransfer","hexamod:GhostLash"],"picked":"SKIP","floor":21},{"not_picked":["hexamod:FourthSeal","hexamod:FirstSeal"],"picked":"hexamod:SixthSeal","floor":22},{"not_picked":["hexamod:RainOfEmbers+1","hexamod:BurningTouch+1","hexamod:NecessarySacrifice+1"],"picked":"SKIP","floor":22},{"not_picked":["hexamod:FourthSeal","hexamod:FirstSeal"],"picked":"hexamod:SecondSeal","floor":23},{"not_picked":["hexamod:Firestarter","hexamod:GhostLash","hexamod:ShieldOfDarkness+1"],"picked":"SKIP","floor":23},{"not_picked":["hexamod:SecondSeal","hexamod:FourthSeal"],"picked":"hexamod:SixthSeal","floor":26},{"not_picked":["hexamod:GhostShield+1","hexamod:StepThrough","hexamod:PhantomFireball"],"picked":"SKIP","floor":28},{"not_picked":["hexamod:SpectralAdrenaline+1","hexamod:ChargedBarrage+1","hexamod:NecessarySacrifice+1"],"picked":"SKIP","floor":29},{"not_picked":["hexamod:SixthSeal","hexamod:FourthSeal","hexamod:SecondSeal"],"picked":"SKIP","floor":32},{"not_picked":["hexamod:ShieldOfDarkness+1","hexamod:RainOfEmbers","hexamod:AdvancingGuard+1"],"picked":"SKIP","floor":32},{"not_picked":["hexamod:SpectralAdrenaline+1","hexamod:ExtraCrispy"],"picked":"hexamod:HeatCrush+1","floor":37},{"not_picked":["hexamod:SixthSeal","hexamod:FirstSeal"],"picked":"hexamod:ThirdSeal","floor":38},{"not_picked":["hexamod:SwordOfDarkness+1","hexamod:BacktrackSmack+1","hexamod:NightmareStrike+1"],"picked":"Singing Bowl","floor":38},{"not_picked":["hexamod:SixthSeal","hexamod:ThirdSeal"],"picked":"hexamod:FourthSeal","floor":42},{"not_picked":["hexamod:ApocalypseNow+1","hexamod:Firestarter+1","hexamod:SuperheatedStrike"],"picked":"Singing Bowl","floor":42},{"not_picked":["hexamod:EtherealExpedition+1","hexamod:NightmareGuise+1","hexamod:Haunt+1"],"picked":"Singing Bowl","floor":42},{"not_picked":["hexamod:ThirdSeal","hexamod:FourthSeal"],"picked":"hexamod:FirstSeal","floor":43},{"not_picked":["hexamod:Hexaguard+1","hexamod:GhostShield+1","hexamod:HauntingEcho"],"picked":"Singing Bowl","floor":43},{"not_picked":["hexamod:Again+1","hexamod:RecurringNightmare+1","hexamod:ChargedBarrage+1"],"picked":"Singing Bowl","floor":43},{"not_picked":["hexamod:NightmareGuise+1","hexamod:ShieldOfDarkness+1","hexamod:NightmareStrike+1"],"picked":"Singing Bowl","floor":43},{"not_picked":["hexamod:PhantomFireball","hexamod:InspiringFlames+1","hexamod:BurningTouch+1"],"picked":"Singing Bowl","floor":46},{"not_picked":["hexamod:ShieldOfDarkness+1","hexamod:SwordOfDarkness","hexamod:ExtraCrispy"],"picked":"Singing Bowl","floor":46},{"not_picked":["hexamod:AdvancingGuard+1","hexamod:Firestarter","hexamod:NecessarySacrifice+1"],"picked":"Singing Bowl","floor":49},{"not_picked":["hexamod:NightmareGuise+1","hexamod:BacktrackSmack+1"],"picked":"hexamod:HeatCrush","floor":49}],"player_experience":447495,"relics_obtained":[{"floor":2.0,"key":"Strawberry"},{"floor":5.0,"key":"Turnip"},{"floor":7,"key":"The Courier"},{"floor":9,"key":"Odd Mushroom"},{"floor":10,"key":"Toxic Egg 2"},{"floor":13,"key":"downfall:CloakOfManyFaces"},{"floor":26,"key":"downfall:GremlinWheel"},{"floor":30,"key":"Nilry\u0027s Codex"},{"floor":38,"key":"Singing Bowl"},{"floor":41,"key":"Gambling Chip"},{"floor":43,"key":"Orichalcum"}],"event_choices":[{"cards_removed":["hexamod:Strike"],"damage_healed":0.0,"max_hp_gain":0.0,"max_hp_loss":0.0,"gold_gain":0.0,"event_name":"Bonfire Elementals","player_choice":"Offered Basic","floor":4.0,"gold_loss":0.0,"damage_taken":0.0},{"damage_healed":0,"gold_gain":0,"player_choice":"Fought Mushrooms","damage_taken":0,"max_hp_gain":0,"max_hp_loss":0,"event_name":"Mushrooms","floor":9,"gold_loss":0},{"cards_removed":["hexamod:Defend"],"damage_healed":0,"gold_gain":0,"player_choice":"Elegance","damage_taken":0,"max_hp_gain":0,"max_hp_loss":0,"event_name":"Back to Basics","floor":31,"gold_loss":0},{"damage_healed":0,"gold_gain":0,"player_choice":"Ignored","damage_taken":0,"max_hp_gain":0,"max_hp_loss":0,"event_name":"Upgrade Shrine","floor":36,"gold_loss":0},{"cards_removed":["hexamod:SixthSeal"],"damage_healed":0,"gold_gain":0,"player_choice":"Purged","damage_taken":0,"max_hp_gain":0,"max_hp_loss":0,"event_name":"Purifier","floor":47,"gold_loss":0}],"is_beta":false,"boss_relics":[{"not_picked":["Ectoplasm","Runic Dome"],"picked":"Snecko Eye"},{"not_picked":["Tiny House","Busted Crown"],"picked":"expansioncontent:StudyCardRelic"}],"items_purged_floors":[20,29,48],"is_endless":false,"potions_floor_spawned":[2,9,13,15,16,21,22,23,32,49],"ascension_level":0}}