{"host":"owp3md0algd3028i","time":1608351699,"event":{"mods":["AchievementEnabler","Aspiration","BaseMod","BetterRewards","Colored Map","Colored Powertips","Conspire","Custom Start","DeckTracker","Defuse TimeMaze Blight","Downfall","Energized Spire","GifTheSpireLib","Halation","Hermit","Highlight Path","Hubris","Infinite Spire","Marisa????????","Minty Spire (QoL Compilation)","Permanent Neow","Quick Restart","Railgun Mod","Replay The Spire","Reworked Bosses","Shop Mod","Spicy Shops","StSLib","Stuff the Spire","SuperFastMode","vexMod"],"gold_per_floor":[112,132,145,159,178,178,203,203,253,253,27,59,79,99,99,199,199,214,224,236,78,88,88,102,135,211,242,242,274,274,290,290,385,385,399,111,130,130,30,30,59,59,59,71,71,94,108,127,127,229,229,229],"floor_reached":51,"playtime":2774,"items_purged":["Pain"],"score":1301,"play_id":"ee4ffbf1-1284-4cab-b21a-768efbe44f40","local_time":"20201218222139","is_ascension_mode":false,"campfire_choices":[{"data":"Ball Lightning","floor":6.0,"key":"SMITH"},{"data":"Ball Lightning","floor":6.0,"key":"SMITH"},{"data":"Ball Lightning","floor":8.0,"key":"SMITH"},{"data":"Ball Lightning","floor":8.0,"key":"SMITH"},{"data":"Ball Lightning","floor":15.0,"key":"SMITH"},{"data":"Ball Lightning","floor":15.0,"key":"SMITH"},{"data":"Ball Lightning","floor":23.0,"key":"SMITH"},{"data":"StuffTheSpire:Plugnplay","floor":23.0,"key":"SMITH"},{"floor":30.0,"key":"REST"},{"data":"Apotheosis","floor":30.0,"key":"SMITH"},{"data":"Dramatic Entrance","floor":32.0,"key":"SMITH"},{"data":"Barrage","floor":40,"key":"SMITH"},{"data":"hubris:Prefetch","floor":42,"key":"SMITH"},{"data":"Heatsinks","floor":49,"key":"SMITH"}],"circlet_count":0,"master_deck":["infinitespire:Collect+1","infinitespire:Collect+1","infinitespire:Collect+1","infinitespire:Collect+1","FIFO Queue+1","FIFO Queue+1","FIFO Queue+1","FIFO Queue+1","Echo Form+1","Echo Form+1","Echo Form+1","Echo Form+1","Echo Form+1","Echo Form+1","Echo Form+1","Echo Form+1","Buffer+1","Buffer+1","Buffer+1","Buffer+1","Buffer+1","Electrodynamics+1","Electrodynamics+1","Electrodynamics+1","Biased Cognition+1","Biased Cognition+1","Biased Cognition+1","Biased Cognition+1","Defragment+1","Defragment+1","Defragment+1","Defragment+1","Defragment+1","Defragment+1","Defragment+1","Defragment+1","Defragment+1","Defragment+1","Defragment+1","Defragment+1","Defragment+1","Defragment+1","Defragment+1","Defragment+1","Defragment+1","Defragment+1","Capacitor+1","Capacitor+1","Capacitor+1","Capacitor+1","Amplify+1","Amplify+1","Amplify+1","Amplify+1","Stack+1","Stack+1","Stack+1","Stack+1","Zap+1","Zap+1","Zap+1","Zap+1","Zap+1","Zap+1","Thunder Strike+1","Thunder Strike+1","Thunder Strike+1","Thunder Strike+1","Core Surge+1","Core Surge+1","Melter","Melter","Melter","Sweeping Beam","Sweeping Beam+1","Sweeping Beam","Sweeping Beam+1","Barrage","Barrage","Barrage","Barrage+1","Ball Lightning+1","Ball Lightning+1","Ball Lightning+1","Ball Lightning+1","Ball Lightning+1","Ball Lightning+1","StuffTheSpire:Plugnplay+1","Static Discharge","Redo","Conserve Battery","StuffTheSpire:LoadUp","Hologram","Hyperbeam","Turbo","Ball Lightning+1","Barrage","conspire:SharedLibrary","conspire:SharedLibrary","Apotheosis+1","Dramatic Entrance+1","Ball Lightning","Force Field","Core Surge","Redo","ReplayTheSpireMod:Omega Cannon+1","Heatsinks+1","hubris:DuctTapeCard","hubris:Prefetch+1","Barrage+1","Electrodynamics"],"relics":["Cracked Core","Bronze Scales","Anchor","Burning Blood","Bottled Flame","Kunai","Lantern","Cables","halation:PenCase","Pen Nib","Whetstone","TungstenRod","Boot","Shuriken","Regal Pillow","hubris:OldNail","HornCleat","hubris:BallOfYels","Black Star","CaptainsWheel","ClockworkSouvenir","aspiration:EnhancedActuators","Bag of Marbles","Inserter","Sling","Strawberry","Tiny Chest","Torii","Unceasing Top","Blue Doll","Solar Panel","infinitespire:SolderingIron","PreservedInsect","Letter Opener","sneckomod:BlankCard","WarpedTongs","Membership Card","conspire:IceCreamScoop","StuffTheSpire:Expresso","conspire:TopHat","infinitespire:Magic Flask","aspiration:FrozenJewel","hubris:TenFootPole","Guardian:PocketSentry","Pondfish Scales","Black Star","Vajra","hubris:DuctTape","halation:PromiseList","conspire:GiftBox","Pear","MealTicket","conspire:SpecialSausage"],"acts_visited":["Exordium","TheCity","TheBeyond","Exordium"],"potions_floor_usage":[],"damage_taken":[{"damage":0.0,"enemies":"Cultist","floor":1.0,"turns":2.0},{"damage":0.0,"enemies":"conspire:RoseBush","floor":2.0,"turns":2.0},{"damage":0.0,"enemies":"Jaw Worm","floor":3.0,"turns":3.0},{"damage":0.0,"enemies":"Looter","floor":4.0,"turns":2.0},{"damage":0.0,"enemies":"conspire:2 RoseBushes","floor":5.0,"turns":2.0},{"damage":0.0,"enemies":"Gremlin Nob","floor":7.0,"turns":2.0},{"damage":0.0,"enemies":"Lagavulin","floor":12.0,"turns":2.0},{"damage":0.0,"enemies":"Exordium Thugs","floor":13.0,"turns":3.0},{"damage":0.0,"enemies":"Blue Slaver","floor":14.0,"turns":2.0},{"damage":12.0,"enemies":"Hexaghost","floor":16.0,"turns":4.0},{"damage":0.0,"enemies":"conspire:FuzzyDice","floor":18.0,"turns":2.0},{"damage":0.0,"enemies":"Shell Parasite","floor":19.0,"turns":2.0},{"damage":0.0,"enemies":"Chosen and Byrds","floor":20.0,"turns":3.0},{"damage":0.0,"enemies":"3 Cultists","floor":22.0,"turns":3.0},{"damage":6.0,"enemies":"Snake Plant","floor":24.0,"turns":2.0},{"damage":0.0,"enemies":"Replay:Snechameleon","floor":25.0,"turns":2.0},{"damage":5.0,"enemies":"conspire:SneckoGhost","floor":27.0,"turns":2.0},{"damage":0.0,"enemies":"Nightmare","floor":29.0,"turns":3.0},{"damage":0.0,"enemies":"conspire:HollyBat","floor":31.0,"turns":14.0},{"damage":2.0,"enemies":"bossMod:newCollector","floor":33.0,"turns":5.0},{"damage":0.0,"enemies":"3 Darklings","floor":35.0,"turns":2.0},{"damage":0.0,"enemies":"Orb Walker","floor":37.0,"turns":2.0},{"damage":0,"enemies":"Nemesis","floor":41,"turns":3},{"damage":9,"enemies":"Writhing Mass","floor":44,"turns":4},{"damage":0,"enemies":"Jaw Worm Horde","floor":47,"turns":1},{"damage":0,"enemies":"3 Darklings","floor":48,"turns":1},{"damage":7,"enemies":"hubris:GrandSnecko","floor":50,"turns":5}],"seed_played":"4094090307385935417","potions_obtained":[{"floor":2.0,"key":"Block Potion"},{"floor":20.0,"key":"sneckomod:MuddlingPotion"},{"floor":37.0,"key":"Block Potion"}],"is_trial":true,"path_per_floor":["M","M","M","M","M","R","E","R","T","?","$","E","M","M","R","B",null,"M","M","M","$","M","R","M","E","T","E","?","NM","R","M","R","B",null,"M","$","M","T","NS","R","E","R","T","M","?","T","M","M","R","B",null],"character_chosen":"DEFECT","items_purchased":["Membership Card","conspire:SharedLibrary","Apotheosis","Dramatic Entrance","Ball Lightning","Vajra","hubris:DuctTape","Redo","ReplayTheSpireMod:Omega Cannon+1"],"campfire_rested":1,"item_purchase_floors":[11,21,21,21,21,36,36,36,36],"current_hp_per_floor":[82,82,82,82,82,82,82,82,82,82,82,82,82,82,82,82,82,82,82,82,82,82,82,82,82,82,82,62,76,82,82,82,82,82,82,82,82,82,82,82,82,82,92,92,92,92,92,92,92,92,92,92],"gold":229,"neow_bonus":"","is_daily":false,"chose_seed":false,"campfire_upgraded":13,"win_rate":0.0,"timestamp":1608351699,"path_taken":["M","M","M","M","M","R","E","R","T","?","$","E","M","M","R","BOSS","M","M","M","$","M","R","?","E","T","E","?","NM","R","M","R","BOSS","M","$","M","?","NS","R","E","R","T","M","?","?","M","M","R","BOSS"],"items_purchased_type":["Relic","Card","Card","Card","Card","Relic","Relic","Card","Card"],"build_version":"2020-12-13","purchased_purges":1,"victory":false,"max_hp_per_floor":[82,82,82,82,82,82,82,82,82,82,82,82,82,82,82,82,82,82,82,82,82,82,82,82,82,82,82,82,82,82,82,82,82,82,82,82,82,82,82,82,82,82,92,92,92,92,92,92,92,92,92,92],"card_choices":[{"not_picked":["ReplayGash","Ball Lightning"],"picked":"StuffTheSpire:Plugnplay","floor":1.0},{"not_picked":["StuffTheSpire:Plugnplay","Streamline"],"picked":"Static Discharge","floor":2.0},{"not_picked":["Gash","Rebound"],"picked":"Redo","floor":3.0},{"not_picked":["BasicCrystalCard","ReplayTheSpireMod:Calculation Training","Leap"],"picked":"SKIP","floor":4.0},{"not_picked":["Static Discharge","Rebound"],"picked":"Conserve Battery","floor":5.0},{"not_picked":["Steam Power","Rebound","Doom and Gloom"],"picked":"SKIP","floor":7.0},{"not_picked":["Skim","Genetic Algorithm","Buffer"],"picked":"SKIP","floor":12.0},{"not_picked":["Barrage","Sweeping Beam"],"picked":"StuffTheSpire:LoadUp","floor":13.0},{"not_picked":["Darkness","Static Discharge"],"picked":"Hologram","floor":14.0},{"not_picked":["Rainbow","Mirror Shield"],"picked":"Hyperbeam","floor":16.0},{"not_picked":["Storm","Hologram"],"picked":"Turbo","floor":18.0},{"not_picked":["Turbo","Redo"],"picked":"Ball Lightning","floor":19.0},{"not_picked":["Compile Driver","Streamline"],"picked":"Barrage","floor":20.0},{"not_picked":["Rebound","ReplayTheSpireMod:Fabricate Wheel","Steam"],"picked":"SKIP","floor":22.0},{"not_picked":["Conserve Battery","StuffTheSpire:LoadUp","Aggregate"],"picked":"SKIP","floor":24.0},{"not_picked":["Crystallizer","Turbo"],"picked":"Force Field","floor":25.0},{"not_picked":["Double Energy+1","Gash","StuffTheSpire:LoadUp+1"],"picked":"SKIP","floor":27.0},{"not_picked":["BasicCrystalCard","Barrage","Streamline"],"picked":"SKIP","floor":29.0},{"not_picked":["Turbo","Stack","Conserve Battery+1"],"picked":"SKIP","floor":31.0},{"not_picked":["StuffTheSpire:ForEach","Thunder Strike"],"picked":"Core Surge","floor":33.0},{"not_picked":["Leap","Turbo+1","BasicCrystalCard"],"picked":"SKIP","floor":35.0},{"not_picked":["Crystallizer","FTL"],"picked":"Heatsinks","floor":37.0},{"not_picked":["Core Surge+1","Biased Cognition+1"],"picked":"hubris:Prefetch","floor":41},{"not_picked":["Beam Cell","Reinforced Body+1","Conserve Battery+1"],"picked":"SKIP","floor":41},{"not_picked":["StuffTheSpire:Plugnplay+1","Gash","StuffTheSpire:LoadUp+1"],"picked":"SKIP","floor":44},{"not_picked":["Turbo","Sweeping Beam"],"picked":"Barrage+1","floor":47},{"not_picked":["Storm","Compile Driver","Gash+1"],"picked":"SKIP","floor":48},{"not_picked":["Hyperbeam","Buffer"],"picked":"Electrodynamics","floor":50}],"player_experience":47727,"relics_obtained":[{"floor":9.0,"key":"sneckomod:BlankCard"},{"floor":12.0,"key":"conspire:IceCreamScoop"},{"floor":12.0,"key":"StuffTheSpire:Expresso"},{"floor":25.0,"key":"conspire:TopHat"},{"floor":25.0,"key":"infinitespire:Magic Flask"},{"floor":26.0,"key":"aspiration:FrozenJewel"},{"floor":27.0,"key":"hubris:TenFootPole"},{"floor":29.0,"key":"Guardian:PocketSentry"},{"floor":29.0,"key":"Pondfish Scales"},{"floor":38.0,"key":"halation:PromiseList"},{"floor":41,"key":"conspire:GiftBox"},{"floor":43,"key":"Pear"},{"floor":46,"key":"MealTicket"}],"event_choices":[{"damage_healed":0.0,"max_hp_gain":0.0,"max_hp_loss":0.0,"gold_gain":0.0,"event_name":"Accursed Blacksmith","player_choice":"Rummage","floor":10.0,"gold_loss":0.0,"damage_taken":0.0,"relics_obtained":["WarpedTongs"],"cards_obtained":["Pain"]}],"is_beta":false,"boss_relics":[{"not_picked":["Snecko Heart","expansioncontent:StudyCardRelic","Runic Dome"]},{"not_picked":["halation:SmartPhone","energizedSpire:OldTV"],"picked":"Black Star"},{"not_picked":["Replay:Bronze Core","Painkiller Herb"],"picked":"conspire:SpecialSausage"}],"items_purged_floors":[11],"is_endless":true,"potions_floor_spawned":[2,5,7,13,14,18,20,31,33,37,47,50],"ascension_level":0}}