{"host":"rj1j8apb2x4vafcu","time":1608397943,"event":{"mods":["AchievementEnabler","BaseMod","Colored Map","Colored Powertips","Minty Spire (QoL Compilation)","StSLib"],"gold_per_floor":[113,125,125,141,141,176,186,205,231,231,244,258,38,52,52,151,151,164,164,164,177,195,195,224,235,235,235,245,245,91,109,109,214,214,233,248,260,260,260,278,296,349,374,374,405,405,405,191,191,191],"floor_reached":51,"playtime":7071,"items_purged":["Strike_R","Parasite"],"score":753,"play_id":"9ba0613c-ab63-4dcc-a0ae-3079fb7065c4","local_time":"20201219151223","is_ascension_mode":false,"campfire_choices":[{"data":"Armaments","floor":10,"key":"SMITH"},{"data":"Body Slam","floor":15,"key":"SMITH"},{"data":"Metallicize","floor":23,"key":"SMITH"},{"data":"Demon Form","floor":32,"key":"SMITH"},{"floor":44,"key":"REST"},{"data":"Body Slam","floor":47,"key":"SMITH"},{"data":"Metallicize","floor":49,"key":"SMITH"}],"circlet_count":0,"master_deck":["Strike_R","Defend_R","Defend_R","Defend_R","Defend_R","Bash","Uppercut","Iron Wave","Offering","Flex","Fire Breathing","Bash","Shrug It Off","Armaments+1","Metallicize+1","Armaments","Rage","Body Slam+1","Barricade+1","Cleave+1","Flame Barrier","Warcry","Shrug It Off","Metallicize+1","Demon Form+1","Flame Barrier","Impervious","Body Slam+1","Armaments","Secret Technique","Madness","Madness","Body Slam+1","Battle Trance+1","Armaments+1","Heavy Blade+1","Metallicize+1"],"relics":["Black Blood","Incense Burner","Boot","Nunchaku","Red Skull","Charon\u0027s Ashes","Mark of Pain","Prayer Wheel","Regal Pillow","Vajra"],"acts_visited":["Exordium","TheCity","TheBeyond"],"potions_floor_usage":[11,12,16,16,16,22,24,40,42,42,45,45,50,50],"damage_taken":[{"damage":0,"enemies":"Small Slimes","floor":1,"turns":2},{"damage":0,"enemies":"Cultist","floor":2,"turns":3},{"damage":5,"enemies":"Jaw Worm","floor":4,"turns":4},{"damage":45,"enemies":"Lagavulin","floor":6,"turns":6},{"damage":18,"enemies":"Gremlin Gang","floor":7,"turns":6},{"damage":6,"enemies":"Exordium Wildlife","floor":8,"turns":5},{"damage":0,"enemies":"Large Slime","floor":11,"turns":8},{"damage":0,"enemies":"Gremlin Gang","floor":12,"turns":7},{"damage":1,"enemies":"Exordium Wildlife","floor":14,"turns":4},{"damage":18,"enemies":"The Guardian","floor":16,"turns":14},{"damage":7,"enemies":"Chosen","floor":18,"turns":7},{"damage":8,"enemies":"Spheric Guardian","floor":21,"turns":9},{"damage":14,"enemies":"Snecko","floor":22,"turns":8},{"damage":42,"enemies":"Gremlin Leader","floor":24,"turns":8},{"damage":6,"enemies":"Sentry and Sphere","floor":25,"turns":10},{"damage":15,"enemies":"Chosen and Byrds","floor":28,"turns":6},{"damage":2,"enemies":"Cultist and Chosen","floor":31,"turns":11},{"damage":52,"enemies":"Collector","floor":33,"turns":16},{"damage":32,"enemies":"3 Darklings","floor":35,"turns":6},{"damage":19,"enemies":"Orb Walker","floor":36,"turns":5},{"damage":6,"enemies":"Maw","floor":37,"turns":9},{"damage":2,"enemies":"4 Shapes","floor":40,"turns":7},{"damage":27,"enemies":"Writhing Mass","floor":41,"turns":5},{"damage":30,"enemies":"2 Orb Walkers","floor":42,"turns":7},{"damage":50,"enemies":"Reptomancer","floor":45,"turns":8},{"damage":38,"enemies":"Time Eater","floor":50,"turns":12}],"seed_played":"7946043219790462591","potions_obtained":[{"floor":6,"key":"Dexterity Potion"},{"floor":7,"key":"Block Potion"},{"floor":8,"key":"Block Potion"},{"floor":11,"key":"AttackPotion"},{"floor":14,"key":"Block Potion"},{"floor":21,"key":"SkillPotion"},{"floor":22,"key":"DuplicationPotion"},{"floor":37,"key":"Swift Potion"},{"floor":40,"key":"ColorlessPotion"},{"floor":42,"key":"EntropicBrew"},{"floor":45,"key":"Block Potion"}],"is_trial":false,"path_per_floor":["M","M","?","M","?","E","M","M","T","R","M","M","$","M","R","B",null,"M","?","?","M","M","R","E","M","T","?","M","?","$","M","R","B",null,"M","M","M","?","?","M","M","?","T","R","E","?","R","$","R","B",null],"character_chosen":"IRONCLAD","items_purchased":["Nunchaku","Rage","Demon Form","Metallicize","DistilledChaos"],"campfire_rested":1,"item_purchase_floors":[13,13,30,48,48],"current_hp_per_floor":[80,80,80,80,80,41,29,29,29,29,35,41,41,46,46,34,80,80,80,80,80,78,78,48,54,54,54,51,51,51,61,61,21,80,60,53,59,59,49,59,44,26,26,65,27,70,70,67,67,41],"gold":191,"neow_bonus":"TRANSFORM_CARD","is_daily":false,"chose_seed":false,"campfire_upgraded":6,"win_rate":0.0,"timestamp":1608397943,"path_taken":["M","M","?","?","?","E","M","M","T","R","?","?","$","M","R","BOSS","M","?","?","?","M","R","E","M","T","?","M","?","$","?","R","BOSS","M","M","M","?","?","M","M","?","T","R","E","?","R","?","R","BOSS"],"items_purchased_type":["Relic","Card","Card","Card","Potion"],"build_version":"2020-12-13","purchased_purges":2,"victory":true,"max_hp_per_floor":[80,80,80,80,80,80,80,80,80,80,80,80,80,80,80,80,80,80,80,80,80,80,80,80,80,80,80,80,80,80,80,80,80,80,80,80,80,80,80,80,80,80,80,80,80,70,70,67,67,67],"card_choices":[{"not_picked":["Thunderclap","Dark Embrace"],"picked":"Iron Wave","floor":1},{"not_picked":["Twin Strike","Pommel Strike"],"picked":"Offering","floor":2},{"not_picked":["Cleave","Evolve"],"picked":"Flex","floor":4},{"not_picked":["Second Wind","Wild Strike"],"picked":"Shrug It Off","floor":6},{"not_picked":["Spot Weakness","Bludgeon"],"picked":"Armaments","floor":7},{"not_picked":["Perfected Strike","Headbutt"],"picked":"Metallicize","floor":8},{"not_picked":["Intimidate","Flex"],"picked":"Armaments","floor":11},{"not_picked":["Feel No Pain","Thunderclap","Sever Soul"],"picked":"SKIP","floor":12},{"not_picked":["Cleave","Thunderclap"],"picked":"Body Slam","floor":14},{"not_picked":["Immolate","Fiend Fire"],"picked":"Barricade","floor":16},{"not_picked":["Wild Strike","Headbutt+1"],"picked":"Cleave+1","floor":18},{"not_picked":["Second Wind","Sword Boomerang","Warcry"],"picked":"SKIP","floor":21},{"not_picked":["Inflame","Flex"],"picked":"Shrug It Off","floor":22},{"not_picked":["Headbutt","Heavy Blade+1"],"picked":"Metallicize+1","floor":24},{"not_picked":["Feel No Pain","Sword Boomerang","Clothesline"],"picked":"SKIP","floor":25},{"not_picked":["Dual Wield","Warcry","Brutality"],"picked":"SKIP","floor":28},{"not_picked":["Clothesline","Warcry+1"],"picked":"Flame Barrier","floor":31},{"not_picked":["Immolate","Feed"],"picked":"Impervious","floor":33},{"not_picked":["Clash+1","Ghostly Armor+1"],"picked":"Body Slam+1","floor":35},{"not_picked":["Clash+1","True Grit","Cleave"],"picked":"SKIP","floor":36},{"not_picked":["Pommel Strike+1","True Grit+1"],"picked":"Armaments","floor":37},{"not_picked":["Good Instincts","Discovery"],"picked":"Secret Technique","floor":38},{"not_picked":["Heavy Blade+1","Dark Embrace+1"],"picked":"Body Slam","floor":40},{"not_picked":["Anger","Cleave+1"],"picked":"Battle Trance+1","floor":41},{"not_picked":["Dark Embrace","Perfected Strike+1"],"picked":"Armaments+1","floor":42},{"not_picked":["Flex","Immolate"],"picked":"Heavy Blade+1","floor":45}],"player_experience":62155,"relics_obtained":[{"floor":6,"key":"Incense Burner"},{"floor":9,"key":"Boot"},{"floor":24,"key":"Red Skull"},{"floor":26,"key":"Charon\u0027s Ashes"},{"floor":42,"key":"Prayer Wheel"},{"floor":43,"key":"Regal Pillow"},{"floor":45,"key":"Vajra"}],"event_choices":[{"cards_removed":["Strike_R"],"damage_healed":0,"gold_gain":0,"player_choice":"Purged","damage_taken":0,"max_hp_gain":0,"max_hp_loss":0,"event_name":"Purifier","floor":3,"gold_loss":0},{"damage_healed":0,"gold_gain":0,"player_choice":"2 cards matched","damage_taken":0,"max_hp_gain":0,"max_hp_loss":0,"event_name":"Match and Keep!","floor":5,"gold_loss":0,"cards_obtained":["Fire Breathing","Bash"]},{"damage_healed":0,"gold_gain":0,"player_choice":"Read","damage_taken":0,"max_hp_gain":0,"max_hp_loss":0,"event_name":"The Library","floor":19,"gold_loss":0,"cards_obtained":["Flame Barrier"]},{"damage_healed":0,"gold_gain":0,"cards_transformed":["Strike_R"],"player_choice":"Transformed","damage_taken":0,"max_hp_gain":0,"max_hp_loss":0,"event_name":"Transmorgrifier","floor":20,"gold_loss":0,"cards_obtained":["Warcry"]},{"damage_healed":0,"gold_gain":0,"player_choice":"Ignored","damage_taken":0,"max_hp_gain":0,"max_hp_loss":0,"event_name":"Ghosts","floor":27,"gold_loss":0},{"damage_healed":0,"gold_gain":0,"player_choice":"Upgraded","damage_taken":0,"max_hp_gain":0,"max_hp_loss":0,"event_name":"Upgrade Shrine","floor":29,"gold_loss":0,"cards_upgraded":["Barricade"]},{"damage_healed":0,"gold_gain":0,"player_choice":"Memory 1","damage_taken":0,"max_hp_gain":0,"max_hp_loss":0,"event_name":"SensoryStone","floor":38,"gold_loss":0},{"damage_healed":0,"gold_gain":0,"player_choice":"Embrace Madness","damage_taken":10,"max_hp_gain":0,"max_hp_loss":0,"event_name":"Winding Halls","floor":39,"gold_loss":0,"cards_obtained":["Madness","Madness"]},{"damage_healed":0,"gold_gain":0,"player_choice":"Fight","damage_taken":0,"max_hp_gain":0,"max_hp_loss":0,"event_name":"Mysterious Sphere","floor":42,"gold_loss":0},{"damage_healed":70,"gold_gain":0,"player_choice":"Heal","damage_taken":0,"max_hp_gain":0,"max_hp_loss":10,"event_name":"The Moai Head","floor":46,"gold_loss":0}],"is_beta":false,"boss_relics":[{"not_picked":["SlaversCollar","Astrolabe"],"picked":"Black Blood"},{"not_picked":["SacredBark","Empty Cage"],"picked":"Mark of Pain"}],"items_purged_floors":[30,48],"is_endless":false,"potions_floor_spawned":[6,7,8,11,14,21,22,37,40,42,45],"ascension_level":0}}