{"host":"jtxptf9isiqyc7jm","time":1608403154,"event":{"mods":["Act Like it!","BaseMod","Bestiary","BetterRewards","Colored Powertips","Custom Start","Downfall","Friendly Minions","Hermit","Hubris","Infinite Spire","Jorbs\u0027s Wanderer Trilogy","Kiyohime????","Koishi","Lobotomy","Marisa????????","Minty Spire (QoL Compilation)","Prisma Mod","Remilia??????","Replay The Spire","Shop Mod","StSLib","The Construct","The Cursed","The Disciple","The Hierophant","The Jungle","The Runesmith","The Senshi","The Servant 0.9.4"],"gold_per_floor":[118,212,232,75,75,75,87,87,87,106,106,124,124,137,137,239,239,253,3,0,0,0,28,28,48,48,48,74,0,0,18,18,120,120,135,135,146,146,156,183,183,183,183,213,213,213,247,263,263,360,360,353,374,366,366,366,541,90,108,108,146,219,226,255,160,171,184,184,275,275,280,287,212,212,219,219,241,238,238,254,263,276,287,372,372,479,479,538,538,650,461,497,533,571,497,497,539,590,590,890,927,927,1072,1072,1149,1149,1242,1185,1275,1380,1380,1380,1380,1029,1029,1029,1029,1111,1111,1106,1106],"floor_reached":120,"playtime":12187,"items_purged":[],"score":2623,"play_id":"d37b490e-19f7-4e21-91de-ec2bb6e382bc","local_time":"20201219183914","is_ascension_mode":false,"campfire_choices":[{"floor":8.0,"key":"REST"},{"floor":11.0,"key":"REST"},{"data":"TheCursedMod:HellsGateOpen","floor":15.0,"key":"SMITH"},{"data":"TheCursedMod:CollectTribute","floor":24.0,"key":"SMITH"},{"floor":27.0,"key":"REST"},{"data":"ReplayTheSpireMod:Uncanny Aura","floor":30.0,"key":"SMITH"},{"floor":32.0,"key":"DIG"},{"data":"infinitespire:Collect","floor":41,"key":"SMITH"},{"data":"TheCursedMod:SpitefulPlan","floor":46,"key":"SMITH"},{"data":"TheCursedMod:Hemoplague","floor":49,"key":"SMITH"},{"floor":60,"key":"REST"},{"data":"TheCursedMod:VoidForm","floor":76,"key":"SMITH"},{"floor":85,"key":"DIG"},{"floor":102,"key":"REST"},{"floor":111,"key":"REST"},{"floor":116,"key":"REST"},{"floor":119,"key":"DIG"}],"circlet_count":0,"master_deck":["TheCursedMod:Strike_TheCursed","TheCursedMod:Strike_TheCursed","TheCursedMod:Strike_TheCursed","TheCursedMod:Strike_TheCursed","TheCursedMod:Defend_TheCursed","TheCursedMod:Defend_TheCursed","TheCursedMod:Defend_TheCursed","TheCursedMod:Defend_TheCursed","TheCursedMod:CursedWand","TheCursedMod:CleanUpWorkshop","TheCursedMod:Dregs","TheCursedMod:SpitefulPlan+1","TheCursedMod:StingEye+1","TheCursedMod:Stigma","TheCursedMod:HellfireBreathing","TheCursedMod:LuckyCharm","TheCursedMod:ManaBullet","TheCursedMod:AntiAging+1","TheCursedMod:WearCloak","TheCursedMod:SoulReap","TheCursedMod:HellsGateOpen+1","Pain","TheCursedMod:CircleOfBlood","TheCursedMod:CollectTribute+1","TheCursedMod:ReleasedKnowledge","GremboGang","infinitespire:Collect+1","infinitespire:Starlight","TheCursedMod:CursedWand","ReplayTheSpireMod:Uncanny Aura+1","TheCursedMod:Hemoplague+1","TheCursedMod:BlessingInDisguise","TheCursedMod:ParallelWorld","TheCursedMod:RapidMovement","TheCursedMod:NeowsMight+1","TheCursedMod:CircleOfFlame","Wraith","TheCursedMod:CursedAmulet","hubris:Fate","TheCursedMod:RavingStaff+1","TheCursedMod:DemonSword","Looming Evil","TheCursedMod:TroublousMinions+1","TheCursedMod:DoubleShield+1","hubris:Fate","TheCursedMod:Stigma+1","TheCursedMod:SpitefulStrike+1","TheCursedMod:Wield","TheCursedMod:LuckyCharm","TheCursedMod:Torture","Doubt","TheCursedMod:Hemoplague","TheCursedMod:StunningStrike","TheCursedMod:VoidForm+1","TheCursedMod:AshesToAshes+1","hubris:Despair","TheCursedMod:HellsGateOpen","TheCursedMod:RavingStaff","Sadistic Nature","TheCursedMod:Mangle","TheCursedMod:SpitefulPray","TheCursedMod:NeowsMight","infinitespire:FutureSight","TheCursedMod:FleshFromBone","ReplayTheSpireMod:Doomed","TheCursedMod:PrepareRite","TheCursedMod:SpitefulStrike","TheCursedMod:HellfireBreathing","hubris:Compulsion","TheCursedMod:Grudge","TheCursedMod:SpitefulStrike+1","TheCursedMod:FuryStrike+1","TheCursedMod:RavingStaff+1","TheCursedMod:CircleOfBlood","TheCursedMod:ManaCirculation","TheCursedMod:Torture+1","Jack Of All Trades","Replay:SS_forest_6","Replay:SS_hec_2","Delirium","TheCursedMod:Hemoplague","TheCursedMod:LuckyCharm","TheCursedMod:HellfireBreathing+1","TheCursedMod:Stretching+1","hubris:Disease","TheCursedMod:AbyssShockwave+1","infinitespire:NeuralNetwork","Normality","TheCursedMod:LuckyCharm+1","TheCursedMod:VoidForm+1","TheCursedMod:SoulCrush","Apotheosis","Apotheosis","ReplayTheSpireMod:Doomed","infinitespire:UltimateForm"],"relics":["TheCursedMod:BlackMagicAdvanced","theSenshi:SailorFukuRelic","Replay:Wax Seal","Simple Rune","WarpedTongs","hubris:ScarierMask","Membership Card","hubris:FunFungus","Mummified Hand","infinitespire:FocusingShard","Pet Ghost","Ancient Tea Set","Cursed Key","Guide Book","Replay:Mystery Machine","Ring of Hypnosis","Ring of Fangs","ReplayTheSpireMod:Lightbulb","Vajra","Boot","construct:ClawGrip","Replay:Kaleidoscope","Replay:Bandana","construct:BoolHorns","hubris:EmptyBottle","MerchantsRug","infinitespire:CheckeredPen","Regal Pillow","Onion Ring","Odd Mushroom","TheCursedMod:FourLeafCloverCharm","ReplayTheSpireMod:Shallot","Replay:Bottled Eggs","Orichalcum","TheCursedMod:CrystalBall","Gambling Chip","Question Card","Whetstone","infinitespire:EvilPickle","Replay:Grab Bag","Fusion Hammer","ReplayTheSpireMod:Onyx Gauntlets","SacredBark","ReplayTheSpireMod:CursedCoin","Strawberry","Blue Doll","Replay:Bottled Snecko","Runesmith:AutoHammer","infinitespire:Bottled Soul","Replay:Arrowhead","hubris:Metronome","Old Coin","SlaversCollar","MealTicket","Bag of Preparation","Molten Egg 2","hubris:Zylophone","PrismaticShard","hubris:Towel","Pear","ReplayTheSpireMod:TigerMarble"],"acts_visited":["Exordium","TheCity","TheBeyond","Exordium","TheCity","TheBeyond","Exordium"],"potions_floor_usage":[59,59,64,64,71,71,86,86,86,86,93,93,98,98,101,103,103,103,110],"damage_taken":[{"damage":0.0,"enemies":"Cultist","floor":1.0,"turns":4.0},{"damage":0.0,"enemies":"Jaw Worm","floor":3.0,"turns":4.0},{"damage":20.0,"enemies":"Small Slimes","floor":7.0,"turns":4.0},{"damage":14.0,"enemies":"Red Slaver","floor":10.0,"turns":5.0},{"damage":3.0,"enemies":"Blue Slaver","floor":12.0,"turns":5.0},{"damage":4.0,"enemies":"Looter","floor":14.0,"turns":4.0},{"damage":37.0,"enemies":"The Guardian","floor":16.0,"turns":9.0},{"damage":37.0,"enemies":"Shell Parasite","floor":18.0,"turns":5.0},{"damage":8.0,"enemies":"Nightmare","floor":23.0,"turns":10.0},{"damage":19.0,"enemies":"Spheric Guardian","floor":25.0,"turns":5.0},{"damage":5.0,"enemies":"Replay:Snechameleon","floor":28.0,"turns":6.0},{"damage":9.0,"enemies":"Chosen and Byrds","floor":31.0,"turns":4.0},{"damage":24.0,"enemies":"Champ","floor":33.0,"turns":11.0},{"damage":28.0,"enemies":"3 Shapes","floor":35.0,"turns":5.0},{"damage":3.0,"enemies":"Orb Walker","floor":37.0,"turns":4.0},{"damage":7,"enemies":"Sphere and 2 Shapes","floor":39,"turns":2},{"damage":22,"enemies":"Giant Head","floor":40,"turns":7},{"damage":2,"enemies":"Reptomancer","floor":44,"turns":5},{"damage":14,"enemies":"Nightmare","floor":47,"turns":9},{"damage":11,"enemies":"Maw","floor":48,"turns":6},{"damage":2,"enemies":"hubris:GrandSnecko","floor":50,"turns":13},{"damage":0,"enemies":"Cultist","floor":52,"turns":2},{"damage":32,"enemies":"Gremlin Nob","floor":53,"turns":4},{"damage":12,"enemies":"Jaw Worm","floor":54,"turns":3},{"damage":50,"enemies":"Nightmare","floor":59,"turns":4},{"damage":0,"enemies":"Gremlin Nob","floor":61,"turns":2},{"damage":0,"enemies":"Small Slimes","floor":63,"turns":1},{"damage":0,"enemies":"The Mushroom Lair","floor":64,"turns":1},{"damage":0,"enemies":"Blue Slaver","floor":66,"turns":2},{"damage":14,"enemies":"Lots of Slimes","floor":67,"turns":2},{"damage":0,"enemies":"Slime Boss","floor":69,"turns":5},{"damage":0,"enemies":"3 Byrds","floor":71,"turns":1},{"damage":13,"enemies":"Chosen","floor":72,"turns":3},{"damage":14,"enemies":"Snake Plant","floor":75,"turns":2},{"damage":0,"enemies":"Snecko","floor":77,"turns":2},{"damage":68,"enemies":"Book of Stabbing","floor":78,"turns":6},{"damage":6,"enemies":"Gremlin Leader","floor":80,"turns":3},{"damage":0,"enemies":"Cultist and Chosen","floor":81,"turns":3},{"damage":0,"enemies":"Snake Plant","floor":82,"turns":2},{"damage":0,"enemies":"Centurion and Healer","floor":83,"turns":2},{"damage":1,"enemies":"Colosseum Slavers","floor":84,"turns":2},{"damage":0,"enemies":"Colosseum Nobs","floor":84,"turns":2},{"damage":12,"enemies":"Pondfish","floor":86,"turns":4},{"damage":17,"enemies":"Orb Walker","floor":88,"turns":2},{"damage":5,"enemies":"3 Darklings","floor":92,"turns":3},{"damage":0,"enemies":"R_Hoarder","floor":93,"turns":5},{"damage":0,"enemies":"Sphere and 2 Shapes","floor":94,"turns":4},{"damage":15,"enemies":"Spire Growth","floor":97,"turns":2},{"damage":72,"enemies":"Mind Bloom Boss Battle","floor":98,"turns":3},{"damage":35,"enemies":"Transient","floor":101,"turns":5},{"damage":79,"enemies":"Time Eater","floor":103,"turns":7},{"damage":5,"enemies":"2 Louse","floor":105,"turns":1},{"damage":0,"enemies":"Cultist","floor":107,"turns":2},{"damage":25,"enemies":"Jaw Worm","floor":109,"turns":2},{"damage":7,"enemies":"Lagavulin","floor":110,"turns":3},{"damage":0,"enemies":"Exordium Thugs","floor":118,"turns":1},{"damage":166,"enemies":"Hexaghost","floor":120,"turns":2}],"seed_played":"4949612667186262441","potions_obtained":[{"floor":7.0,"key":"sneckomod:MuddlingPotion"},{"floor":10.0,"key":"ColorlessPotion"},{"floor":25.0,"key":"sneckomod:MuddlingPotion"},{"floor":31.0,"key":"Guardian:BlockOnCardUsePotion"},{"floor":33.0,"key":"GamblersBrew"},{"floor":44,"key":"SteroidPotion"},{"floor":59,"key":"AttackPotion"},{"floor":61,"key":"Guardian:BlockOnCardUsePotion"},{"floor":64,"key":"Fire Potion"},{"floor":77,"key":"SkillPotion"},{"floor":78,"key":"Explosive Potion"},{"floor":80,"key":"Strength Potion"},{"floor":88,"key":"Block Potion"},{"floor":92,"key":"AttackPotion"},{"floor":101,"key":"sneckomod:MuddlingPotion"},{"floor":105,"key":"SteroidPotion"},{"floor":118,"key":"SneckoOil"}],"is_trial":false,"path_per_floor":["M","?","M","$","?","$","M","R","T","M","R","M","?","M","R","B",null,"M","?","?","AVR","?","NM","R","M","T","R","E","$","R","M","R","B",null,"M","?","M","AVR","M","E","R","?","T","E","?","R","NM","M","R","B",null,"M","?","M","PTL","PTL","?","$","NM","R","E","T","M","?","$","M","M","R","B",null,"M","M","?","?","M","R","M","E","T","E","M","M","M","?","R","B",null,"M","?","$","$","M","E","M","$","T","M","?","AVR","T","M","R","B",null,"M","?","M","$","M","E","R","?","T","$","?","R","AVR","M","R","B"],"character_chosen":"THE_CURSED","items_purchased":["Replay:Wax Seal","TheCursedMod:LuckyCharm","Pet Ghost","TheCursedMod:Hemoplague","Replay:Bandana","construct:BoolHorns","hubris:EmptyBottle","TheCursedMod:StunningStrike","MerchantsRug","Sadistic Nature","ReplayTheSpireMod:CursedCoin","TheCursedMod:Hemoplague","Strawberry","Blue Doll","TheCursedMod:LuckyCharm","Runesmith:AutoHammer","Apotheosis","Molten Egg 2","hubris:Zylophone","PrismaticShard"],"campfire_rested":7,"item_purchase_floors":[4,4,29,58,58,58,58,58,58,65,90,90,91,91,91,95,108,114,114,114],"current_hp_per_floor":[80,60,60,60,60,60,40,64,64,52,76,80,80,83,83,51,88,56,56,56,56,56,73,73,72,72,94,96,96,96,97,97,90,100,94,94,104,104,104,98,98,98,98,108,108,108,100,109,109,119,119,122,116,121,121,121,121,121,78,116,116,116,116,116,116,118,105,128,131,131,131,131,131,131,123,123,126,72,72,68,78,78,84,90,90,133,140,123,113,113,120,121,150,150,150,150,135,84,84,84,115,156,126,156,151,156,156,156,141,143,156,125,125,140,140,156,166,166,166,0,0],"gold":1106,"neow_bonus":"RANDOM_EVENT","is_daily":false,"chose_seed":false,"campfire_upgraded":7,"win_rate":0.0,"timestamp":1608403154,"path_taken":["M","?","?","$","?","$","M","R","T","?","R","M","?","M","R","BOSS","M","?","?","AVR","?","NM","R","M","T","R","E","$","R","?","R","BOSS","M","?","M","AVR","M","E","R","?","T","E","?","R","NM","M","R","BOSS","M","?","M","PTL","PTL","?","?","NM","R","E","T","M","?","$","?","M","R","BOSS","M","M","?","?","M","R","M","E","T","E","?","M","M","?","R","BOSS","M","?","?","$","M","E","M","$","T","?","?","AVR","?","M","R","BOSS","M","?","M","?","M","E","R","?","T","$","?","R","AVR","M","R","BOSS"],"items_purchased_type":["Relic","Card","Relic","Card","Relic","Relic","Relic","Card","Relic","Card","Relic","Card","Relic","Relic","Card","Relic","Card","Relic","Relic","Relic"],"build_version":"2020-12-13","purchased_purges":0,"victory":false,"max_hp_per_floor":[80,80,80,80,80,80,80,80,80,82,82,84,84,86,86,88,88,90,90,90,90,90,92,92,94,94,94,96,96,96,98,98,100,100,104,104,104,104,104,107,107,107,107,110,110,110,113,116,116,119,119,122,122,125,125,125,125,125,128,128,128,128,128,128,128,128,128,128,131,131,131,131,131,131,131,131,131,131,131,131,134,134,134,137,137,140,140,140,140,140,147,147,150,150,150,150,150,153,153,153,156,156,156,156,156,156,156,156,156,156,156,156,156,156,156,156,166,166,166,166,166],"card_choices":[{"not_picked":["TheCursedMod:RavingStaff","TheCursedMod:CursedMace"],"picked":"TheCursedMod:SpitefulPlan","floor":1.0},{"not_picked":["TheCursedMod:TacticalStrike","TheCursedMod:Mangle"],"picked":"TheCursedMod:StingEye","floor":2.0},{"not_picked":["TheCursedMod:CursedMace","TheCursedMod:CursedBoomerang"],"picked":"TheCursedMod:Stigma","floor":2.0},{"not_picked":["TheCursedMod:SpitefulStrike","TheCursedMod:SoulReap"],"picked":"TheCursedMod:HellfireBreathing","floor":3.0},{"not_picked":["TheCursedMod:SmokeScreen","TheCursedMod:EmpowerCircles"],"picked":"TheCursedMod:WearCloak","floor":7.0},{"not_picked":["TheCursedMod:CursedShiv","TheCursedMod:CursedBlade"],"picked":"TheCursedMod:SoulReap","floor":10.0},{"not_picked":["TheCursedMod:CollectTribute","TheCursedMod:RapidMovement"],"picked":"TheCursedMod:HellsGateOpen","floor":12.0},{"not_picked":["TheCursedMod:TacticalStrike","TheCursedMod:Stretching"],"picked":"TheCursedMod:CircleOfBlood","floor":14.0},{"not_picked":["TheCursedMod:AntiAging","TheCursedMod:ManaCirculation"],"picked":"TheCursedMod:CollectTribute","floor":16.0},{"not_picked":["TheCursedMod:SoulCrush+1","TheCursedMod:CursedShiv"],"picked":"TheCursedMod:ReleasedKnowledge","floor":18.0},{"not_picked":["TheCursedMod:BloodBarrier","TheCursedMod:VitalStrike"],"picked":"TheCursedMod:Hemoplague","floor":23.0},{"not_picked":["TheCursedMod:WearCloak","TheCursedMod:TacticalStrike"],"picked":"TheCursedMod:BlessingInDisguise","floor":25.0},{"not_picked":["TheCursedMod:TroublousMinions","TheCursedMod:CursedMace"],"picked":"TheCursedMod:ParallelWorld","floor":28.0},{"not_picked":["TheCursedMod:CircleOfFlame","TheCursedMod:Obscuration"],"picked":"TheCursedMod:RapidMovement","floor":31.0},{"not_picked":["TheCursedMod:Neurasthenia","TheCursedMod:CircleOfAbyss"],"picked":"TheCursedMod:NeowsMight","floor":33.0},{"not_picked":["TheCursedMod:TacticalStrike+1","TheCursedMod:WearCloak"],"picked":"TheCursedMod:CircleOfFlame","floor":35.0},{"not_picked":["TheCursedMod:Stretching+1","TheCursedMod:AshesToAshes"],"picked":"TheCursedMod:CursedAmulet","floor":37.0},{"not_picked":["TheCursedMod:CircleOfFlame+1","TheCursedMod:RapidMovement+1"],"picked":"TheCursedMod:RavingStaff+1","floor":39},{"not_picked":["TheCursedMod:Stretching+1","TheCursedMod:VitalStrike"],"picked":"TheCursedMod:DemonSword","floor":40},{"not_picked":["TheCursedMod:SmokeScreen","TheCursedMod:BloodBarrier"],"picked":"TheCursedMod:TroublousMinions+1","floor":44},{"not_picked":["infinitespire:TheBestDefense","infinitespire:Menacing"],"picked":"hubris:Fate","floor":47},{"not_picked":["TheCursedMod:CursedSpellbook","TheCursedMod:TroublousMinions+1"],"picked":"TheCursedMod:Stigma+1","floor":47},{"not_picked":["TheCursedMod:TacticalStrike+1","TheCursedMod:Obscuration"],"picked":"TheCursedMod:SpitefulStrike+1","floor":48},{"not_picked":["TheCursedMod:Torture","TheCursedMod:CircleOfFlame"],"picked":"TheCursedMod:Wield","floor":52},{"not_picked":["TheCursedMod:Grudge","TheCursedMod:VitalStrike"],"picked":"TheCursedMod:LuckyCharm","floor":53},{"not_picked":["TheCursedMod:SoulReap","TheCursedMod:CursedMace"],"picked":"TheCursedMod:Torture","floor":54},{"not_picked":["TheCursedMod:Evocation","TheCursedMod:CircleOfWindfury"],"picked":"TheCursedMod:VoidForm","floor":59},{"not_picked":["TheCursedMod:SoulCrush","TheCursedMod:Wield"],"picked":"TheCursedMod:AshesToAshes","floor":61},{"not_picked":["TheCursedMod:SoulReap","TheCursedMod:Mangle"],"picked":"TheCursedMod:HellsGateOpen","floor":63},{"not_picked":["TheCursedMod:Wield","TheCursedMod:SurpriseAttack"],"picked":"TheCursedMod:RavingStaff","floor":64},{"not_picked":["TheCursedMod:Obscuration","TheCursedMod:CursedAmulet"],"picked":"TheCursedMod:Mangle","floor":66},{"not_picked":["TheCursedMod:DarkBarrier","TheCursedMod:Wield"],"picked":"TheCursedMod:SpitefulPray","floor":67},{"not_picked":["TheCursedMod:ParallelWorld","TheCursedMod:CursedRelics"],"picked":"TheCursedMod:NeowsMight","floor":69},{"not_picked":["infinitespire:Starlight","ReplayTheSpireMod:Echoes of Time"],"picked":"infinitespire:FutureSight","floor":70},{"not_picked":["TheCursedMod:SoulCrush","TheCursedMod:SpitefulStrike","TheCursedMod:ManaBullet"],"picked":"SKIP","floor":71},{"not_picked":["TheCursedMod:Stretching","TheCursedMod:EmpowerCircles+1"],"picked":"TheCursedMod:FleshFromBone","floor":72},{"not_picked":["TheCursedMod:ReleasedKnowledge","TheCursedMod:WearCloak"],"picked":"TheCursedMod:PrepareRite","floor":75},{"not_picked":["TheCursedMod:TacticalStrike+1","TheCursedMod:TroublousMinions"],"picked":"TheCursedMod:SpitefulStrike","floor":77},{"not_picked":["TheCursedMod:Evocation+1","TheCursedMod:FleshFromBone"],"picked":"TheCursedMod:HellfireBreathing","floor":78},{"not_picked":["TheCursedMod:SmokeScreen+1","TheCursedMod:TroublousMinions"],"picked":"TheCursedMod:Grudge","floor":80},{"not_picked":["TheCursedMod:ReleasedKnowledge","TheCursedMod:CircleOfAmplification"],"picked":"TheCursedMod:SpitefulStrike+1","floor":81},{"not_picked":["TheCursedMod:CircleOfAmplification","TheCursedMod:Torture+1"],"picked":"TheCursedMod:FuryStrike","floor":82},{"not_picked":["TheCursedMod:UltimatePain","TheCursedMod:CircleOfFlame"],"picked":"TheCursedMod:RavingStaff+1","floor":83},{"not_picked":["TheCursedMod:CircleOfFocus","TheCursedMod:WearCloak+1"],"picked":"TheCursedMod:CircleOfBlood","floor":84},{"not_picked":["TheCursedMod:ParallelWorld","TheCursedMod:OutForBlood","TheCursedMod:StunningStrike"],"picked":"TheCursedMod:ManaCirculation","floor":86},{"not_picked":["TheCursedMod:BlessingInDisguise+1","TheCursedMod:HellsGateOpen+1","TheCursedMod:CircleOfFocus"],"picked":"TheCursedMod:Torture+1","floor":88},{"not_picked":["Discovery","ReplayTheSpireMod:Uncanny Aura","expansioncontent:Flail"],"picked":"Jack Of All Trades","floor":89},{"not_picked":["Secret Weapon","Blind","Jack Of All Trades"],"picked":"Replay:SS_forest_6","floor":89},{"not_picked":["expansioncontent:Flail","expansioncontent:LastStand","Chrysalis"],"picked":"Replay:SS_hec_2","floor":89},{"not_picked":["TheCursedMod:Obscuration+1","TheCursedMod:WearCloak","TheCursedMod:CursedMace","TheCursedMod:SmokeScreen"],"picked":"SKIP","floor":92},{"not_picked":["TheCursedMod:PrepareRite+1","TheCursedMod:TacticalStrike+1","TheCursedMod:ReleasedStrength+1"],"picked":"TheCursedMod:HellfireBreathing","floor":93},{"not_picked":["TheCursedMod:CursedShiv+1","TheCursedMod:Mangle+1","TheCursedMod:Stigma+1"],"picked":"TheCursedMod:Stretching+1","floor":94},{"not_picked":["TheCursedMod:CircleOfWindfury","TheCursedMod:SpitefulStrike+1","TheCursedMod:EmpowerCircles+1","TheCursedMod:FleshFromBone+1"],"picked":"SKIP","floor":97},{"not_picked":["TheCursedMod:FleshFromBone+1","TheCursedMod:ReleasedKnowledge","TheCursedMod:SaltUponWound"],"picked":"TheCursedMod:AbyssShockwave+1","floor":98},{"not_picked":["TheCursedMod:CursedShiv","TheCursedMod:CursedBlade","TheCursedMod:RapidMovement+1"],"picked":"TheCursedMod:LuckyCharm+1","floor":101},{"not_picked":["TheCursedMod:AntiAging","TheCursedMod:CursedRelics","TheCursedMod:UltimatePain"],"picked":"TheCursedMod:VoidForm","floor":103},{"not_picked":["TheCursedMod:CursedShiv","TheCursedMod:Stigma","TheCursedMod:RapidMovement","TheCursedMod:CircleOfCorruption"],"picked":"SKIP","floor":105},{"not_picked":["TheCursedMod:Stretching","TheCursedMod:CursedAmulet","TheCursedMod:WearCloak"],"picked":"TheCursedMod:SoulCrush","floor":107},{"not_picked":["TheCursedMod:WearCloak","TheCursedMod:SurpriseAttack","TheCursedMod:SoulCrush","TheCursedMod:Torture"],"picked":"SKIP","floor":109},{"not_picked":["TheCursedMod:SurpriseAttack","TheCursedMod:Obscuration","TheCursedMod:CursedBlade","TheCursedMod:Grudge"],"picked":"SKIP","floor":110},{"not_picked":["hexamod:SecondSeal","Guardian:Harden","MachineGunSpark+1","DragonMeteor+1"],"picked":"SKIP","floor":118}],"player_experience":102270,"relics_obtained":[{"floor":2.0,"key":"theSenshi:SailorFukuRelic"},{"floor":9.0,"key":"Simple Rune"},{"floor":23.0,"key":"hubris:FunFungus"},{"floor":26.0,"key":"Mummified Hand"},{"floor":28.0,"key":"infinitespire:FocusingShard"},{"floor":32.0,"key":"Ancient Tea Set"},{"floor":40,"key":"Replay:Mystery Machine"},{"floor":42,"key":"Ring of Hypnosis"},{"floor":42,"key":"Ring of Fangs"},{"floor":43,"key":"ReplayTheSpireMod:Lightbulb"},{"floor":44,"key":"Vajra"},{"floor":47,"key":"Boot"},{"floor":59,"key":"infinitespire:CheckeredPen"},{"floor":61,"key":"Regal Pillow"},{"floor":62,"key":"Onion Ring"},{"floor":64,"key":"Odd Mushroom"},{"floor":78,"key":"Replay:Bottled Eggs"},{"floor":79,"key":"Orichalcum"},{"floor":80,"key":"TheCursedMod:CrystalBall"},{"floor":84,"key":"Gambling Chip"},{"floor":84,"key":"Question Card"},{"floor":85,"key":"Whetstone"},{"floor":93,"key":"Replay:Bottled Snecko"},{"floor":96,"key":"infinitespire:Bottled Soul"},{"floor":98,"key":"Replay:Arrowhead"},{"floor":100,"key":"Old Coin"},{"floor":110,"key":"MealTicket"},{"floor":113,"key":"Bag of Preparation"},{"floor":119,"key":"ReplayTheSpireMod:TigerMarble"}],"event_choices":[{"damage_healed":0.0,"max_hp_gain":5.0,"max_hp_loss":0.0,"gold_gain":0.0,"event_name":"Big Fish","player_choice":"Donut","floor":0.0,"gold_loss":0.0,"damage_taken":0.0},{"damage_healed":0.0,"max_hp_gain":0.0,"max_hp_loss":0.0,"gold_gain":0.0,"event_name":"Match and Keep!","player_choice":"2 cards matched","floor":5.0,"gold_loss":0.0,"damage_taken":0.0,"cards_obtained":["TheCursedMod:ManaBullet","TheCursedMod:AntiAging"]},{"damage_healed":0.0,"max_hp_gain":0.0,"max_hp_loss":0.0,"gold_gain":0.0,"event_name":"Accursed Blacksmith","player_choice":"Rummage","floor":13.0,"gold_loss":0.0,"damage_taken":0.0,"relics_obtained":["WarpedTongs"],"cards_obtained":["Pain"]},{"damage_healed":0.0,"max_hp_gain":0.0,"max_hp_loss":0.0,"gold_gain":0.0,"event_name":"Masked Bandits","player_choice":"Paid Fearfully","floor":20.0,"gold_loss":3.0,"damage_taken":0.0},{"damage_healed":0.0,"max_hp_gain":0.0,"max_hp_loss":0.0,"gold_gain":0.0,"event_name":"Match and Keep!","player_choice":"2 cards matched","floor":22.0,"gold_loss":0.0,"damage_taken":0.0,"cards_obtained":["TheCursedMod:CursedWand","ReplayTheSpireMod:Uncanny Aura"]},{"damage_healed":0.0,"max_hp_gain":0.0,"max_hp_loss":0.0,"gold_gain":0.0,"event_name":"OrinTheCat","player_choice":"Ignored","floor":36.0,"gold_loss":0.0,"damage_taken":0.0},{"damage_healed":0,"gold_gain":0,"player_choice":"Searched \u00273\u0027 times","damage_taken":0,"relics_obtained":["Replay:Kaleidoscope"],"max_hp_gain":0,"max_hp_loss":0,"event_name":"Dead Adventurer","floor":53,"gold_loss":0},{"damage_healed":0,"gold_gain":175,"player_choice":"AGREE","damage_taken":0,"max_hp_gain":0,"max_hp_loss":0,"event_name":"Liars Game","floor":57,"gold_loss":0,"cards_obtained":["Doubt"]},{"damage_healed":0,"gold_gain":0,"player_choice":"Fought Mushrooms","damage_taken":0,"max_hp_gain":0,"max_hp_loss":0,"event_name":"Mushrooms","floor":64,"gold_loss":0},{"cards_removed":["hubris:Envy"],"damage_healed":0,"gold_gain":0,"player_choice":"Gave Gold","damage_taken":0,"max_hp_gain":0,"max_hp_loss":0,"event_name":"Beggar","floor":73,"gold_loss":75},{"damage_healed":0,"gold_gain":0,"player_choice":"Fight","damage_taken":0,"max_hp_gain":0,"max_hp_loss":0,"event_name":"Colosseum","floor":84,"gold_loss":0},{"damage_healed":0,"gold_gain":0,"player_choice":"Fought Nobs","damage_taken":0,"max_hp_gain":0,"max_hp_loss":0,"event_name":"Colosseum","floor":84,"gold_loss":0},{"damage_healed":0,"gold_gain":0,"player_choice":"Memory 3","damage_taken":10,"max_hp_gain":0,"max_hp_loss":0,"event_name":"SensoryStone","floor":89,"gold_loss":0},{"damage_healed":0,"gold_gain":0,"player_choice":"Fight","damage_taken":0,"max_hp_gain":0,"max_hp_loss":0,"event_name":"MindBloom","floor":98,"gold_loss":0},{"damage_healed":5,"gold_gain":0,"player_choice":"Full Heal","damage_taken":0,"max_hp_gain":0,"max_hp_loss":0,"event_name":"Wheel of Change","floor":106,"gold_loss":0},{"damage_healed":0,"gold_gain":0,"player_choice":"Entered Light","damage_taken":31,"max_hp_gain":0,"max_hp_loss":0,"event_name":"Shining Light","floor":112,"gold_loss":0,"cards_upgraded":["TheCursedMod:AshesToAshes","TheCursedMod:HellfireBreathing"]}],"is_beta":false,"boss_relics":[{"not_picked":["Painkiller Herb","hubris:TerracottaHorce","Sozu"]},{"not_picked":["Fusion Hammer","Philosopher\u0027s Stone"],"picked":"Cursed Key"},{"not_picked":["Abe\u0027s Treasure","Replay:Bronze Core"],"picked":"construct:ClawGrip"},{"not_picked":["Coffee Dripper","Calling Bell"],"picked":"TheCursedMod:FourLeafCloverCharm"},{"not_picked":["Replay:Ancient Bell","hubris:CrackedHourglass"],"picked":"Replay:Grab Bag"},{"not_picked":["Painkiller Herb","hubris:GrandSneckoEye"],"picked":"Fusion Hammer"},{"not_picked":["Abe\u0027s Treasure","ReplayTheSpireMod:DimensionalGlitch"],"picked":"ReplayTheSpireMod:Onyx Gauntlets"},{"not_picked":["Runic Pyramid","Replay:Drink Me"],"picked":"TheCursedMod:BlackMagicAdvanced"},{"not_picked":["Kintsugi","hubris:HollowSoul"],"picked":"SacredBark"},{"not_picked":["hubris:BlackHole","Ring of Chaos"],"picked":"SlaversCollar"}],"items_purged_floors":[],"is_endless":true,"potions_floor_spawned":[7,10,25,31,33,37,44,48,59,61,64,66,69,77,78,80,82,83,84,88,92,101,105,118],"killed_by":"Hexaghost","ascension_level":0}}