{"host":"6yklbc9za0aylqsj","time":1608401971,"event":{"mods":["AchievementEnabler","BaseMod","Bestiary","Colored Map","Colored Powertips","Minty Spire (QoL Compilation)","Rare Cards Sparkle","Relic Stats","Slay-I","StSLib"],"gold_per_floor":[112,112,129,144,18,53,63,63,63,63,74,74,85,85,85,85,85],"floor_reached":16,"playtime":350,"items_purged":["Strike_B"],"score":204,"play_id":"71a655a8-ab2c-453c-8b56-941f89bf94d3","local_time":"20201219191931","is_ascension_mode":true,"campfire_choices":[{"floor":12,"key":"REST"},{"data":"Sweeping Beam","floor":15,"key":"SMITH"}],"circlet_count":0,"master_deck":["AscendersBane","Strike_B","Strike_B","Defend_B","Defend_B","Defend_B+1","Defend_B","Zap+1","Dualcast","Sweeping Beam+1","Decay","Ball Lightning","Compile Driver","Ball Lightning","Cold Snap","Steam","Ball Lightning","Go for the Eyes"],"relics":["Cracked Core","War Paint","Sundial","Omamori"],"acts_visited":["Exordium"],"potions_floor_usage":[16],"damage_taken":[{"damage":0.0,"enemies":"2 Louse","floor":1.0,"turns":2.0},{"damage":1.0,"enemies":"Cultist","floor":3.0,"turns":3.0},{"damage":2,"enemies":"Jaw Worm","floor":4,"turns":2},{"damage":29,"enemies":"3 Sentries","floor":6,"turns":7},{"damage":10,"enemies":"Blue Slaver","floor":7,"turns":3},{"damage":11,"enemies":"3 Louse","floor":11,"turns":3},{"damage":11,"enemies":"Looter","floor":13,"turns":3},{"damage":25,"enemies":"The Guardian","floor":16,"turns":8}],"seed_played":"-7866592570570135526","potions_obtained":[{"floor":3.0,"key":"FearPotion"},{"floor":11,"key":"FearPotion"}],"is_trial":false,"path_per_floor":["M","?","M","M","$","E","M","?","T","$","M","R","M","T","R","B"],"character_chosen":"DEFECT","items_purchased":["Ball Lightning"],"campfire_rested":1,"item_purchase_floors":[5],"current_hp_per_floor":[71,71,70,68,68,39,29,22,22,22,11,34,23,23,23,0,0],"gold":85,"neow_bonus":"TEN_PERCENT_HP_BONUS","is_daily":false,"chose_seed":false,"campfire_upgraded":1,"win_rate":0.0,"timestamp":1608401971,"path_taken":["M","?","M","?","?","E","M","?","T","?","M","R","M","?","R","BOSS"],"items_purchased_type":["Card"],"build_version":"2020-12-13","purchased_purges":1,"victory":false,"max_hp_per_floor":[78,78,78,78,78,78,78,78,78,78,78,78,78,78,78,78,78],"relic_stats":{"counters":[8,31],"Sundial":[0],"War Paint":["Zap","Defend_B"],"obtain_stats":[{"Sundial":9,"Omamori":14,"War Paint":6,"Cracked Core":0},{"Sundial":5,"Omamori":7,"War Paint":4,"Cracked Core":0},{"Sundial":17,"Omamori":23,"War Paint":14,"Cracked Core":0}]},"card_choices":[{"not_picked":["Compile Driver","Steam Power"],"picked":"Sweeping Beam","floor":1.0},{"not_picked":["Beam Cell","Fusion"],"picked":"Ball Lightning","floor":3.0},{"not_picked":["Turbo","Doom and Gloom"],"picked":"Compile Driver","floor":4},{"not_picked":["Beam Cell","Recycle"],"picked":"Cold Snap","floor":6},{"not_picked":["Redo","Go for the Eyes"],"picked":"Steam","floor":7},{"not_picked":["Genetic Algorithm","Rebound"],"picked":"Ball Lightning","floor":11},{"not_picked":["Beam Cell","Chaos"],"picked":"Go for the Eyes","floor":13}],"player_experience":670290,"relics_obtained":[{"floor":6,"key":"War Paint"},{"floor":9,"key":"Sundial"},{"floor":14,"key":"Omamori"}],"event_choices":[{"damage_healed":0.0,"max_hp_gain":0.0,"max_hp_loss":0.0,"gold_gain":0.0,"event_name":"Wheel of Change","player_choice":"Cursed","floor":2.0,"gold_loss":0.0,"damage_taken":0.0,"cards_obtained":["Decay"]},{"cards_removed":["Strike_B"],"damage_healed":0,"gold_gain":0,"player_choice":"Card Removal","damage_taken":7,"max_hp_gain":0,"max_hp_loss":0,"event_name":"Golden Wing","floor":8,"gold_loss":0}],"is_beta":false,"boss_relics":[],"items_purged_floors":[5],"is_endless":false,"potions_floor_spawned":[3,11,13],"killed_by":"The Guardian","ascension_level":20}}