{"host":"9q5mrbx0edvw6ayb","time":1608362825,"event":{"mods":["BaseMod","Googly Eyes","Minty Spire (QoL Compilation)","StSLib","Waifu the Spire"],"gold_per_floor":[215,229,241,94,111,111,111,143,143,174,174,35,35,35,35,135,135,148,0,0,17,28,53,53,66,66,76,107,107,121,121,121,219,219,234,284,12,0,0,0,25,25,25,25,44,70,86,97,97,97],"floor_reached":51,"playtime":4995,"items_purged":["Strike_G","Strike_G","Defend_G"],"score":778,"play_id":"d3ec903b-81c1-4bbd-9a79-a5b542b6d63e","local_time":"20201219022705","is_ascension_mode":false,"campfire_choices":[{"floor":6,"key":"REST"},{"data":"Noxious Fumes","floor":11,"key":"SMITH"},{"data":"Leg Sweep","floor":15,"key":"SMITH"},{"floor":24,"key":"REST"},{"data":"Bouncing Flask","floor":29,"key":"SMITH"},{"floor":32,"key":"REST"},{"data":"Venomology","floor":40,"key":"SMITH"},{"data":"Adrenaline","floor":42,"key":"SMITH"},{"data":"PiercingWail","floor":44,"key":"SMITH"},{"data":"Deadly Poison","floor":49,"key":"SMITH"}],"circlet_count":0,"master_deck":["Strike_G","Strike_G","Strike_G","Defend_G","Defend_G","Defend_G","Survivor","Neutralize","Bane","Bouncing Flask+1","Noxious Fumes+1","Terror+1","Leg Sweep+1","Venomology+1","Dodge and Roll+1","PiercingWail+1","Bane","Deadly Poison+1","Deadly Poison+1","Catalyst+1","Adrenaline+1","Caltrops","Deadly Poison+1"],"relics":["Ring of the Snake","Anchor","Meat on the Bone","Gambling Chip","SlaversCollar","Letter Opener","CaptainsWheel","Pear","Busted Crown","Ice Cream","Bronze Scales","Red Mask","Paper Crane","Torii","Ornamental Fan"],"acts_visited":["Exordium","TheCity","TheBeyond"],"potions_floor_usage":[21,21,22,23,25,27,28,28,33,33,33,41,41,41,45,45,45,45,46,50,50,50,50],"damage_taken":[{"damage":1,"enemies":"Jaw Worm","floor":1,"turns":6},{"damage":1,"enemies":"Cultist","floor":2,"turns":4},{"damage":2,"enemies":"Small Slimes","floor":3,"turns":4},{"damage":10,"enemies":"Exordium Wildlife","floor":5,"turns":5},{"damage":13,"enemies":"Lagavulin","floor":8,"turns":6},{"damage":22,"enemies":"Gremlin Nob","floor":10,"turns":4},{"damage":13,"enemies":"Hexaghost","floor":16,"turns":8},{"damage":5,"enemies":"Spheric Guardian","floor":18,"turns":4},{"damage":17,"enemies":"3 Byrds","floor":21,"turns":4},{"damage":0,"enemies":"Centurion and Healer","floor":22,"turns":6},{"damage":1,"enemies":"Book of Stabbing","floor":23,"turns":4},{"damage":17,"enemies":"Sentry and Sphere","floor":25,"turns":5},{"damage":5,"enemies":"3 Cultists","floor":27,"turns":4},{"damage":3,"enemies":"Slavers","floor":28,"turns":5},{"damage":0,"enemies":"Cultist and Chosen","floor":30,"turns":5},{"damage":22,"enemies":"Collector","floor":33,"turns":5},{"damage":0,"enemies":"Orb Walker","floor":35,"turns":2},{"damage":4,"enemies":"Mind Bloom Boss Battle","floor":36,"turns":5},{"damage":6,"enemies":"Nemesis","floor":41,"turns":3},{"damage":0,"enemies":"3 Darklings","floor":45,"turns":3},{"damage":0,"enemies":"Reptomancer","floor":46,"turns":5},{"damage":0,"enemies":"Transient","floor":47,"turns":5},{"damage":1,"enemies":"Sphere and 2 Shapes","floor":48,"turns":3},{"damage":58,"enemies":"Donu and Deca","floor":50,"turns":7}],"seed_played":"8972496940751008695","potions_obtained":[{"floor":10,"key":"Energy Potion"},{"floor":16,"key":"Weak Potion"},{"floor":21,"key":"Block Potion"},{"floor":22,"key":"CunningPotion"},{"floor":27,"key":"SneckoOil"},{"floor":33,"key":"EntropicBrew"},{"floor":41,"key":"PowerPotion"},{"floor":47,"key":"SneckoOil"}],"is_trial":false,"path_per_floor":["M","M","M","$","M","R","?","E","T","E","R","$","?","?","R","B",null,"M","?","?","M","M","E","R","M","T","M","E","R","M","?","R","B",null,"M","?","$","?","?","R","E","R","T","R","M","E","M","M","R","B",null],"character_chosen":"THE_SILENT","items_purchased":["Noxious Fumes","Leg Sweep","Bronze Scales"],"campfire_rested":3,"item_purchase_floors":[4,12,37],"current_hp_per_floor":[69,68,66,66,56,70,70,57,57,47,47,47,47,70,70,57,70,65,65,65,48,48,47,68,51,51,46,53,53,53,38,63,53,85,85,81,81,81,81,81,75,75,75,75,75,75,75,74,74,40],"gold":97,"neow_bonus":"HUNDRED_GOLD","is_daily":false,"chose_seed":false,"campfire_upgraded":7,"win_rate":0.0,"timestamp":1608362825,"path_taken":["M","M","M","$","M","R","?","E","T","E","R","?","?","?","R","BOSS","M","?","?","M","?","E","R","?","T","M","E","R","M","?","R","BOSS","M","?","$","?","?","R","E","R","T","R","?","E","M","M","R","BOSS"],"items_purchased_type":["Card","Card","Relic"],"build_version":"2020-12-13","purchased_purges":3,"victory":true,"max_hp_per_floor":[70,70,70,70,70,70,70,70,70,70,70,70,70,70,70,70,70,70,70,70,70,70,70,70,70,70,70,80,80,80,85,85,85,85,85,85,85,85,85,85,85,85,85,85,85,85,85,85,85,85],"card_choices":[{"not_picked":["Underhanded Strike","Finisher"],"picked":"Bane","floor":1},{"not_picked":["Prepared","Quick Slash"],"picked":"Bouncing Flask","floor":2},{"not_picked":["Heel Hook","Dagger Spray","Predator"],"picked":"SKIP","floor":3},{"not_picked":["Backstab","Heel Hook"],"picked":"Terror","floor":5},{"not_picked":["Dodge and Roll","Underhanded Strike","Deflect"],"picked":"SKIP","floor":8},{"not_picked":["Phantasmal Killer","Bane","All Out Attack"],"picked":"SKIP","floor":10},{"not_picked":["Tools of the Trade","Unload"],"picked":"Venomology","floor":16},{"not_picked":["Bane","Quick Slash"],"picked":"Dodge and Roll+1","floor":18},{"not_picked":["Expertise","Quick Slash"],"picked":"PiercingWail","floor":21},{"not_picked":["Predator+1","Acrobatics"],"picked":"Bane","floor":22},{"not_picked":["Riddle With Holes","Dash+1"],"picked":"Deadly Poison+1","floor":23},{"not_picked":["Leg Sweep+1","Predator"],"picked":"Deadly Poison","floor":25},{"not_picked":["Quick Slash","Blur","Outmaneuver+1"],"picked":"SKIP","floor":27},{"not_picked":["Acrobatics","Leg Sweep","Predator+1"],"picked":"SKIP","floor":28},{"not_picked":["Deflect","Flechettes"],"picked":"Catalyst","floor":30},{"not_picked":["Die Die Die","After Image"],"picked":"Adrenaline","floor":33},{"not_picked":["Outmaneuver+1"],"picked":"SKIP","floor":35},{"not_picked":[],"picked":"Caltrops","floor":41},{"not_picked":["All Out Attack+1"],"picked":"SKIP","floor":45},{"not_picked":["Outmaneuver+1"],"picked":"SKIP","floor":46},{"not_picked":["Predator"],"picked":"SKIP","floor":47},{"not_picked":[],"picked":"Deadly Poison+1","floor":48}],"player_experience":11815,"relics_obtained":[{"floor":8,"key":"Anchor"},{"floor":9,"key":"Meat on the Bone"},{"floor":10,"key":"Gambling Chip"},{"floor":23,"key":"Letter Opener"},{"floor":26,"key":"CaptainsWheel"},{"floor":28,"key":"Pear"},{"floor":36,"key":"Ice Cream"},{"floor":41,"key":"Paper Crane"},{"floor":43,"key":"Torii"},{"floor":46,"key":"Ornamental Fan"}],"event_choices":[{"damage_healed":0,"gold_gain":0,"player_choice":"0 cards matched","damage_taken":0,"max_hp_gain":0,"max_hp_loss":0,"event_name":"Match and Keep!","floor":7,"gold_loss":0,"cards_obtained":[]},{"damage_healed":0,"gold_gain":0,"player_choice":"Grow","damage_taken":0,"max_hp_gain":0,"max_hp_loss":0,"event_name":"Living Wall","floor":13,"gold_loss":0,"cards_upgraded":["Terror"]},{"damage_healed":23,"gold_gain":0,"player_choice":"Banana","damage_taken":0,"max_hp_gain":0,"max_hp_loss":0,"event_name":"Big Fish","floor":14,"gold_loss":0},{"damage_healed":0,"gold_gain":0,"player_choice":"Paid Fearfully","damage_taken":0,"max_hp_gain":0,"max_hp_loss":0,"event_name":"Masked Bandits","floor":19,"gold_loss":148},{"cards_removed":["Defend_G"],"damage_healed":0,"gold_gain":0,"player_choice":"Card Removal","damage_taken":0,"max_hp_gain":0,"max_hp_loss":0,"event_name":"Wheel of Change","floor":20,"gold_loss":0},{"damage_healed":0,"gold_gain":0,"player_choice":"Shed Blood","damage_taken":20,"max_hp_gain":5,"max_hp_loss":0,"event_name":"Forgotten Altar","floor":31,"gold_loss":0},{"damage_healed":0,"gold_gain":0,"player_choice":"Fight","damage_taken":0,"max_hp_gain":0,"max_hp_loss":0,"event_name":"MindBloom","floor":36,"gold_loss":0},{"damage_healed":0,"gold_gain":0,"player_choice":"Paid","damage_taken":0,"relics_obtained":["Red Mask"],"max_hp_gain":0,"max_hp_loss":0,"event_name":"Tomb of Lord Red Mask","floor":38,"gold_loss":12},{"damage_healed":0,"gold_gain":0,"player_choice":"Upgraded","damage_taken":0,"max_hp_gain":0,"max_hp_loss":0,"event_name":"Upgrade Shrine","floor":39,"gold_loss":0,"cards_upgraded":["Catalyst"]}],"is_beta":false,"boss_relics":[{"not_picked":["Astrolabe","Coffee Dripper"],"picked":"SlaversCollar"},{"not_picked":["WristBlade","Runic Dome"],"picked":"Busted Crown"}],"items_purged_floors":[4,12,37],"is_endless":false,"potions_floor_spawned":[10,16,21,22,27,30,33,36,41,47,48],"ascension_level":0}}