{"host":"3rixevx6n8b56xaj","time":1608363337,"event":{"mods":["2.2 Compatiblity","AchievementEnabler","BaseMod","Better Third Choice","Colored Map","DeckTracker","Friendly Minions","Minty Spire (QoL Compilation)","StSLib","SuperFastMode"],"gold_per_floor":[110,129,144,157,332,332,361,361,361,380,380,1,15,46,46,176,176,200,214,229,253,153,153,196,219,273,314,314,332,356,356,356,485,485,509,842,860,870,890,925,925,970,970,1001,634,659,390,406,406,406,406,406,29,55,55],"floor_reached":56,"playtime":2526,"items_purged":["Doubt","Strike_B","Defend_B","Sweeping Beam","Conserve Battery"],"score":1416,"play_id":"a7f7be0b-286d-4c38-b881-eb23073410f9","local_time":"20201219163537","is_ascension_mode":false,"campfire_choices":[{"data":"Barrage","floor":6.0,"key":"SMITH"},{"floor":11.0,"key":"REST"},{"data":"Dualcast","floor":15.0,"key":"SMITH"},{"data":"Biased Cognition","floor":23.0,"key":"SMITH"},{"data":"Defragment","floor":32,"key":"SMITH"},{"data":"Buffer","floor":41,"key":"SMITH"},{"floor":49,"key":"RECALL"},{"data":"Capacitor","floor":52,"key":"SMITH"}],"circlet_count":0,"master_deck":["Defend_B+1","Zap+1","Dualcast+1","Barrage+1","Cold Snap","Leap+1","Ball Lightning","Skim+1","Biased Cognition+1","Core Surge+1","Self Repair+1","Compile Driver+1","Conserve Battery+1","Turbo+1","Tempest+1","Chaos+1","Undo+1","Capacitor+1","Go for the Eyes+1","Darkness+1","Defragment+1","Buffer+1","Coolheaded+1","Reinforced Body+1","Capacitor","Secret Weapon+1"],"relics":["Cracked Core","Singing Bowl","WingedGreaves","Toxic Egg 2","Emotion Chip","Astrolabe","War Paint","Bag of Preparation","Meat on the Bone","Nuclear Battery","Happy Flower","Incense Burner","Ancient Tea Set","Sundial","InkBottle","Membership Card","TungstenRod","Bronze Scales"],"acts_visited":["Exordium","TheCity","TheBeyond","TheEnding"],"potions_floor_usage":[29,42,44,55,55,55],"damage_taken":[{"damage":0.0,"enemies":"Small Slimes","floor":1.0,"turns":3.0},{"damage":0.0,"enemies":"2 Louse","floor":2.0,"turns":3.0},{"damage":6.0,"enemies":"Jaw Worm","floor":3.0,"turns":2.0},{"damage":12.0,"enemies":"Gremlin Gang","floor":4.0,"turns":4.0},{"damage":19.0,"enemies":"Lagavulin","floor":7.0,"turns":6.0},{"damage":8.0,"enemies":"2 Fungi Beasts","floor":10.0,"turns":3.0},{"damage":1.0,"enemies":"Large Slime","floor":13.0,"turns":6.0},{"damage":13.0,"enemies":"3 Sentries","floor":14.0,"turns":4.0},{"damage":0.0,"enemies":"Slime Boss","floor":16.0,"turns":6.0},{"damage":0.0,"enemies":"Spheric Guardian","floor":18.0,"turns":2.0},{"damage":14.0,"enemies":"2 Thieves","floor":19.0,"turns":3.0},{"damage":12.0,"enemies":"3 Cultists","floor":20.0,"turns":5.0},{"damage":0.0,"enemies":"Cultist and Chosen","floor":21.0,"turns":4.0},{"damage":48.0,"enemies":"Slavers","floor":24.0,"turns":4.0},{"damage":9.0,"enemies":"Centurion and Healer","floor":25.0,"turns":6.0},{"damage":0.0,"enemies":"Gremlin Leader","floor":27.0,"turns":5.0},{"damage":2,"enemies":"Shelled Parasite and Fungi","floor":29,"turns":4},{"damage":8,"enemies":"Snake Plant","floor":30,"turns":2},{"damage":16,"enemies":"Automaton","floor":33,"turns":7},{"damage":0,"enemies":"3 Shapes","floor":35,"turns":6},{"damage":0,"enemies":"Orb Walker","floor":37,"turns":3},{"damage":0,"enemies":"Spire Growth","floor":38,"turns":4},{"damage":0,"enemies":"Maw","floor":39,"turns":7},{"damage":8,"enemies":"Giant Head","floor":40,"turns":6},{"damage":2,"enemies":"2 Orb Walkers","floor":42,"turns":6},{"damage":10,"enemies":"Reptomancer","floor":44,"turns":7},{"damage":0,"enemies":"Nemesis","floor":46,"turns":5},{"damage":0,"enemies":"3 Darklings","floor":48,"turns":4},{"damage":2,"enemies":"Time Eater","floor":50,"turns":9},{"damage":17,"enemies":"Shield and Spear","floor":54,"turns":6},{"damage":20,"enemies":"The Heart","floor":55,"turns":7}],"seed_played":"-8554931017671830698","potions_obtained":[{"floor":4.0,"key":"FocusPotion"},{"floor":10.0,"key":"FearPotion"},{"floor":13.0,"key":"FearPotion"},{"floor":24.0,"key":"LiquidBronze"},{"floor":25.0,"key":"Fire Potion"},{"floor":29,"key":"SteroidPotion"},{"floor":30,"key":"Block Potion"},{"floor":33,"key":"DistilledChaos"},{"floor":38,"key":"EssenceOfDarkness"},{"floor":42,"key":"LiquidMemories"},{"floor":44,"key":"Regen Potion"},{"floor":46,"key":"DuplicationPotion"}],"is_trial":false,"path_per_floor":["M","M","M","M","?","R","E","?","T","M","R","$","M","E","R","B",null,"M","M","M","M","$","R","E","M","T","E","?","M","M","?","R","B",null,"M","?","M","M","M","E","R","?","T","E","$","E","$","M","R","B",null,"R","$","E","B",null],"character_chosen":"DEFECT","items_purchased":["Toxic Egg 2","Leap+1","Sundial","Membership Card","Capacitor","TungstenRod","PowerPotion","FocusPotion","Secret Weapon+1"],"campfire_rested":1,"item_purchase_floors":[12,12,45,47,47,53,53,53,53],"current_hp_per_floor":[54,54,48,36,36,36,19,19,19,11,32,32,31,18,18,18,71,71,67,65,71,71,71,33,34,34,46,46,54,46,46,46,52,73,73,73,75,77,79,79,79,79,79,81,81,85,85,87,87,87,87,87,87,82,72],"gold":55,"neow_bonus":"REMOVE_TWO","is_daily":false,"chose_seed":false,"campfire_upgraded":6,"win_rate":0.0,"timestamp":1608363337,"path_taken":["M","M","M","M","?","R","E","?","T","M","R","$","?","E","R","BOSS","M","?","M","M","$","R","E","M","T","E","?","M","M","?","R","BOSS","M","?","M","M","M","E","R","?","T","E","$","E","$","M","R","BOSS","R","$","E","BOSS"],"items_purchased_type":["Relic","Card","Relic","Relic","Card","Relic","Potion","Potion","Card"],"build_version":"2020-12-13","purchased_purges":5,"victory":true,"max_hp_per_floor":[75,75,75,75,75,75,77,71,71,71,71,71,71,71,71,71,71,71,71,71,71,71,71,71,71,71,73,73,73,73,73,73,73,73,73,73,75,77,79,79,79,81,81,83,83,85,85,87,87,87,87,87,87,89,89],"card_choices":[{"not_picked":["Stack","FTL"],"picked":"Sweeping Beam","floor":1.0},{"not_picked":["Gash","Go for the Eyes"],"picked":"Barrage","floor":2.0},{"not_picked":["Sweeping Beam","Stack","Reinforced Body"],"picked":"SKIP","floor":3.0},{"not_picked":["Compile Driver","Hologram"],"picked":"Conserve Battery","floor":4.0},{"not_picked":["Auto Shields","Consume","Reinforced Body"],"picked":"Singing Bowl","floor":7.0},{"not_picked":["Storm","Steam Power"],"picked":"Cold Snap","floor":10.0},{"not_picked":["Auto Shields+1","Compile Driver"],"picked":"Ball Lightning","floor":13.0},{"not_picked":["Storm","Scrape"],"picked":"Skim+1","floor":14.0},{"not_picked":["Core Surge","Hyperbeam"],"picked":"Biased Cognition","floor":16.0},{"not_picked":["Sweeping Beam","Cold Snap"],"picked":"Conserve Battery+1","floor":18.0},{"not_picked":["Conserve Battery+1","Beam Cell"],"picked":"Turbo+1","floor":19.0},{"not_picked":["Cold Snap","Recycle+1"],"picked":"Tempest+1","floor":20.0},{"not_picked":["Conserve Battery+1","Stack+1"],"picked":"Chaos+1","floor":21.0},{"not_picked":["Turbo+1","Buffer"],"picked":"Undo+1","floor":24.0},{"not_picked":["Lockon","Stack+1"],"picked":"Capacitor","floor":25.0},{"not_picked":["Auto Shields+1","Static Discharge","Sunder+1"],"picked":"Singing Bowl","floor":27},{"not_picked":["Conserve Battery+1","Gash"],"picked":"Go for the Eyes+1","floor":29},{"not_picked":["Loop","Stack+1"],"picked":"Darkness+1","floor":30},{"not_picked":["Thunder Strike","Hyperbeam"],"picked":"Buffer","floor":33},{"not_picked":["Sweeping Beam+1","Gash"],"picked":"Coolheaded+1","floor":35},{"not_picked":["Cold Snap","Sweeping Beam","Coolheaded+1"],"picked":"Singing Bowl","floor":37},{"not_picked":["Compile Driver+1","Ball Lightning","Stack+1"],"picked":"Singing Bowl","floor":38},{"not_picked":["Consume+1","Aggregate+1","Steam+1"],"picked":"Singing Bowl","floor":39},{"not_picked":["Defragment","Streamline"],"picked":"Reinforced Body+1","floor":40},{"not_picked":["Compile Driver+1","Beam Cell","Steam Power+1"],"picked":"Singing Bowl","floor":42},{"not_picked":["Gash+1","Stack+1","Loop"],"picked":"Singing Bowl","floor":44},{"not_picked":["Redo+1","Leap+1","Hyperbeam"],"picked":"Singing Bowl","floor":46},{"not_picked":["Defragment","Skim+1","Turbo+1"],"picked":"Singing Bowl","floor":48},{"not_picked":["Redo+1","Capacitor","Compile Driver+1"],"picked":"Singing Bowl","floor":54}],"player_experience":532696,"relics_obtained":[{"floor":7.0,"key":"Singing Bowl"},{"floor":9.0,"key":"WingedGreaves"},{"floor":14.0,"key":"Emotion Chip"},{"floor":24.0,"key":"War Paint"},{"floor":26.0,"key":"Bag of Preparation"},{"floor":27,"key":"Meat on the Bone"},{"floor":40,"key":"Happy Flower"},{"floor":42,"key":"Incense Burner"},{"floor":44,"key":"Ancient Tea Set"},{"floor":46,"key":"InkBottle"},{"floor":54,"key":"Bronze Scales"}],"event_choices":[{"damage_healed":0.0,"max_hp_gain":0.0,"max_hp_loss":0.0,"gold_gain":175.0,"event_name":"betterThird:BetterSerpent","player_choice":"AGREE","floor":5.0,"gold_loss":0.0,"damage_taken":157.0},{"damage_healed":0.0,"max_hp_gain":0.0,"max_hp_loss":6.0,"gold_gain":0.0,"event_name":"Golden Idol","player_choice":"Lose Max HP","floor":8.0,"gold_loss":0.0,"damage_taken":0.0,"relics_obtained":["Golden Idol"]},{"damage_healed":0,"gold_gain":0,"player_choice":"Ignored","damage_taken":0,"max_hp_gain":0,"max_hp_loss":0,"event_name":"Vampires","floor":28,"gold_loss":0},{"damage_healed":0,"gold_gain":0,"player_choice":"Read","damage_taken":0,"max_hp_gain":0,"max_hp_loss":0,"event_name":"The Library","floor":31,"gold_loss":0,"cards_obtained":["Defragment"]},{"damage_healed":0,"gold_gain":333,"player_choice":"Gave Idol","damage_taken":0,"max_hp_gain":0,"max_hp_loss":0,"event_name":"The Moai Head","floor":36,"relics_lost":["Golden Idol"],"gold_loss":0},{"damage_healed":0,"gold_gain":0,"player_choice":"Fight","damage_taken":0,"max_hp_gain":0,"max_hp_loss":0,"event_name":"Mysterious Sphere","floor":42,"gold_loss":0}],"is_beta":false,"boss_relics":[{"not_picked":["Fusion Hammer","Calling Bell"],"picked":"Astrolabe"},{"not_picked":["Runic Dome","Inserter"],"picked":"Nuclear Battery"}],"items_purged_floors":[12,22,45,47,53],"is_endless":false,"potions_floor_spawned":[4,10,13,24,25,29,30,33,38,40,42,44,46],"ascension_level":0}}