{"host":"icrrc9b69c1a6188","time":1608396218,"event":{"mods":["Act Like it!","BaseMod","Bestiary","Better Altar","Better Match","Better Note","Better Sensory Stone","Better Skull","Better Third Choice","Block Reminder","Colored Map","Colored Powertips","Curses Come First","Displayed Cursed Tome","Faster Ascension Climbing","HexUI Lib","Jorbs\u0027s Wanderer Trilogy","Minty Spire (QoL Compilation)","Quick Restart","RNG Fix","Random Character Mod","Rare Cards Sparkle","Spicy Shops","StSLib","Unceasing Turn Reminder"],"gold_per_floor":[211,228,259,259,259,259,259,285,285,390,390,406,34,46,46,46,79,79,79,79,108,78,78,78,78],"floor_reached":43,"playtime":1419,"items_purged":["Pain"],"score":358,"play_id":"d283a4db-e00b-472b-802f-8b0b35bd31b0","local_time":"20201219104338","is_ascension_mode":false,"campfire_choices":[{"data":"stsjorbsmod:CULLCard","floor":10,"key":"SMITH"},{"data":"stsjorbsmod:SpiritShield_Cull","floor":11,"key":"SMITH"},{"data":"stsjorbsmod:Frustration","floor":12,"key":"SMITH"},{"data":"stsjorbsmod:Intervention","floor":17,"key":"SMITH"},{"data":"stsjorbsmod:Apparition_Cull","floor":29,"key":"SMITH"},{"data":"stsjorbsmod:Exhale","floor":30,"key":"SMITH"},{"data":"stsjorbsmod:Rebuke","floor":36,"key":"SMITH"},{"data":"stsjorbsmod:Poultergeist","floor":37,"key":"SMITH"},{"data":"stsjorbsmod:Paralysis","floor":42,"key":"SMITH"}],"circlet_count":0,"master_deck":["stsjorbsmod:CULLCard+1","stsjorbsmod:Apparition_Cull+1","stsjorbsmod:Strike_Cull","stsjorbsmod:Strike_Cull","stsjorbsmod:Strike_Cull","stsjorbsmod:Strike_Cull","stsjorbsmod:Paralysis+1","stsjorbsmod:SpiritShield_Cull+1","stsjorbsmod:Exhale+1","stsjorbsmod:Withering","stsjorbsmod:Taunt","stsjorbsmod:Poultergeist+1","stsjorbsmod:Frustration+1","stsjorbsmod:Intervention+1","stsjorbsmod:Procrastination","stsjorbsmod:Procrastination","stsjorbsmod:Trouble+1","stsjorbsmod:Shake+1","stsjorbsmod:Pollute+1","stsjorbsmod:Rebuke+1","stsjorbsmod:Amnesia","stsjorbsmod:ForcedPresence+1"],"relics":["Cursed Key","HornCleat","Kunai","Nunchaku","Coffee Dripper","Toxic Egg 2","Bottled Flame","Vajra","Bag of Preparation"],"acts_visited":["Exordium","TheCity"],"potions_floor_usage":[7,18,38,43,43,43],"damage_taken":[{"damage":1,"enemies":"Cultist","floor":1,"turns":3},{"damage":2,"enemies":"Jaw Worm","floor":4,"turns":3},{"damage":0,"enemies":"Lagavulin","floor":7,"turns":2},{"damage":6,"enemies":"3 Sentries","floor":13,"turns":4},{"damage":8,"enemies":"Slime Boss","floor":18,"turns":5},{"damage":2,"enemies":"Shell Parasite","floor":24,"turns":1},{"damage":0,"enemies":"Chosen","floor":26,"turns":2},{"damage":10,"enemies":"Gremlin Leader","floor":31,"turns":4},{"damage":1,"enemies":"Book of Stabbing","floor":38,"turns":2},{"damage":43,"enemies":"Champ","floor":43,"turns":8}],"seed_played":"6232870125442688107","potions_obtained":[{"floor":1,"key":"LiquidMemories"},{"floor":7,"key":"Fire Potion"},{"floor":24,"key":"Dexterity Potion"},{"floor":38,"key":"Swift Potion"},{"floor":40,"key":"Weak Potion"},{"floor":40,"key":"AttackPotion"}],"is_trial":false,"path_per_floor":["M","M","E","T","R","R","R","E","R","B",null,"M","$","M","R","R","E","T","R","R","E","?","R","B"],"character_chosen":"CULL","items_purchased":["Toxic Egg 2","stsjorbsmod:Shake+1"],"campfire_rested":0,"item_purchase_floors":[25,25],"current_hp_per_floor":[67,63,62,62,62,62,62,53,53,42,44,42,42,41,41,41,28,28,28,28,27,27,27,0,0],"gold":78,"neow_bonus":"BOSS_RELIC","is_daily":false,"chose_seed":false,"campfire_upgraded":9,"win_rate":0.0,"timestamp":1608396218,"path_taken":["M","M","E","T","R","R","R","E","R","BOSS","M","$","?","R","R","E","T","R","R","E","?","R","BOSS"],"items_purchased_type":["Relic","Card"],"build_version":"2020-12-13","purchased_purges":1,"victory":false,"max_hp_per_floor":[67,63,62,62,62,62,62,54,54,44,44,42,42,41,41,41,31,31,31,31,29,29,29,17,17],"card_choices":[{"not_picked":["stsjorbsmod:PollutedStrike","stsjorbsmod:Poultergeist"],"picked":"stsjorbsmod:Taunt","floor":1},{"not_picked":["stsjorbsmod:Damnation","stsjorbsmod:Panic"],"picked":"stsjorbsmod:Poultergeist","floor":4},{"not_picked":["stsjorbsmod:Rebuttal","stsjorbsmod:SilverStrike"],"picked":"stsjorbsmod:Frustration","floor":7},{"not_picked":["stsjorbsmod:Discordance","stsjorbsmod:FindWeakness"],"picked":"stsjorbsmod:Intervention","floor":13},{"not_picked":["stsjorbsmod:Anxiety","stsjorbsmod:Summoning"],"picked":"stsjorbsmod:OldBook","floor":18},{"not_picked":["stsjorbsmod:ForcedPresence+1","stsjorbsmod:Panic"],"picked":"stsjorbsmod:Trouble+1","floor":24},{"not_picked":["stsjorbsmod:Equinox","stsjorbsmod:Ritual+1"],"picked":"stsjorbsmod:Pollute+1","floor":26},{"not_picked":["stsjorbsmod:Damnation+1","stsjorbsmod:Ectoplasm_Cull+1"],"picked":"stsjorbsmod:Rebuke","floor":31},{"not_picked":["stsjorbsmod:GrimDirge","stsjorbsmod:Phantasm"],"picked":"stsjorbsmod:ForcedPresence+1","floor":38}],"player_experience":701105,"relics_obtained":[{"floor":7,"key":"HornCleat"},{"floor":9,"key":"Kunai"},{"floor":13,"key":"Nunchaku"},{"floor":31,"key":"Bottled Flame"},{"floor":35,"key":"Vajra"},{"floor":38,"key":"Bag of Preparation"}],"event_choices":[{"damage_healed":0,"gold_gain":0,"player_choice":"Bought 2 Potions","damage_taken":0,"max_hp_gain":0,"max_hp_loss":0,"event_name":"The Woman in Blue","floor":40,"gold_loss":0}],"is_beta":false,"boss_relics":[{"not_picked":["Sozu","Busted Crown"],"picked":"Coffee Dripper"}],"items_purged_floors":[25],"is_endless":false,"potions_floor_spawned":[1,7,24,38],"killed_by":"Champ","ascension_level":0}}