{"host":"y9jgkjnf95sujozk","time":1608390836,"event":{"mods":["2.2 Compatiblity","AchievementEnabler","BaseMod","Block Reminder","Colored Map","Colored Powertips","Downfall","Friendly Minions","GifTheSpireLib","Hermit","Highlight Path","MarisaÅiñ∂âJÅ@ñÇóùçπÅj","Minty Spire (QoL Compilation)","Random Character Button","Rare Cards Sparkle","Replay The Spire","StSLib","SuperFastMode","The Animator","The Bug Knight","The Cursed","The Servant 0.9.4"],"gold_per_floor":[109,109,109,120,120,139,139,106,133,151,161,172,183,59,59,158,158,168,168,168,182,17,17,17],"floor_reached":23,"playtime":623,"items_purged":["Slimebound:Icky"],"score":210,"play_id":"7221a2c6-43de-4f2b-b14c-6ed1b1e40e6a","local_time":"20201219161356","is_ascension_mode":false,"campfire_choices":[{"floor":7,"key":"REST"},{"floor":15,"key":"REST"}],"circlet_count":0,"master_deck":["Guardian:Defend_Guardian+1","Guardian:Defend_Guardian","Guardian:Defend_Guardian","Guardian:Defend_Guardian","Guardian:CurlUp","Guardian:TwinSlam+1","Guardian:CrystalBeam","Guardian:GuardianWhirl","Guardian:Gem_White","Guardian:TemporalStrike","Guardian:Gem_Cyan","Guardian:CrystalBeam","Guardian:Preprogram","Guardian:FierceBash","Guardian:Gem_Lightblue","Slimebound:CheckThePlaybook","Bite","Bite","Bite","Bite","Bite","Guardian:Gem_Blue","Guardian:CrystalBeam","Guardian:Planning"],"relics":["Guardian:ModeShifter","NeowsBlessing","Boot","Philosopher\u0027s Stone"],"acts_visited":["Exordium","TheCity"],"potions_floor_usage":[16,16,16,23],"damage_taken":[{"damage":0,"enemies":"Jaw Worm","floor":1,"turns":1},{"damage":0,"enemies":"Small Slimes","floor":4,"turns":2},{"damage":0,"enemies":"2 Louse","floor":6,"turns":1},{"damage":8,"enemies":"Exordium Thugs","floor":8,"turns":5},{"damage":12,"enemies":"Large Slime","floor":10,"turns":8},{"damage":4,"enemies":"2 Fungi Beasts","floor":11,"turns":4},{"damage":0,"enemies":"Exordium Thugs","floor":12,"turns":5},{"damage":11,"enemies":"Gremlin Gang","floor":13,"turns":5},{"damage":38,"enemies":"Slime Boss","floor":16,"turns":13},{"damage":18,"enemies":"3 Byrds","floor":18,"turns":3},{"damage":20,"enemies":"Shell Parasite","floor":21,"turns":5},{"damage":82,"enemies":"Gremlin Leader","floor":23,"turns":10}],"seed_played":"1233438902293851155","potions_obtained":[{"floor":4,"key":"Swift Potion"},{"floor":10,"key":"PowerPotion"},{"floor":11,"key":"LifebloodPotion"},{"floor":16,"key":"ColorlessPotion"}],"is_trial":false,"path_per_floor":["M","?","?","M","?","M","R","M","T","M","M","M","M","$","R","B",null,"M","?","?","M","$","E"],"character_chosen":"GUARDIAN","items_purchased":["Guardian:CrystalBeam","Guardian:Preprogram","Guardian:CrystalBeam","Guardian:Planning"],"campfire_rested":2,"item_purchase_floors":[14,14,22,22],"current_hp_per_floor":[80,80,64,64,64,64,80,72,72,60,56,56,45,45,69,31,80,62,62,56,46,46,0,0],"gold":17,"neow_bonus":"THREE_ENEMY_KILL","is_daily":false,"chose_seed":false,"campfire_upgraded":0,"win_rate":0.0,"timestamp":1608390836,"path_taken":["M","?","?","M","?","M","R","M","T","M","M","M","M","$","R","BOSS","M","?","?","M","$","E"],"items_purchased_type":["Card","Card","Card","Card"],"build_version":"2020-12-13","purchased_purges":1,"victory":false,"max_hp_per_floor":[80,80,80,80,80,80,80,80,80,80,80,80,80,80,80,80,80,80,80,56,56,56,56,56],"card_choices":[{"not_picked":["Guardian:ShieldSpikes","Guardian:EvasiveProtocol"],"picked":"Guardian:Gem_Lightblue","floor":1},{"not_picked":["Guardian:PrimingBeam","Guardian:PiercingHide"],"picked":"Guardian:CrystalBeam","floor":4},{"not_picked":["Guardian:Gem_Crimson","Guardian:RollAttack"],"picked":"Guardian:Gem_Red","floor":6},{"not_picked":["Guardian:PiercingHide","Guardian:Planning"],"picked":"Guardian:Gem_Green","floor":8},{"not_picked":["Guardian:ConstructionForm","Guardian:TemporalShield"],"picked":"Guardian:GuardianWhirl","floor":10},{"not_picked":["Guardian:TimeBomb","Guardian:CrystalBeam"],"picked":"Guardian:Gem_White","floor":11},{"not_picked":["Guardian:ChargeUp","Guardian:ArmoredProtocol"],"picked":"Guardian:TemporalStrike","floor":12},{"not_picked":["Guardian:TimeCapacitor","Guardian:ArmoredProtocol"],"picked":"Guardian:Gem_Cyan","floor":13},{"not_picked":["Guardian:HyperBeam_Guardian","Guardian:FastForward"],"picked":"Guardian:FierceBash","floor":16},{"not_picked":["Guardian:Reroute+1","Guardian:TemporalStrike"],"picked":"Guardian:Gem_Lightblue","floor":18},{"not_picked":["Guardian:Clone","Guardian:TemporalShield"],"picked":"Guardian:Gem_Blue","floor":21}],"player_experience":110304,"relics_obtained":[{"floor":9,"key":"Boot"}],"event_choices":[{"damage_healed":0,"gold_gain":0,"player_choice":"Grow","damage_taken":0,"max_hp_gain":0,"max_hp_loss":0,"event_name":"Living Wall","floor":2,"gold_loss":0,"cards_upgraded":["Guardian:TwinSlam"]},{"damage_healed":0,"gold_gain":0,"player_choice":"Entered Light","damage_taken":16,"max_hp_gain":0,"max_hp_loss":0,"event_name":"Shining Light","floor":3,"gold_loss":0,"cards_upgraded":["Guardian:Defend_Guardian","Guardian:Strike_Guardian"]},{"damage_healed":0,"gold_gain":0,"player_choice":"Became a vampire","damage_taken":0,"max_hp_gain":0,"max_hp_loss":24,"event_name":"Vampires","floor":20,"gold_loss":0,"cards_obtained":["Bite","Bite","Bite","Bite","Bite"]}],"is_beta":false,"boss_relics":[{"not_picked":["Snecko Heart","Honey Jar"],"picked":"Philosopher\u0027s Stone"}],"items_purged_floors":[22],"is_endless":false,"potions_floor_spawned":[4,10,11,12,16],"killed_by":"Gremlin Leader","ascension_level":0}}