{"host":"vd5put2n5b3t1prw","time":1608352774,"event":{"mods":["2.2 Compatiblity","AchievementEnabler","BaseMod","Better Altar","Better Match","Better Note","Better Sensory Stone","Better Silent Start","Better Skull","Better Third Choice","Better Vampires","Better-Laid Plans","BetterRewards","Block Reminder","Card Forge","Colored Map","Custom Start","Downfall","Emptier Cage","Marked Mod","Minty Spire (QoL Compilation)","Quick Restart","Random Character Button","Relic Stats","Reorder Act Four","Spicy Shops","StSLib","Transform Curses","Waifu the Spire"],"gold_per_floor":[113,129,304,9,26,54,64,64,64,64,74,74,84,104,104,204,204,217,549,549,549,564,591,591,621,621,640,79,29,58,73,73,168,168,186,199,199,199,199,234,253,50,50,76,76,125,159,159,159,159,159,87,87,121,121],"floor_reached":56,"playtime":8922,"items_purged":["Strike_P","Doubt","Defend_P"],"score":2333,"play_id":"3d64830e-b57a-4e41-baa4-b1b2b1baec5d","local_time":"20201218223934","is_ascension_mode":true,"campfire_choices":[{"data":"MarkedMod:OneThousandNeedles","floor":12,"key":"SMITH"},{"data":"PathToVictory","floor":15,"key":"SMITH"},{"data":"Evaluate","floor":24,"key":"SMITH"},{"floor":32,"key":"RECALL"},{"data":"SandsOfTime","floor":45,"key":"SMITH"},{"data":"Establishment","floor":49,"key":"SMITH"},{"data":"LikeWater","floor":53,"key":"SMITH"}],"circlet_count":0,"master_deck":["Defend_P+1","Defend_P+1","MarkedMod:PinPointDefense+1","CutThroughFate+1","Evaluate+1","Nirvana+1","InnerPeace+1","hexamod:SixthSeal","CutThroughFate+1","CutThroughFate+1","MarkedMod:OneThousandNeedles+1","ThirdEye+1","MarkedMod:GentlePulse+1","Establishment+1","Protect+1","PathToVictory+1","SandsOfTime+1","Evaluate+1","DeusExMachina+1","MarkedMod:OneThousandNeedles+1","Blasphemy+1","ThirdEye+1","Evaluate+1","PathToVictory+1","Wireheading+1","Evaluate+1","Scrawl+1","PathToVictory+1","Secret Technique+1","expansioncontent:SuperHexaguard+1","Nirvana+1","PathToVictory+1","ThirdEye+1","LikeWater+1"],"relics":["PureWater","Hammer of Thor","Seething Fire","Anvil of the Gods","Pantograph","TheAbacus","Meat on the Bone","Pen Nib","Melange","Orrery","Oddly Smooth Stone","Bottled Lightning","Toxic Egg 2","Nunchaku","Thread and Needle","Singing Bowl","Sundial","Sozu","PreservedInsect","OrangePellets","TeardropLocket","Damaru","Pocketwatch","Regal Pillow","Eternal Feather"],"acts_visited":["Exordium","TheCity","TheBeyond","TheEnding"],"potions_floor_usage":[6,7,50],"damage_taken":[{"damage":7,"enemies":"Cultist","floor":1,"turns":8},{"damage":4,"enemies":"Jaw Worm","floor":2,"turns":4},{"damage":1,"enemies":"2 Louse","floor":5,"turns":4},{"damage":0,"enemies":"Lagavulin","floor":6,"turns":9},{"damage":0,"enemies":"Large Slime","floor":7,"turns":9},{"damage":19,"enemies":"Lots of Slimes","floor":11,"turns":5},{"damage":5,"enemies":"Exordium Wildlife","floor":13,"turns":3},{"damage":8,"enemies":"Exordium Thugs","floor":14,"turns":4},{"damage":0,"enemies":"The Guardian","floor":16,"turns":6},{"damage":0,"enemies":"Shell Parasite","floor":18,"turns":3},{"damage":4,"enemies":"Spheric Guardian","floor":22,"turns":4},{"damage":4,"enemies":"Slavers","floor":23,"turns":4},{"damage":0,"enemies":"Gremlin Leader","floor":25,"turns":3},{"damage":5,"enemies":"Snake Plant","floor":27,"turns":4},{"damage":21,"enemies":"Slavers","floor":30,"turns":4},{"damage":2,"enemies":"Centurion and Healer","floor":31,"turns":4},{"damage":0,"enemies":"Champ","floor":33,"turns":6},{"damage":7,"enemies":"3 Shapes","floor":35,"turns":3},{"damage":0,"enemies":"Orb Walker","floor":36,"turns":3},{"damage":0,"enemies":"Giant Head","floor":40,"turns":4},{"damage":0,"enemies":"Jaw Worm Horde","floor":41,"turns":4},{"damage":2,"enemies":"2 Orb Walkers","floor":46,"turns":2},{"damage":10,"enemies":"Reptomancer","floor":47,"turns":3},{"damage":11,"enemies":"Awakened One","floor":50,"turns":6},{"damage":8,"enemies":"Shield and Spear","floor":54,"turns":4},{"damage":42,"enemies":"The Heart","floor":55,"turns":4}],"seed_played":"2686697833738740401","potions_obtained":[{"floor":2,"key":"Ancient Potion"},{"floor":6,"key":"Fruit Juice"},{"floor":11,"key":"CultistPotion"},{"floor":13,"key":"StancePotion"},{"floor":27,"key":"FearPotion"},{"floor":30,"key":"Regen Potion"},{"floor":33,"key":"SkillPotion"}],"is_trial":false,"path_per_floor":["M","M","?","$","M","E","M","T","T","$","M","R","M","M","R","B",null,"M","?","?","?","M","E","R","E","T","M","$","?","E","M","R","B",null,"M","M","?","?","?","E","M","$","T","T","R","?","E","$","R","B",null,"$","R","E","B",null],"character_chosen":"WATCHER","items_purchased":["MarkedMod:PinPointDefense","CutThroughFate","Pantograph","Evaluate","TheAbacus","Meat on the Bone","Pen Nib","Nirvana","Melange","Orrery","Protect","PathToVictory+1","Wireheading","Evaluate+1","Singing Bowl","OrangePellets","PathToVictory+1","LikeWater"],"campfire_rested":0,"item_purchase_floors":[0,0,0,0,0,0,0,0,0,4,4,28,28,28,28,42,42,52],"current_hp_per_floor":[58,54,54,54,53,53,58,58,58,58,39,39,46,50,50,75,77,77,49,49,49,45,41,41,41,41,48,48,48,41,53,53,78,80,73,75,75,75,75,75,77,77,77,77,77,75,67,67,67,76,84,84,84,78,47],"gold":121,"neow_bonus":"","is_daily":false,"chose_seed":false,"campfire_upgraded":6,"win_rate":0.0,"timestamp":1608352774,"path_taken":["M","M","?","$","M","E","M","?","T","?","M","R","M","?","R","BOSS","M","?","?","?","?","E","R","E","T","M","$","?","E","?","R","BOSS","M","M","?","?","?","E","M","$","T","?","R","?","E","?","R","BOSS","$","R","E","BOSS"],"items_purchased_type":["Card","Card","Relic","Card","Relic","Relic","Relic","Card","Relic","Relic","Card","Card","Card","Card","Relic","Relic","Card","Card"],"build_version":"2020-12-13","purchased_purges":3,"victory":true,"max_hp_per_floor":[72,72,72,72,72,72,77,77,77,77,77,77,77,77,77,77,77,77,77,77,77,77,77,77,77,77,77,77,77,79,81,81,81,81,81,83,83,83,83,83,85,85,85,85,85,85,87,87,87,87,87,87,87,89,89],"relic_stats":{"Regal Pillow":0,"Singing Bowl":12,"counters":[52,220],"Melange":[69],"Eternal Feather":0,"Pen Nib":[8],"PreservedInsect":127,"Sozu":3,"OrangePellets":[0],"Nunchaku":[2],"TheAbacus":[138],"Sundial":[2],"Pantograph":81,"obtain_stats":[{"Regal Pillow":47,"Singing Bowl":28,"Vajra":46,"Melange":0,"Mango":7,"Yang":54,"Hammer of Thor":0,"Ginger":9,"TeardropLocket":43,"Old Coin":44,"Sozu":34,"Nunchaku":25,"Shovel":28,"TheAbacus":0,"Mummified Hand":26,"Sundial":30,"Pantograph":0,"Toxic Egg 2":23,"Pear":36,"NeowsBlessing":0,"Happy Flower":40,"Damaru":47,"Oddly Smooth Stone":6,"Thread and Needle":26,"Eternal Feather":54,"Pen Nib":0,"PreservedInsect":40,"Seething Fire":0,"Letter Opener":10,"Question Card":40,"White Beast Statue":13,"SlaversCollar":17,"OrangePellets":42,"Anvil of the Gods":0,"Orrery":4,"Molten Egg 2":41,"Black Star":34,"Bottled Lightning":9,"PureWater":0,"StrikeDummy":47,"TungstenRod":46,"Toy Ornithopter":54,"Meat on the Bone":0,"Pocketwatch":46},{"Regal Pillow":49,"Singing Bowl":40,"Vajra":21,"Melange":26,"Mango":3,"Yang":25,"Hammer of Thor":0,"Ginger":4,"TeardropLocket":47,"Old Coin":21,"Sozu":43,"Nunchaku":39,"Shovel":12,"TheAbacus":26,"Mummified Hand":11,"Sundial":41,"Pantograph":26,"Toxic Egg 2":10,"Pear":16,"NeowsBlessing":0,"Happy Flower":19,"Damaru":22,"Oddly Smooth Stone":30,"Thread and Needle":39,"Eternal Feather":51,"Pen Nib":26,"PreservedInsect":46,"Seething Fire":0,"Letter Opener":5,"Question Card":19,"White Beast Statue":8,"SlaversCollar":9,"OrangePellets":47,"Anvil of the Gods":0,"Orrery":28,"Molten Egg 2":19,"Black Star":15,"Bottled Lightning":31,"PureWater":0,"StrikeDummy":22,"TungstenRod":21,"Toy Ornithopter":25,"Meat on the Bone":26,"Pocketwatch":48},{"Regal Pillow":206,"Singing Bowl":173,"Vajra":74,"Melange":103,"Mango":4,"Yang":96,"Hammer of Thor":0,"Ginger":7,"TeardropLocket":201,"Old Coin":74,"Sozu":187,"Nunchaku":169,"Shovel":41,"TheAbacus":103,"Mummified Hand":37,"Sundial":177,"Pantograph":103,"Toxic Egg 2":33,"Pear":58,"NeowsBlessing":0,"Happy Flower":67,"Damaru":79,"Oddly Smooth Stone":128,"Thread and Needle":169,"Eternal Feather":216,"Pen Nib":103,"PreservedInsect":197,"Seething Fire":0,"Letter Opener":10,"Question Card":67,"White Beast Statue":21,"SlaversCollar":29,"OrangePellets":201,"Anvil of the Gods":0,"Orrery":115,"Molten Egg 2":67,"Black Star":55,"Bottled Lightning":137,"PureWater":0,"StrikeDummy":79,"TungstenRod":74,"Toy Ornithopter":96,"Meat on the Bone":103,"Pocketwatch":203}],"Meat on the Bone":60,"Pocketwatch":[0]},"card_choices":[{"not_picked":["EmptyFist","FollowUp"],"picked":"CutThroughFate","floor":1},{"not_picked":["ClearTheMind","BowlingBash"],"picked":"CutThroughFate","floor":2},{"not_picked":["MarkedMod:GentlePulse","Alpha"],"picked":"MarkedMod:OneThousandNeedles","floor":4},{"not_picked":["Consecrate","Fasting2"],"picked":"ThirdEye","floor":4},{"not_picked":["JustLucky","EmptyFist"],"picked":"MarkedMod:GentlePulse","floor":4},{"not_picked":["Conclude","CrushJoints"],"picked":"Establishment","floor":4},{"not_picked":["FollowUp","Meditate","ClearTheMind"],"picked":"SKIP","floor":5},{"not_picked":["BowlingBash","Sanctity","MentalFortress"],"picked":"SKIP","floor":6},{"not_picked":["ThirdEye","Swivel"],"picked":"PathToVictory","floor":7},{"not_picked":["FearNoEvil","ReachHeaven","Consecrate"],"picked":"SKIP","floor":11},{"not_picked":["Nirvana","FlurryOfBlows"],"picked":"SandsOfTime","floor":13},{"not_picked":["JustLucky","Halt"],"picked":"Evaluate","floor":14},{"not_picked":["Omniscience","Establishment"],"picked":"DeusExMachina","floor":16},{"not_picked":["FlyingSleeves+1","MarkedMod:FirstStrike+1","JustLucky"],"picked":"SKIP","floor":18},{"not_picked":["FlurryOfBlows+1","Crescendo"],"picked":"ThirdEye","floor":22},{"not_picked":["MasterReality","Prostrate+1","BowlingBash"],"picked":"SKIP","floor":23},{"not_picked":["Conclude","ClearTheMind+1","Devotion"],"picked":"SKIP","floor":25},{"not_picked":["MarkedMod:FirstStrike+1","ThirdEye+1"],"picked":"Evaluate+1","floor":27},{"not_picked":["BattleHymn+1","Sanctity+1","LessonLearned"],"picked":"Singing Bowl","floor":30},{"not_picked":["Tantrum+1","BowlingBash","TalkToTheHand+1"],"picked":"Singing Bowl","floor":31},{"not_picked":["Judgement+1","Ragnarok"],"picked":"Scrawl+1","floor":33},{"not_picked":["MarkedMod:GentlePulse+1","EmptyBody+1"],"picked":"PathToVictory+1","floor":35},{"not_picked":["Establishment","TalkToTheHand+1","Perseverance+1"],"picked":"Singing Bowl","floor":36},{"not_picked":["Chrysalis+1","expansioncontent:Torchfire"],"picked":"Secret Technique+1","floor":39},{"not_picked":["Violence+1","Chrysalis+1"],"picked":"expansioncontent:SuperHexaguard+1","floor":39},{"not_picked":["EmptyFist","MarkedMod:Acupuncture"],"picked":"Nirvana+1","floor":40},{"not_picked":["EmptyBody+1","LikeWater+1","Halt+1"],"picked":"Singing Bowl","floor":41},{"not_picked":["FearNoEvil+1","JustLucky"],"picked":"ThirdEye+1","floor":46},{"not_picked":["BowlingBash","Halt+1","WindmillStrike"],"picked":"Singing Bowl","floor":47},{"not_picked":["MarkedMod:FirstStrike+1","EmptyFist","SashWhip"],"picked":"Singing Bowl","floor":54}],"player_experience":244973,"relics_obtained":[{"floor":6,"key":"Oddly Smooth Stone"},{"floor":9,"key":"Bottled Lightning"},{"floor":23,"key":"Toxic Egg 2"},{"floor":25,"key":"Nunchaku"},{"floor":26,"key":"Thread and Needle"},{"floor":30,"key":"Sundial"},{"floor":40,"key":"PreservedInsect"},{"floor":43,"key":"TeardropLocket"},{"floor":44,"key":"Damaru"},{"floor":46,"key":"Pocketwatch"},{"floor":47,"key":"Regal Pillow"},{"floor":54,"key":"Eternal Feather"}],"event_choices":[{"damage_healed":0,"gold_gain":175,"player_choice":"AGREE","damage_taken":129,"max_hp_gain":0,"max_hp_loss":0,"event_name":"betterThird:BetterSerpent","floor":3,"gold_loss":0},{"damage_healed":0,"gold_gain":332,"player_choice":"GO GO GO ","damage_taken":31,"relics_obtained":[],"max_hp_gain":0,"max_hp_loss":0,"event_name":"betterSkull:BetterSkull","floor":19,"gold_loss":0,"cards_upgraded":[]},{"cards_removed":["DeusExMachina"],"damage_healed":0,"gold_gain":0,"player_choice":"Take \u0026 Give","damage_taken":0,"max_hp_gain":0,"max_hp_loss":0,"event_name":"betterNote:BetterNote","floor":20,"gold_loss":0,"cards_obtained":["Blasphemy"]},{"cards_removed":["Indignation"],"damage_healed":0,"gold_gain":0,"player_choice":"Elegance","damage_taken":0,"max_hp_gain":0,"max_hp_loss":0,"event_name":"betterThird:BetterWriting","floor":21,"gold_loss":0},{"damage_healed":0,"gold_gain":0,"player_choice":"Bet on Murderer","damage_taken":0,"max_hp_gain":0,"max_hp_loss":0,"event_name":"The Joust","floor":29,"gold_loss":50},{"damage_healed":0,"gold_gain":0,"player_choice":"Ignored","damage_taken":0,"max_hp_gain":0,"max_hp_loss":0,"event_name":"Tomb of Lord Red Mask","floor":37,"gold_loss":0},{"cards_removed":["Defend_P"],"damage_healed":0,"gold_gain":0,"player_choice":"Removed Skill","damage_taken":0,"max_hp_gain":0,"max_hp_loss":0,"event_name":"Falling","floor":38,"gold_loss":0},{"damage_healed":0,"gold_gain":3,"player_choice":"1","damage_taken":0,"max_hp_gain":0,"max_hp_loss":0,"event_name":"betterStone:BetterStone","floor":39,"gold_loss":0},{"damage_healed":0,"gold_gain":0,"player_choice":"Fight","damage_taken":0,"max_hp_gain":0,"max_hp_loss":0,"event_name":"Mysterious Sphere","floor":46,"gold_loss":0}],"is_beta":false,"boss_relics":[{"not_picked":["VioletLotus","Black Star","Empty Cage"]},{"not_picked":["Runic Pyramid","Astrolabe"],"picked":"Sozu"}],"items_purged_floors":[0,4,28],"is_endless":false,"potions_floor_spawned":[2,6,11,13,27,30,31,33,35,36,47],"ascension_level":7}}