{"host":"5vwo9pnza5wfe8ad","time":1608363703,"event":{"mods":["BaseMod","Bestiary","Better Sensory Stone","Colored Map","Colored Powertips","Downfall","Key Reminder","Minty Spire (QoL Compilation)","Permanent Neow","Rare Cards Sparkle","Shop Mod","StSLib","UnlockEverythingMod"],"gold_per_floor":[99,112,112,112,112,112,112,158,1,1,21,21,40,52,65,162,162,162,175,175,175,191,191,215,231,260,260,260,260,55,72,91,188,188,188,199,234,234,234,234,234,234,262,262,262,276,295,280,292,292],"floor_reached":51,"playtime":8564,"items_purged":[],"score":723,"play_id":"f6288f70-bf00-4939-99bd-00717a4b609a","local_time":"20201218234143","is_ascension_mode":false,"campfire_choices":[{"data":"Guardian:TwinSlam","floor":1.0,"key":"SMITH"},{"data":"Guardian:Recover","floor":5.0,"key":"SMITH"},{"floor":10.0,"key":"REST"},{"data":"Guardian:ShieldCharger","floor":18.0,"key":"SMITH"},{"data":"Guardian:ShieldCharger","floor":21.0,"key":"SMITH"},{"data":"Guardian:ConstructionForm","floor":23.0,"key":"SMITH"},{"data":"Guardian:Suspension","floor":27.0,"key":"SMITH"},{"data":"Guardian:MultiBeam","floor":35.0,"key":"SMITH"},{"floor":40.0,"key":"RECALL"},{"data":"expansioncontent:StudyTheSpire","floor":42.0,"key":"SMITH"},{"data":"Guardian:Repulse","floor":44.0,"key":"SMITH"}],"circlet_count":0,"master_deck":["Guardian:Strike_Guardian","Guardian:Strike_Guardian","Guardian:Defend_Guardian","Guardian:Defend_Guardian","Guardian:Defend_Guardian","Guardian:CurlUp","Guardian:TwinSlam+1","Guardian:Recover+1","Guardian:Gem_Cyan","expansioncontent:StudyTheSpire+1","Guardian:ShieldCharger+1","Guardian:Repulse+1","Guardian:TemporalStrike","Guardian:RevengeProtocol","Guardian:ShieldCharger+1","Guardian:Suspension+1","Guardian:ConstructionForm+1","Guardian:Gem_Orange","Guardian:MultiBeam+1","Guardian:Preprogram","Guardian:AncientConstruct","CurseOfTheBell","Guardian:ChargeUp+1","Guardian:Aged","Guardian:ArmoredProtocol+1","Guardian:VentSteam","Guardian:Reroute+1","Guardian:Gem_Green"],"relics":["Guardian:ModeShifter","Mango","Guardian:PickAxe","MawBank","Akabeko","Happy Flower","Snecko Eye","Enchiridion","Potion Belt","Ancient Tea Set","Kunai","Lee\u0027s Waffle","Calling Bell","Juzu Bracelet","Mercury Hourglass","Du-Vu Doll","Shuriken","downfall:TeleportStone","Guardian:StasisEgg","Pen Nib"],"acts_visited":["Exordium","TheCity","TheBeyond"],"potions_floor_usage":[],"damage_taken":[{"damage":0.0,"enemies":"Cultist","floor":2.0,"turns":3.0},{"damage":22.0,"enemies":"Gremlin Nob","floor":8.0,"turns":6.0},{"damage":7.0,"enemies":"downfall:FleeingMerchant","floor":9.0,"turns":4.0},{"damage":0.0,"enemies":"Jaw Worm","floor":11.0,"turns":4.0},{"damage":0.0,"enemies":"Small Slimes","floor":13.0,"turns":4.0},{"damage":0.0,"enemies":"3 Louse","floor":14.0,"turns":4.0},{"damage":9.0,"enemies":"Red Slaver","floor":15.0,"turns":4.0},{"damage":18.0,"enemies":"downfall:Defect","floor":16.0,"turns":7.0},{"damage":7.0,"enemies":"3 Byrds","floor":19.0,"turns":4.0},{"damage":4.0,"enemies":"Cultist and Chosen","floor":22.0,"turns":7.0},{"damage":0.0,"enemies":"Snake Plant","floor":25.0,"turns":7.0},{"damage":28.0,"enemies":"Gremlin Leader","floor":26.0,"turns":10.0},{"damage":0.0,"enemies":"downfall:FleeingMerchant","floor":30.0,"turns":4.0},{"damage":0.0,"enemies":"Chosen and Byrds","floor":31.0,"turns":4.0},{"damage":0.0,"enemies":"Cultist and Chosen","floor":32.0,"turns":6.0},{"damage":66.0,"enemies":"downfall:Silent","floor":33.0,"turns":11.0},{"damage":0.0,"enemies":"3 Darklings","floor":36.0,"turns":2.0},{"damage":0.0,"enemies":"Giant Head","floor":37.0,"turns":10.0},{"damage":10.0,"enemies":"Nemesis","floor":43.0,"turns":7.0},{"damage":0.0,"enemies":"Orb Walker","floor":46.0,"turns":3.0},{"damage":0.0,"enemies":"Maw","floor":47.0,"turns":7.0},{"damage":5.0,"enemies":"downfall:FleeingMerchant","floor":48.0,"turns":4.0},{"damage":11,"enemies":"3 Darklings","floor":49,"turns":3},{"damage":2,"enemies":"downfall:Watcher","floor":50,"turns":8}],"seed_played":"4045374493992287945","potions_obtained":[{"floor":8.0,"key":"champ:CounterPotion"},{"floor":11.0,"key":"SneckoOil"},{"floor":14.0,"key":"SteroidPotion"},{"floor":19.0,"key":"DistilledChaos"},{"floor":25.0,"key":"Explosive Potion"},{"floor":31.0,"key":"Guardian:AcceleratePotion"},{"floor":37.0,"key":"Weak Potion"},{"floor":49,"key":"DistilledChaos"}],"is_trial":false,"path_per_floor":["R","M","?","?","R","?","T","E","$","R","M","?","M","M","M","B",null,"R","M","?","R","M","R","T","M","E","R","?","T","$","M","M","B",null,"R","M","E","?","?","R","T","R","E","R","?","M","M","$","M","B",null],"character_chosen":"GUARDIAN","items_purchased":["Happy Flower","Lee\u0027s Waffle","Guardian:MultiBeam"],"campfire_rested":1,"item_purchase_floors":[9,30,30],"current_hp_per_floor":[70,70,46,46,46,46,46,24,17,45,45,45,45,45,36,18,94,94,87,71,71,67,67,67,67,39,39,39,39,101,101,101,35,101,101,101,101,101,101,101,101,101,91,91,91,91,91,86,75,73],"gold":292,"neow_bonus":"ONE_RARE_RELIC","is_daily":false,"chose_seed":false,"campfire_upgraded":9,"win_rate":0.0,"timestamp":1608363703,"path_taken":["R","M","?","?","R","?","T","E","$","R","?","?","M","?","M","BOSS","R","M","?","R","M","R","T","M","E","R","?","?","$","M","M","BOSS","R","M","E","?","?","R","T","R","E","R","?","M","M","$","M","BOSS"],"items_purchased_type":["Relic","Relic","Card"],"build_version":"2020-12-13","purchased_purges":0,"victory":true,"max_hp_per_floor":[94,94,94,94,94,94,94,94,94,94,94,94,94,94,94,94,94,94,94,94,94,94,94,94,94,94,94,94,94,101,101,101,101,101,101,101,101,101,101,101,101,101,101,101,101,101,101,101,101,101],"card_choices":[{"not_picked":["Guardian:WalkerClaw","Guardian:VentSteam"],"picked":"Guardian:Recover","floor":2.0},{"not_picked":["expansioncontent:BronzeBeam","Good Instincts"],"picked":"expansioncontent:StudyTheSpire","floor":6.0},{"not_picked":["Guardian:PrimingBeam","Guardian:ShieldSpikes"],"picked":"Guardian:ShieldCharger","floor":8.0},{"not_picked":["Guardian:Incinerate","Guardian:Planning"],"picked":"Guardian:Repulse","floor":9.0},{"not_picked":["Guardian:Recover","Guardian:TemporalShield"],"picked":"Guardian:TemporalStrike","floor":11.0},{"not_picked":["Guardian:Recover","Guardian:Gem_Cyan"],"picked":"Guardian:ShieldCharger","floor":13.0},{"not_picked":["Guardian:TemporalShield","Guardian:Planning","Guardian:Gem_Green"],"picked":"SKIP","floor":14.0},{"not_picked":["Guardian:Gem_Green","Guardian:Recover"],"picked":"Guardian:Suspension","floor":15.0},{"not_picked":["Guardian:RevengeProtocol","Guardian:Gem_Orange"],"picked":"Guardian:ConstructionForm","floor":16.0},{"not_picked":["Guardian:PrimingBeam","Guardian:Gem_Green","Guardian:Incinerate"],"picked":"SKIP","floor":19.0},{"not_picked":["Guardian:TimeSifter","Guardian:WalkerClaw","Guardian:TemporalShield"],"picked":"SKIP","floor":22.0},{"not_picked":["Guardian:RefractedBeam","Guardian:PolyBeam","Guardian:CrystalBeam"],"picked":"SKIP","floor":25.0},{"not_picked":["Guardian:Gem_Cyan","Guardian:Recover"],"picked":"Guardian:Gem_Synthetic","floor":26.0},{"not_picked":["Guardian:SentryBeam","Guardian:Suspension+1"],"picked":"Guardian:Gem_Orange","floor":30.0},{"not_picked":["Guardian:Gem_Cyan","Guardian:Gem_Green"],"picked":"Guardian:Preprogram","floor":31.0},{"not_picked":["Guardian:Gem_Cyan","Guardian:RefractedBeam","Guardian:PolyBeam"],"picked":"SKIP","floor":32.0},{"not_picked":["Guardian:ExploitGems","Guardian:RevengeProtocol"],"picked":"Guardian:AncientConstruct","floor":33.0},{"not_picked":["Guardian:TimeBomb","Guardian:Recover+1","Guardian:Emergency+1"],"picked":"SKIP","floor":36.0},{"not_picked":["Guardian:Recover","Guardian:WalkerClaw+1"],"picked":"Guardian:ChargeUp+1","floor":37.0},{"not_picked":["Guardian:Reroute+1","Guardian:PolyBeam+1"],"picked":"Guardian:ArmoredProtocol+1","floor":43.0},{"not_picked":["Guardian:SpikerProtocol+1","Guardian:Planning"],"picked":"Guardian:VentSteam","floor":46.0},{"not_picked":["Guardian:Gem_Green","Guardian:Gem_Lightblue","Guardian:Gem_Synthetic"],"picked":"SKIP","floor":47.0},{"not_picked":["Guardian:ShieldSpikes","Guardian:Gem_Lightblue"],"picked":"Guardian:Reroute+1","floor":48.0},{"not_picked":["Guardian:Gem_Red","Guardian:ChargeCore+1"],"picked":"Guardian:Gem_Green","floor":49}],"player_experience":154604,"relics_obtained":[{"floor":7.0,"key":"MawBank"},{"floor":8.0,"key":"Akabeko"},{"floor":20.0,"key":"Enchiridion"},{"floor":24.0,"key":"Potion Belt"},{"floor":26.0,"key":"Ancient Tea Set"},{"floor":29.0,"key":"Kunai"},{"floor":34.0,"key":"Juzu Bracelet"},{"floor":34.0,"key":"Mercury Hourglass"},{"floor":34.0,"key":"Du-Vu Doll"},{"floor":37.0,"key":"Shuriken"},{"floor":43.0,"key":"Pen Nib"}],"event_choices":[{"damage_healed":0.0,"max_hp_gain":0.0,"max_hp_loss":0.0,"gold_gain":1.0,"event_name":"betterStone:BetterStone","player_choice":"1","floor":6.0,"gold_loss":0.0,"damage_taken":0.0},{"damage_healed":0.0,"max_hp_gain":0.0,"max_hp_loss":0.0,"gold_gain":0.0,"cards_transformed":["Guardian:Strike_Guardian"],"event_name":"Transmorgrifier","player_choice":"Transformed","floor":12.0,"gold_loss":0.0,"damage_taken":0.0,"cards_obtained":["Guardian:RevengeProtocol"]},{"damage_healed":0.0,"max_hp_gain":0.0,"max_hp_loss":0.0,"gold_gain":0.0,"event_name":"NoteForYourself","player_choice":"Ignored","floor":45.0,"gold_loss":0.0,"damage_taken":0.0}],"is_beta":false,"boss_relics":[{"not_picked":["Ectoplasm","Black Star"],"picked":"Snecko Eye"},{"not_picked":["Sozu","Velvet Choker"],"picked":"Calling Bell"}],"items_purged_floors":[],"is_endless":false,"potions_floor_spawned":[8,11,14,15,19,25,31,37,49],"ascension_level":0}}