{"host":"jmj81tjjbuqnwhnf","time":1608388039,"event":{"mods":["BaseMod","Colored Map","Colored Powertips","Highlight Path","Minty Spire (QoL Compilation)","Relic Stats"],"gold_per_floor":[111,36,36,36,36,80,80,96,96,96,119,144,212,231,231,357,357,370,389,414,209,209,209],"floor_reached":22,"playtime":957,"items_purged":["Strike_B","Strike_B"],"score":214,"play_id":"de722fa6-b41d-41dd-8f46-32ae35800b4d","local_time":"20201219152719","is_ascension_mode":true,"campfire_choices":[{"floor":7,"key":"REST"},{"floor":10,"key":"REST"},{"floor":15,"key":"REST"}],"circlet_count":0,"master_deck":["Strike_B","Defend_B","Defend_B","Defend_B","Defend_B","Zap","Dualcast","Conserve Battery","Glacier","Barrage","Redo","Conserve Battery","Ball Lightning","Electrodynamics+1","Capacitor+1","Stack"],"relics":["Cracked Core","Golden Idol","Letter Opener","Bottled Lightning","Frozen Egg 2","Nuclear Battery"],"acts_visited":["Exordium","TheCity"],"potions_floor_usage":[13,14,14,16,22],"damage_taken":[{"damage":1,"enemies":"Cultist","floor":1,"turns":3},{"damage":41,"enemies":"3 Sentries","floor":6,"turns":12},{"damage":0,"enemies":"Jaw Worm","floor":8,"turns":4},{"damage":0,"enemies":"Small Slimes","floor":11,"turns":2},{"damage":0,"enemies":"2 Fungi Beasts","floor":12,"turns":2},{"damage":31,"enemies":"Lagavulin Event","floor":13,"turns":10},{"damage":0,"enemies":"Looter","floor":14,"turns":4},{"damage":46,"enemies":"Slime Boss","floor":16,"turns":16},{"damage":10,"enemies":"Shell Parasite","floor":18,"turns":6},{"damage":0,"enemies":"3 Byrds","floor":19,"turns":1},{"damage":38,"enemies":"Centurion and Healer","floor":20,"turns":6},{"damage":31,"enemies":"Chosen and Byrds","floor":22,"turns":4}],"seed_played":"6730768874594093768","potions_obtained":[{"floor":6,"key":"Weak Potion"},{"floor":8,"key":"ColorlessPotion"},{"floor":12,"key":"DuplicationPotion"},{"floor":13,"key":"SneckoOil"},{"floor":18,"key":"Explosive Potion"}],"is_trial":false,"path_per_floor":["M","$","?","?","$","E","R","M","T","R","M","M","?","M","R","B",null,"M","M","M","$","M"],"character_chosen":"DEFECT","items_purchased":["Capacitor+1","Stack"],"campfire_rested":3,"item_purchase_floors":[21,21],"current_hp_per_floor":[81,81,76,76,76,35,57,57,57,76,76,76,45,45,67,21,76,66,66,28,28,0,0],"gold":209,"neow_bonus":"TEN_PERCENT_HP_BONUS","is_daily":false,"chose_seed":false,"campfire_upgraded":0,"win_rate":0.0,"timestamp":1608388039,"path_taken":["M","$","?","?","$","E","R","M","T","R","?","M","?","M","R","BOSS","M","M","M","$","M"],"items_purchased_type":["Card","Card"],"build_version":"2020-12-13","purchased_purges":2,"victory":false,"max_hp_per_floor":[82,82,76,76,76,76,76,76,76,76,76,76,76,76,76,76,76,76,76,76,76,76,76],"relic_stats":{"counters":[12,70],"Golden Idol":71,"Letter Opener":[128],"obtain_stats":[{"Golden Idol":3,"Letter Opener":6,"Bottled Lightning":9,"Frozen Egg 2":13,"Cracked Core":0,"Nuclear Battery":17},{"Golden Idol":1,"Letter Opener":2,"Bottled Lightning":3,"Frozen Egg 2":5,"Cracked Core":0,"Nuclear Battery":8},{"Golden Idol":3,"Letter Opener":15,"Bottled Lightning":19,"Frozen Egg 2":23,"Cracked Core":0,"Nuclear Battery":53}]},"card_choices":[{"not_picked":["Rebound","Streamline"],"picked":"Conserve Battery","floor":1},{"not_picked":["Beam Cell","Double Energy"],"picked":"Glacier","floor":6},{"not_picked":["BootSequence","Leap"],"picked":"Barrage","floor":8},{"not_picked":["Consume","Double Energy"],"picked":"Redo","floor":11},{"not_picked":["Rip and Tear","Chaos","Hologram"],"picked":"SKIP","floor":12},{"not_picked":["Rebound","Cold Snap"],"picked":"Conserve Battery","floor":13},{"not_picked":["Redo","Multi-Cast"],"picked":"Ball Lightning","floor":14},{"not_picked":["Buffer+1","Machine Learning+1"],"picked":"Electrodynamics+1","floor":16},{"not_picked":["Fusion","Double Energy","White Noise"],"picked":"SKIP","floor":18},{"not_picked":["Go for the Eyes","Streamline","Rebound"],"picked":"SKIP","floor":19},{"not_picked":["Loop+1","Stack+1","Storm+1"],"picked":"SKIP","floor":20}],"player_experience":58560,"relics_obtained":[{"floor":6,"key":"Letter Opener"},{"floor":9,"key":"Bottled Lightning"}],"event_choices":[{"damage_healed":0,"gold_gain":0,"player_choice":"Lose Max HP","damage_taken":0,"relics_obtained":["Golden Idol"],"max_hp_gain":0,"max_hp_loss":6,"event_name":"Golden Idol","floor":3,"gold_loss":0},{"cards_removed":["Strike_B"],"damage_healed":0,"gold_gain":0,"player_choice":"Offered Basic","damage_taken":0,"max_hp_gain":0,"max_hp_loss":0,"event_name":"Bonfire Elementals","floor":4,"gold_loss":0},{"damage_healed":0,"gold_gain":30,"player_choice":"Searched \u00273\u0027 times","damage_taken":0,"relics_obtained":["Frozen Egg 2"],"max_hp_gain":0,"max_hp_loss":0,"event_name":"Dead Adventurer","floor":13,"gold_loss":0}],"is_beta":false,"boss_relics":[{"not_picked":["Coffee Dripper","Empty Cage"],"picked":"Nuclear Battery"}],"items_purged_floors":[2,21],"is_endless":false,"potions_floor_spawned":[6,8,12,13,18],"killed_by":"Chosen and Byrds","ascension_level":3}}