{"host":"ssbj2e5691x5ub3h","time":1608421796,"event":{"mods":["BaseMod","Duelist Mod","Minty Spire (QoL Compilation)","StSLib"],"gold_per_floor":[136,150,150,9,9,139,139,167,167,17,17,47,61,78,78,178,178,193,193,206,226,152,179,179,195,195,215,227,243,256,287,287,386,386,400,400,419,432,193,226,238,270,363,388,418,430,475,501,513,525,525],"floor_reached":50,"playtime":4132,"items_purged":[],"score":618,"play_id":"472dff0c-ea5b-4a71-b016-76cc7da026f4","local_time":"20201219214956","is_ascension_mode":false,"campfire_choices":[{"data":"theDuelist:LavaDragon","floor":7,"key":"SMITH"},{"data":"theDuelist:ChimeratechOverdragon","floor":11,"key":"SMITH"},{"data":"theDuelist:BlueBloodedOni","floor":15,"key":"SMITH"},{"floor":24,"key":"REST"},{"floor":32,"key":"REST"},{"floor":41,"key":"REST"},{"floor":46,"key":"REST"},{"floor":49,"key":"REST"}],"circlet_count":0,"master_deck":["theDuelist:BabyDragon","theDuelist:CastleWalls","theDuelist:CastleWalls","theDuelist:CaveDragon","theDuelist:LesserDragon","theDuelist:LesserDragon","theDuelist:Sparks","theDuelist:Sparks","theDuelist:YamataDragon","theDuelist:BarrelDragon+1","theDuelist:BackgroundDragon","theDuelist:ChimeratechOverdragon+1","theDuelist:LavaDragon+1","theDuelist:BlueBloodedOni+1","theDuelist:DragonZombie","theDuelist:Lancephorhynchus","theDuelist:GuardragonJusticia+1","theDuelist:ChimeratechOverdragon+1","theDuelist:DragonPiper","theDuelist:ThunderDragon","theDuelist:AncientPixieDragon","theDuelist:GaiaDragonChamp","theDuelist:TyrantWing+1","theDuelist:HaneHane","theDuelist:SliferSky","theDuelist:BSkullDragon","theDuelist:CyberDragonCore+1","theDuelist:PotGreed","theDuelist:AutorokketDragon+1","theDuelist:SnowDragon","theDuelist:BusterBladerDDS"],"relics":["theDuelist:MillenniumPuzzle","theDuelist:CardPoolRelic","theDuelist:CardPoolBasicRelic","theDuelist:BoosterPackPoolRelic","theDuelist:CardPoolAddRelic","theDuelist:CardPoolMinusRelic","theDuelist:CardPoolSaveRelic","theDuelist:CardPoolOptionsRelic","Lantern","theDuelist:MillenniumCoin","theDuelist:MillenniumRing","Calipers","Vajra","theDuelist:MerchantNecklace","theDuelist:MillenniumKey","theDuelist:YugiMirror","Omamori","Meat on the Bone","Snake Skull","Runic Dome","Bottled Lightning","MawBank","theDuelist:MillenniumPrayerbook","Frozen Egg 2"],"acts_visited":["Exordium","TheCity","TheBeyond"],"potions_floor_usage":[6,8,16,33,33],"damage_taken":[{"damage":0,"enemies":"Jaw Worm","floor":1,"turns":2},{"damage":0,"enemies":"Cultist","floor":2,"turns":2},{"damage":28,"enemies":"Gremlin Nob","floor":6,"turns":5},{"damage":3,"enemies":"3 Sentries","floor":8,"turns":5},{"damage":2,"enemies":"Lagavulin","floor":12,"turns":4},{"damage":0,"enemies":"2 Louse","floor":13,"turns":1},{"damage":0,"enemies":"Exordium Wildlife","floor":14,"turns":2},{"damage":1,"enemies":"The Guardian","floor":16,"turns":7},{"damage":9,"enemies":"Shell Parasite","floor":18,"turns":4},{"damage":2,"enemies":"Chosen","floor":20,"turns":2},{"damage":13,"enemies":"Snake Plant","floor":21,"turns":3},{"damage":2,"enemies":"Slavers","floor":23,"turns":4},{"damage":18,"enemies":"Snecko","floor":25,"turns":6},{"damage":0,"enemies":"Cultist and Chosen","floor":27,"turns":4},{"damage":3,"enemies":"Centurion and Healer","floor":28,"turns":4},{"damage":19,"enemies":"Shelled Parasite and Fungi","floor":29,"turns":6},{"damage":5,"enemies":"3 Cultists","floor":30,"turns":3},{"damage":0,"enemies":"theDuelist:KaibaA2","floor":31,"turns":3},{"damage":47,"enemies":"Champ","floor":33,"turns":14},{"damage":18,"enemies":"3 Shapes","floor":35,"turns":3},{"damage":0,"enemies":"Orb Walker","floor":37,"turns":4},{"damage":5,"enemies":"Jaw Worm Horde","floor":38,"turns":4},{"damage":15,"enemies":"Nemesis","floor":40,"turns":11},{"damage":29,"enemies":"3 Darklings","floor":42,"turns":5},{"damage":7,"enemies":"Sphere and 2 Shapes","floor":44,"turns":4},{"damage":17,"enemies":"Jaw Worm Horde","floor":45,"turns":3},{"damage":4,"enemies":"Reptomancer","floor":47,"turns":6},{"damage":4,"enemies":"Maw","floor":48,"turns":8},{"damage":81,"enemies":"Awakened One","floor":50,"turns":6}],"seed_played":"5168425235600977905","potions_obtained":[{"floor":1,"key":"theDuelist:StunPotion"},{"floor":2,"key":"theDuelist:SealedPackE"},{"floor":6,"key":"theDuelist:GiftPotion"},{"floor":8,"key":"FearPotion"},{"floor":23,"key":"PowerPotion"},{"floor":25,"key":"theDuelist:BottledKuriboh"},{"floor":27,"key":"SteroidPotion"},{"floor":33,"key":"theDuelist:BabyPotion"},{"floor":38,"key":"AttackPotion"}],"is_trial":false,"path_per_floor":["M","M","?","$","?","E","R","E","T","$","R","E","M","M","R","B",null,"M","?","M","M","$","E","R","M","T","M","M","M","M","E","R","B",null,"M","?","M","M","$","E","R","M","T","M","M","R","E","M","R","B"],"character_chosen":"THE_DUELIST","items_purchased":["theDuelist:ChimeratechOverdragon","Vajra","theDuelist:ThunderDragon","Bottled Lightning"],"campfire_rested":5,"item_purchase_floors":[4,10,22,39],"current_hp_per_floor":[80,80,80,80,80,52,52,62,62,62,62,60,60,60,60,59,80,71,65,63,50,50,48,72,54,54,54,51,44,51,51,75,40,80,62,62,62,57,57,42,66,49,49,42,37,61,57,53,77,0,0],"gold":525,"neow_bonus":"RANDOM_COMMON_RELIC","is_daily":false,"chose_seed":false,"campfire_upgraded":3,"win_rate":0.0,"timestamp":1608421796,"path_taken":["M","M","?","?","?","E","R","E","T","$","R","E","M","M","R","BOSS","M","?","M","M","$","E","R","M","T","M","M","M","M","E","R","BOSS","M","?","M","M","$","E","R","M","T","M","M","R","E","M","R","BOSS"],"items_purchased_type":["Card","Relic","Card","Relic"],"build_version":"2020-12-13","purchased_purges":0,"victory":false,"max_hp_per_floor":[80,80,80,80,80,80,80,80,80,80,80,80,80,80,80,80,80,80,80,80,80,80,80,80,80,80,80,80,80,80,80,80,80,80,80,80,80,80,80,80,80,80,80,80,80,80,80,80,80,80,80],"card_choices":[{"not_picked":["theDuelist:Kabazauls","theDuelist:CyberTwinDragon","theDuelist:TrihornedDragon","theDuelist:BlackBrachios"],"picked":"theDuelist:BarrelDragon","floor":1},{"not_picked":["theDuelist:StarlightRoad","theDuelist:OneDayPeace","theDuelist:CyberneticRevolution","theDuelist:DefenseDraw"],"picked":"theDuelist:BackgroundDragon","floor":2},{"not_picked":["theDuelist:GiantRex","theDuelist:StarlightRoad","theDuelist:ExploderDragonwing","theDuelist:BackgroundDragon"],"picked":"theDuelist:LavaDragon","floor":6},{"not_picked":["theDuelist:MadSwordBeast","theDuelist:LesserDragon","theDuelist:Hydrogeddon","theDuelist:DarkDriceratops","theDuelist:FireDarts"],"picked":"SKIP","floor":8},{"not_picked":["theDuelist:BattleguardKing","theDuelist:Hinotama","theDuelist:LightningDarts","theDuelist:ForbiddenLance","theDuelist:SmashingGround"],"picked":"SKIP","floor":12},{"not_picked":["theDuelist:BigFire","theDuelist:DestructPotion","theDuelist:Reload","theDuelist:GreenGraveOni"],"picked":"theDuelist:BlueBloodedOni","floor":13},{"not_picked":["theDuelist:WhiteHornDragon","theDuelist:TwinBarrelDragon","theDuelist:MythicWaterDragon","theDuelist:LeviaDragon"],"picked":"theDuelist:DragonZombie","floor":14},{"not_picked":["theDuelist:StardustDragon","theDuelist:Scapegoat","theDuelist:QueenDragunDjinn","theDuelist:DragonMastery"],"picked":"theDuelist:Lancephorhynchus","floor":16},{"not_picked":["theDuelist:InfernityDoomDragon","theDuelist:BarrelDragon","theDuelist:DarkfireDragon","theDuelist:CoralDragon"],"picked":"theDuelist:GuardragonJusticia+1","floor":18},{"not_picked":["theDuelist:BigFire","theDuelist:RainbowOverdragon","theDuelist:BlueBloodedOni","theDuelist:FeatherPho","theDuelist:PurplePainOni+1"],"picked":"SKIP","floor":20},{"not_picked":["theDuelist:Pyrorex+1","theDuelist:MadSwordBeast","theDuelist:SphereChaos","theDuelist:GalaxySoldier+1"],"picked":"theDuelist:DragonPiper","floor":21},{"not_picked":["theDuelist:MirageDragon","theDuelist:LesserDragon","theDuelist:HazyFlameHydra+1","theDuelist:BoosterDragon"],"picked":"theDuelist:AncientPixieDragon","floor":23},{"not_picked":["theDuelist:SeismicShockwave","theDuelist:Scapegoat","theDuelist:QueenDragunDjinn","theDuelist:OceanDragonLord"],"picked":"theDuelist:GaiaDragonChamp","floor":25},{"not_picked":["theDuelist:SpiralSpearStrike+1","theDuelist:SafeZone+1","theDuelist:FireDarts","theDuelist:DefenseZone+1"],"picked":"theDuelist:TyrantWing+1","floor":27},{"not_picked":["theDuelist:BigFire+1","theDuelist:Hinotama","theDuelist:BlueBloodedOni","theDuelist:Reload"],"picked":"theDuelist:HaneHane","floor":28},{"not_picked":["theDuelist:BattleguardKing","theDuelist:BigFire","theDuelist:Hinotama","theDuelist:LightningDarts","theDuelist:RainbowOverdragon"],"picked":"SKIP","floor":29},{"not_picked":["theDuelist:BusterBlader","theDuelist:BabyDragon","theDuelist:CaveDragon","theDuelist:TwinBarrelDragon","theDuelist:CyberEltanin"],"picked":"SKIP","floor":30},{"not_picked":["theDuelist:RainbowOverdragon","theDuelist:PurplePainOni","theDuelist:LabyrinthWall+1","theDuelist:RedMedicine","theDuelist:GreyGreedOni"],"picked":"SKIP","floor":31},{"not_picked":["theDuelist:WaterDragon","theDuelist:VoidOgreDragon","theDuelist:TailSwipe","theDuelist:CyberDragonInfinity"],"picked":"theDuelist:SliferSky","floor":33},{"not_picked":["theDuelist:BlackPtera+1","theDuelist:SilverDragon+1","theDuelist:RedRisingDragon","theDuelist:Earthquake","theDuelist:Pyrorex"],"picked":"SKIP","floor":35},{"not_picked":["theDuelist:BlacklandFireDragon","theDuelist:OceanDragonLord","theDuelist:MetalDragon","theDuelist:ArmedProtectorDragon"],"picked":"theDuelist:BSkullDragon","floor":37},{"not_picked":["theDuelist:YamataDragon+1","theDuelist:DarkDriceratops+1","theDuelist:CyberDragonDrei","theDuelist:TwinHeadedBehemoth+1"],"picked":"theDuelist:CyberDragonCore+1","floor":38},{"not_picked":["theDuelist:RainbowOverdragon","theDuelist:BigKoala+1","theDuelist:Mausoleum+1","theDuelist:BigEye+1"],"picked":"theDuelist:PotGreed","floor":40},{"not_picked":["theDuelist:Kabazauls","theDuelist:DarkDriceratops+1","theDuelist:CurseDragon+1","theDuelist:Beatraptor+1","theDuelist:RedEyesZombie"],"picked":"SKIP","floor":42},{"not_picked":["theDuelist:Vandalgyon+1","theDuelist:DragonRavine","theDuelist:BoosterDragon"],"picked":"theDuelist:AutorokketDragon+1","floor":44},{"not_picked":["theDuelist:SurvivalFittest+1","theDuelist:DefensiveTactics","theDuelist:BSkullDragon"],"picked":"SKIP","floor":45},{"not_picked":["theDuelist:VoidOgreDragon+1","theDuelist:FiveHeaded+1","theDuelist:BlackBrutdrago","theDuelist:DoomkaiserDragon+1"],"picked":"theDuelist:SnowDragon","floor":47},{"not_picked":["theDuelist:RedEyes","theDuelist:ArmedDragon5","theDuelist:ExploderDragonwing+1","theDuelist:BackgroundDragon"],"picked":"theDuelist:BusterBladerDDS","floor":48}],"player_experience":140027,"relics_obtained":[{"floor":6,"key":"theDuelist:MillenniumCoin"},{"floor":8,"key":"theDuelist:MillenniumRing"},{"floor":9,"key":"Calipers"},{"floor":12,"key":"theDuelist:MerchantNecklace"},{"floor":23,"key":"Omamori"},{"floor":26,"key":"Meat on the Bone"},{"floor":31,"key":"Snake Skull"},{"floor":40,"key":"MawBank"},{"floor":43,"key":"theDuelist:MillenniumPrayerbook"},{"floor":47,"key":"Frozen Egg 2"}],"event_choices":[{"damage_healed":0,"gold_gain":0,"player_choice":"Forge","damage_taken":0,"max_hp_gain":0,"max_hp_loss":0,"event_name":"Accursed Blacksmith","floor":3,"gold_loss":0,"cards_upgraded":["theDuelist:BarrelDragon"]},{"damage_healed":0,"gold_gain":0,"player_choice":"Leave","duelist":true,"damage_taken":0,"max_hp_gain":0,"max_hp_loss":0,"event_name":"Egyptian Village","floor":5,"gold_loss":0},{"damage_healed":0,"gold_gain":0,"player_choice":"Dig - random Duelist relic","duelist":true,"damage_taken":0,"max_hp_gain":0,"max_hp_loss":0,"event_name":"Aknamkanon\u0027s Tomb","floor":19,"gold_loss":0},{"cards_removed":["theDuelist:CaveDragon"],"damage_healed":0,"gold_gain":0,"player_choice":"Removed Skill","damage_taken":0,"max_hp_gain":0,"max_hp_loss":0,"event_name":"Falling","floor":36,"gold_loss":0}],"is_beta":false,"boss_relics":[{"not_picked":["theDuelist:GamblerChip","Calling Bell"],"picked":"theDuelist:MillenniumKey"},{"not_picked":["Mark of Pain","SacredBark"],"picked":"Runic Dome"}],"items_purged_floors":[],"is_endless":false,"potions_floor_spawned":[1,2,6,8,23,25,27,31,33,38,42,47,48],"killed_by":"Awakened One","ascension_level":0}}