{"host":"x1qj4d8ympd5jdqh","time":1608383741,"event":{"mods":["AchievementEnabler","AlwaysNeverKeys","BaseMod","Colored Map","Custom Start","DeckTracker","Highlight Path","Minty Spire (QoL Compilation)","StSLib","SuperFastMode"],"gold_per_floor":[119,119,119,134,148,148,181,181,181,106,6,37,48,67,67,143,143,160,160,180,180,190,190,65,115,115,127,146,158,171,171,171],"floor_reached":31,"playtime":921,"items_purged":["Strike_P","Strike_P","Strike_P"],"score":598,"play_id":"8af21687-1133-44cf-9488-b6bb3692ba1a","local_time":"20201219221541","is_ascension_mode":true,"campfire_choices":[{"data":"Eruption","floor":6,"key":"SMITH"},{"floor":8,"key":"REST"},{"floor":15,"key":"REST"},{"floor":23,"key":"REST"}],"circlet_count":0,"master_deck":["AscendersBane","Strike_P+1","Defend_P+1","Defend_P+1","Defend_P","Defend_P+1","Eruption+1","Vigilance+1","EmptyFist","ForeignInfluence","WheelKick","LessonLearned+1","Adaptation","FearNoEvil+1","CrushJoints+1"],"relics":["Runic Pyramid","Yang","Torii","Eternal Feather","Tiny Chest","Fusion Hammer","Ancient Tea Set","Damaru"],"acts_visited":["Exordium","TheCity"],"potions_floor_usage":[7,16,31,31,31],"damage_taken":[{"damage":1,"enemies":"2 Louse","floor":1,"turns":3},{"damage":13,"enemies":"Small Slimes","floor":4,"turns":3},{"damage":0,"enemies":"Jaw Worm","floor":5,"turns":2},{"damage":2,"enemies":"Lagavulin","floor":7,"turns":7},{"damage":11,"enemies":"Gremlin Nob","floor":12,"turns":3},{"damage":0,"enemies":"2 Fungi Beasts","floor":13,"turns":2},{"damage":9,"enemies":"Red Slaver","floor":14,"turns":2},{"damage":0,"enemies":"Slime Boss","floor":16,"turns":6},{"damage":1,"enemies":"3 Byrds","floor":18,"turns":4},{"damage":13,"enemies":"2 Thieves","floor":20,"turns":4},{"damage":25,"enemies":"Shelled Parasite and Fungi","floor":22,"turns":5},{"damage":0,"enemies":"Sentry and Sphere","floor":27,"turns":3},{"damage":10,"enemies":"Snake Plant","floor":28,"turns":4},{"damage":6,"enemies":"Centurion and Healer","floor":29,"turns":3},{"damage":24,"enemies":"Snecko","floor":30,"turns":4},{"damage":0,"enemies":"Shelled Parasite and Fungi","floor":31,"turns":1}],"seed_played":"-4071796959650841007","potions_obtained":[{"floor":5,"key":"SpeedPotion"},{"floor":7,"key":"Fire Potion"},{"floor":14,"key":"LiquidBronze"},{"floor":19,"key":"PowerPotion"},{"floor":27,"key":"EntropicBrew"}],"is_trial":false,"path_per_floor":["M","?","?","M","M","R","E","R","T","$","$","E","M","M","R","B",null,"M","?","M","?","M","R","$","T","T","M","M","M","M","M"],"character_chosen":"WATCHER","items_purchased":[],"campfire_rested":3,"item_purchase_floors":[],"current_hp_per_floor":[60,60,25,12,12,12,10,30,30,30,30,19,19,10,39,39,61,60,60,47,47,22,51,51,51,51,51,41,35,11,11,11],"gold":171,"neow_bonus":"BOSS_RELIC","is_daily":false,"chose_seed":false,"campfire_upgraded":1,"win_rate":0.0,"timestamp":1608383741,"path_taken":["M","?","?","M","M","R","E","R","T","?","$","E","M","M","R","BOSS","M","?","?","?","M","R","$","?","T","?","M","M","M","?"],"items_purchased_type":[],"build_version":"2020-12-13","purchased_purges":3,"victory":false,"max_hp_per_floor":[68,68,68,68,68,68,68,68,68,68,68,68,68,68,68,68,68,68,68,68,68,68,68,68,68,68,68,68,68,68,68,68],"card_choices":[{"not_picked":["LikeWater","Prostrate"],"picked":"EmptyFist","floor":1},{"not_picked":["Halt","FlyingSleeves","EmptyMind"],"picked":"SKIP","floor":4},{"not_picked":["FlyingSleeves","ClearTheMind"],"picked":"ForeignInfluence","floor":5},{"not_picked":["LikeWater","BowlingBash"],"picked":"WheelKick","floor":7},{"not_picked":["Protect","EmptyFist"],"picked":"LessonLearned","floor":12},{"not_picked":["ThirdEye","Pray"],"picked":"Adaptation","floor":13},{"not_picked":["SashWhip","Vengeance"],"picked":"FearNoEvil","floor":14},{"not_picked":["Collect","Worship","PathToVictory"],"picked":"SKIP","floor":18},{"not_picked":["Evaluate","Protect","ThirdEye+1"],"picked":"SKIP","floor":20},{"not_picked":["FollowUp","FlurryOfBlows","SashWhip"],"picked":"SKIP","floor":22},{"not_picked":["Fasting2+1","WreathOfFlame+1","Adaptation"],"picked":"SKIP","floor":27},{"not_picked":["FollowUp","ThirdEye+1"],"picked":"CrushJoints","floor":28},{"not_picked":["ForeignInfluence","BowlingBash+1","EmptyBody"],"picked":"SKIP","floor":29},{"not_picked":["Protect","Collect","Blasphemy"],"picked":"SKIP","floor":30}],"player_experience":1244626,"relics_obtained":[{"floor":7,"key":"Torii"},{"floor":9,"key":"Eternal Feather"},{"floor":12,"key":"Tiny Chest"},{"floor":25,"key":"Ancient Tea Set"},{"floor":26,"key":"Damaru"}],"event_choices":[{"damage_healed":0,"gold_gain":0,"player_choice":"Ignored","damage_taken":0,"max_hp_gain":0,"max_hp_loss":0,"event_name":"Liars Game","floor":2,"gold_loss":0},{"damage_healed":0,"gold_gain":0,"player_choice":"Success","damage_taken":35,"relics_obtained":["Yang"],"max_hp_gain":0,"max_hp_loss":0,"event_name":"Scrap Ooze","floor":3,"gold_loss":0},{"damage_healed":0,"gold_gain":0,"player_choice":"Got Potions","damage_taken":0,"max_hp_gain":0,"max_hp_loss":0,"event_name":"Lab","floor":19,"gold_loss":0},{"damage_healed":0,"gold_gain":0,"player_choice":"Ignored","damage_taken":0,"max_hp_gain":0,"max_hp_loss":0,"event_name":"Cursed Tome","floor":21,"gold_loss":0}],"is_beta":false,"boss_relics":[{"not_picked":["Snecko Eye","Runic Dome"],"picked":"Fusion Hammer"}],"items_purged_floors":[10,11,24],"is_endless":false,"potions_floor_spawned":[5,7,14,20,22,27,30],"killed_by":"Shelled Parasite and Fungi","ascension_level":20}}