{"host":"sct5htsgcw1q318k","time":1608400249,"event":{"mods":["BaseMod","Colored Map","Minty Spire (QoL Compilation)","Permanent Neow"],"gold_per_floor":[218,23,33,43,118,144,160,160,211,227,237,249,249,265,265,370,370,387,387,387,127,141,141,166,166,214,214,214],"floor_reached":27,"playtime":1734,"items_purged":["Strike_B"],"score":415,"play_id":"36ee8028-9a95-4086-a6e2-89a5263a63a8","local_time":"20201219115049","is_ascension_mode":true,"campfire_choices":[{"floor":8.0,"key":"REST"},{"floor":15,"key":"REST"},{"data":"Seek","floor":23,"key":"SMITH"},{"floor":25,"key":"REST"}],"circlet_count":0,"master_deck":["AscendersBane","Strike_B","Strike_B","Strike_B","Defend_B","Defend_B","Defend_B","Defend_B","Zap","Dualcast","Doom and Gloom","Loop","Go for the Eyes","Go for the Eyes","Hello World","Turbo","Rebound","Cold Snap","Parasite","Lockon","Seek+1","Ball Lightning","Ghostly","Ghostly","Ghostly","Ghostly","Ghostly","Coolheaded","Chill"],"relics":["Cracked Core","Blue Candle","Bag of Preparation","Black Star","Bottled Lightning","Orichalcum","Juzu Bracelet","Tiny Chest"],"acts_visited":["Exordium","TheCity"],"potions_floor_usage":[16,16,18,24,24,27],"damage_taken":[{"damage":0.0,"enemies":"Small Slimes","floor":1.0,"turns":2.0},{"damage":4.0,"enemies":"Jaw Worm","floor":3.0,"turns":3.0},{"damage":6.0,"enemies":"Cultist","floor":4.0,"turns":3.0},{"damage":20.0,"enemies":"Lagavulin","floor":6.0,"turns":6.0},{"damage":12.0,"enemies":"Looter","floor":7.0,"turns":3.0},{"damage":6,"enemies":"Red Slaver","floor":10,"turns":3},{"damage":11,"enemies":"Exordium Wildlife","floor":11,"turns":4},{"damage":9,"enemies":"Blue Slaver","floor":12,"turns":3},{"damage":10,"enemies":"Red Slaver","floor":14,"turns":3},{"damage":28,"enemies":"The Guardian","floor":16,"turns":7},{"damage":31,"enemies":"Shell Parasite","floor":18,"turns":5},{"damage":27,"enemies":"3 Byrds","floor":22,"turns":7},{"damage":0,"enemies":"Slavers","floor":24,"turns":9},{"damage":21,"enemies":"Gremlin Leader","floor":27,"turns":7}],"seed_played":"2935430502382777034","potions_obtained":[{"floor":1.0,"key":"EssenceOfDarkness"},{"floor":4.0,"key":"GamblersBrew"},{"floor":10,"key":"Weak Potion"},{"floor":12,"key":"Strength Potion"},{"floor":20,"key":"Block Potion"},{"floor":20,"key":"Block Potion"},{"floor":20,"key":"BlessingOfTheForge"},{"floor":22,"key":"EssenceOfDarkness"}],"is_trial":false,"path_per_floor":["M","$","M","M","?","E","M","R","T","M","M","M","?","M","R","B",null,"M","?","?","$","M","R","E","R","T","E"],"character_chosen":"DEFECT","items_purchased":["Loop","Go for the Eyes","Bottled Lightning"],"campfire_rested":3,"item_purchase_floors":[2,2,21],"current_hp_per_floor":[68,68,64,58,47,27,15,37,37,31,20,11,29,19,41,13,60,29,29,29,29,2,2,2,13,13,0,0],"gold":214,"neow_bonus":"HUNDRED_GOLD","is_daily":false,"chose_seed":false,"campfire_upgraded":1,"win_rate":0.0,"timestamp":1608400249,"path_taken":["M","$","M","M","?","E","M","R","T","M","M","M","?","M","R","BOSS","M","?","?","$","M","R","E","R","T","E"],"items_purchased_type":["Card","Card","Relic"],"build_version":"2020-12-13","purchased_purges":1,"victory":false,"max_hp_per_floor":[75,75,75,75,75,75,75,75,75,75,75,75,75,75,75,75,75,75,37,37,37,37,37,37,37,37,37,37],"card_choices":[{"not_picked":["Consume","Hologram"],"picked":"Doom and Gloom","floor":1.0},{"not_picked":["Gash","Skim","Recycle"],"picked":"SKIP","floor":3.0},{"not_picked":["Compile Driver","Streamline","Reprogram"],"picked":"SKIP","floor":4.0},{"not_picked":["Defragment","Double Energy"],"picked":"Go for the Eyes","floor":6.0},{"not_picked":["Chaos","Rebound"],"picked":"Hello World","floor":7.0},{"not_picked":["Recycle","Blizzard"],"picked":"Turbo","floor":10},{"not_picked":["Self Repair","Chaos"],"picked":"Rebound","floor":11},{"not_picked":["Ball Lightning","Go for the Eyes"],"picked":"Cold Snap","floor":12},{"not_picked":["Gash","Static Discharge"],"picked":"Lockon","floor":14},{"not_picked":["All For One","Fission"],"picked":"Seek","floor":16},{"not_picked":["Sweeping Beam","Stack"],"picked":"Ball Lightning","floor":18},{"not_picked":["Recycle+1","Melter"],"picked":"Coolheaded","floor":22},{"not_picked":["Conserve Battery","Beam Cell"],"picked":"Chill","floor":24}],"player_experience":813020,"relics_obtained":[{"floor":6.0,"key":"Blue Candle"},{"floor":9.0,"key":"Bag of Preparation"},{"floor":24,"key":"Orichalcum"},{"floor":24,"key":"Juzu Bracelet"},{"floor":26,"key":"Tiny Chest"}],"event_choices":[{"damage_healed":0.0,"max_hp_gain":0.0,"max_hp_loss":0.0,"gold_gain":75.0,"event_name":"World of Goop","player_choice":"Gather Gold","floor":5.0,"gold_loss":0.0,"damage_taken":11.0},{"damage_healed":18,"gold_gain":0,"player_choice":"Healed and dodged fight","damage_taken":0,"max_hp_gain":0,"max_hp_loss":0,"event_name":"Mushrooms","floor":13,"gold_loss":0,"cards_obtained":["Parasite"]},{"damage_healed":0,"gold_gain":0,"player_choice":"Became a Ghost","damage_taken":0,"max_hp_gain":0,"max_hp_loss":38,"event_name":"Ghosts","floor":19,"gold_loss":0,"cards_obtained":["Ghostly","Ghostly","Ghostly","Ghostly","Ghostly"]},{"damage_healed":0,"gold_gain":0,"player_choice":"Got Potions","damage_taken":0,"max_hp_gain":0,"max_hp_loss":0,"event_name":"Lab","floor":20,"gold_loss":0}],"is_beta":false,"boss_relics":[{"not_picked":["Snecko Eye","Runic Pyramid"],"picked":"Black Star"}],"items_purged_floors":[2],"is_endless":false,"potions_floor_spawned":[1,4,10,12,22],"killed_by":"Gremlin Leader","ascension_level":10}}