{"host":"Rich","time":1608400919,"event":{"mods":["AchievementEnabler","BaseMod","Highlight Path","Minty Spire (QoL Compilation)","Relic Stats"],"gold_per_floor":[18,37,37,37,37,37,53,68,68,68,68,68,101,113,113,188,188,208,123,48,48,48,74,74,74,127,127,141,171,190,218,218,218,218],"floor_reached":33,"playtime":950,"items_purged":["Strike_G"],"score":602,"play_id":"070f58e7-f853-4def-aaae-e5d2d6819483","local_time":"20201219130159","is_ascension_mode":true,"campfire_choices":[{"data":"1","floor":6.0,"key":"LIFT"},{"data":"2","floor":10.0,"key":"LIFT"},{"data":"3","floor":12.0,"key":"LIFT"},{"data":"Blade Dance","floor":15.0,"key":"SMITH"},{"floor":25.0,"key":"REST"},{"data":"Phantasmal Killer","floor":27.0,"key":"SMITH"},{"floor":32.0,"key":"REST"}],"circlet_count":0,"master_deck":["AscendersBane","Strike_G","Strike_G","Strike_G","Strike_G","Defend_G","Defend_G","Defend_G","Defend_G","Defend_G","Survivor","Neutralize","Cloak And Dagger+1","Backflip","Blade Dance+1","Footwork","Phantasmal Killer+1","Concentrate+1","Dagger Spray+1","Caltrops","Eviscerate","Noxious Fumes","Tactician"],"relics":["Ring of the Snake","Girya","Letter Opener","Matryoshka","Runic Pyramid","Mummified Hand","Orichalcum","Pen Nib","Akabeko","Boot","Lantern","MealTicket","Ancient Tea Set"],"acts_visited":["Exordium","TheCity"],"potions_floor_usage":[33,33],"damage_taken":[{"damage":1.0,"enemies":"Cultist","floor":1.0,"turns":5.0},{"damage":0.0,"enemies":"Jaw Worm","floor":2.0,"turns":5.0},{"damage":0.0,"enemies":"Small Slimes","floor":7.0,"turns":2.0},{"damage":1.0,"enemies":"Looter","floor":8.0,"turns":3.0},{"damage":1.0,"enemies":"Lagavulin","floor":13.0,"turns":3.0},{"damage":0.0,"enemies":"Large Slime","floor":14.0,"turns":3.0},{"damage":1.0,"enemies":"Hexaghost","floor":16.0,"turns":9.0},{"damage":4.0,"enemies":"Chosen","floor":18.0,"turns":3.0},{"damage":24.0,"enemies":"Book of Stabbing","floor":23.0,"turns":4.0},{"damage":3.0,"enemies":"3 Byrds","floor":28.0,"turns":3.0},{"damage":5.0,"enemies":"Slavers","floor":29.0,"turns":2.0},{"damage":13.0,"enemies":"Centurion and Healer","floor":30.0,"turns":5.0},{"damage":9.0,"enemies":"Book of Stabbing","floor":31.0,"turns":2.0},{"damage":56,"enemies":"Champ","floor":33,"turns":7}],"seed_played":"5087006051350189979","potions_obtained":[{"floor":2.0,"key":"LiquidMemories"},{"floor":13.0,"key":"EssenceOfSteel"},{"floor":14.0,"key":"SteroidPotion"},{"floor":16.0,"key":"ColorlessPotion"},{"floor":30.0,"key":"CultistPotion"},{"floor":31.0,"key":"Weak Potion"}],"is_trial":false,"path_per_floor":["M","M","?","T","$","R","M","M","T","R","?","R","E","M","R","B",null,"M","?","$","?","T","E","$","R","T","R","M","E","M","E","R","B"],"character_chosen":"THE_SILENT","items_purchased":[],"campfire_rested":2,"item_purchase_floors":[],"current_hp_per_floor":[58,58,58,58,58,58,58,57,57,57,57,57,56,56,56,55,63,59,59,59,59,59,35,35,54,54,54,51,46,33,24,43,0,0],"gold":218,"neow_bonus":"ONE_RARE_RELIC","is_daily":false,"chose_seed":false,"campfire_upgraded":2,"win_rate":0.0,"timestamp":1608400919,"path_taken":["M","M","?","?","?","R","M","?","T","R","?","R","E","M","R","BOSS","M","?","$","?","?","E","?","R","T","R","?","E","M","E","R","BOSS"],"items_purchased_type":[],"build_version":"2020-12-18","purchased_purges":1,"victory":false,"max_hp_per_floor":[66,66,66,66,66,66,66,66,66,66,66,66,66,66,66,66,66,66,66,66,66,66,66,66,66,66,66,66,66,66,66,66,66,66],"relic_stats":{"counters":[14,56],"Mummified Hand":[12],"MealTicket":0,"Pen Nib":[6],"Letter Opener":[75],"Orichalcum":[12],"Boot":[9],"obtain_stats":[{"Girya":0,"Lantern":26,"Pen Nib":22,"Letter Opener":4,"Orichalcum":22,"Boot":26,"Ancient Tea Set":31,"Akabeko":23,"Matryoshka":13,"Mummified Hand":19,"MealTicket":29,"Ring of the Snake":0,"Runic Pyramid":17},{"Girya":0,"Lantern":9,"Pen Nib":8,"Letter Opener":2,"Orichalcum":8,"Boot":9,"Ancient Tea Set":13,"Akabeko":9,"Matryoshka":5,"Mummified Hand":8,"MealTicket":11,"Ring of the Snake":0,"Runic Pyramid":7},{"Girya":0,"Lantern":37,"Pen Nib":33,"Letter Opener":10,"Orichalcum":33,"Boot":37,"Ancient Tea Set":49,"Akabeko":37,"Matryoshka":18,"Mummified Hand":33,"MealTicket":42,"Ring of the Snake":0,"Runic Pyramid":30}],"Ring of the Snake":[28]},"card_choices":[{"not_picked":["Slice","Masterful Stab"],"picked":"Cloak And Dagger","floor":1.0},{"not_picked":["Outmaneuver","Calculated Gamble"],"picked":"Backflip","floor":2.0},{"not_picked":["Terror","Blur"],"picked":"Blade Dance","floor":7.0},{"not_picked":["Concentrate","Reflex","Poisoned Stab"],"picked":"SKIP","floor":8.0},{"not_picked":["Underhanded Strike","Quick Slash"],"picked":"Footwork","floor":13.0},{"not_picked":["Quick Slash","Slice","Skewer"],"picked":"SKIP","floor":14.0},{"not_picked":["Malaise","Night Terror"],"picked":"Phantasmal Killer","floor":16.0},{"not_picked":["Acrobatics","Cloak And Dagger"],"picked":"Concentrate+1","floor":18.0},{"not_picked":["Poisoned Stab+1","Slice"],"picked":"Dagger Spray+1","floor":23.0},{"not_picked":["Bane","PiercingWail"],"picked":"Caltrops","floor":28.0},{"not_picked":["Deflect","Venomology"],"picked":"Eviscerate","floor":29.0},{"not_picked":["Backflip","Outmaneuver"],"picked":"Noxious Fumes","floor":30.0},{"not_picked":["Blade Dance","Dodge and Roll"],"picked":"Tactician","floor":31.0}],"player_experience":1918486,"relics_obtained":[{"floor":4.0,"key":"Letter Opener"},{"floor":13.0,"key":"Matryoshka"},{"floor":22.0,"key":"Orichalcum"},{"floor":22.0,"key":"Pen Nib"},{"floor":23.0,"key":"Akabeko"},{"floor":26.0,"key":"Boot"},{"floor":26.0,"key":"Lantern"},{"floor":29.0,"key":"MealTicket"},{"floor":31.0,"key":"Ancient Tea Set"}],"event_choices":[{"damage_healed":0.0,"max_hp_gain":0.0,"max_hp_loss":0.0,"gold_gain":0.0,"event_name":"Living Wall","player_choice":"Grow","floor":3.0,"gold_loss":0.0,"damage_taken":0.0,"cards_upgraded":["Cloak And Dagger"]},{"damage_healed":0.0,"max_hp_gain":0.0,"max_hp_loss":0.0,"gold_gain":0.0,"event_name":"Liars Game","player_choice":"Ignored","floor":11.0,"gold_loss":0.0,"damage_taken":0.0},{"damage_healed":0.0,"max_hp_gain":0.0,"max_hp_loss":0.0,"gold_gain":0.0,"event_name":"Addict","player_choice":"Obtained Relic","floor":19.0,"gold_loss":85.0,"damage_taken":0.0,"relics_obtained":["Mummified Hand"]},{"damage_healed":0.0,"max_hp_gain":0.0,"max_hp_loss":0.0,"gold_gain":0.0,"event_name":"Vampires","player_choice":"Ignored","floor":21.0,"gold_loss":0.0,"damage_taken":0.0}],"is_beta":true,"boss_relics":[{"not_picked":["Ectoplasm","Tiny House"],"picked":"Runic Pyramid"}],"items_purged_floors":[20],"is_endless":false,"potions_floor_spawned":[2,13,14,16,30,31],"killed_by":"Champ","ascension_level":20}}