{"host":"u2grshebrc5rdzdn","time":1608387465,"event":{"mods":["AchievementEnabler","BaseMod","Minty Spire (QoL Compilation)","StSLib"],"gold_per_floor":[115,129,145,164,13,48,223,248,548,560,599,599,609,609,609,720,747,772,786,814,155,155,180,180,180],"floor_reached":24,"playtime":2253,"items_purged":["Strike_P","Doubt"],"score":331,"play_id":"d163f04e-202f-40d4-b096-7370b4955a17","local_time":"20201219151745","is_ascension_mode":true,"campfire_choices":[{"floor":12,"key":"REST"},{"data":"Scrawl","floor":15,"key":"SMITH"}],"circlet_count":0,"master_deck":["Strike_P+1","Strike_P+1","Defend_P+1","Defend_P+1","Eruption+1","Vigilance","LessonLearned","EmptyFist+1","Evaluate+1","JustLucky+1","Judgement+1","ForeignInfluence","Scrawl+1","Scrawl","Vengeance+1","LikeWater+1","Wireheading+1","EmptyMind","FearNoEvil","Devotion"],"relics":["PureWater","WingedGreaves","Matryoshka","Damaru","Old Coin","CeramicFish","CultistMask","Astrolabe","Art of War","OrangePellets","MutagenicStrength","Dream Catcher"],"acts_visited":["Exordium","TheCity"],"potions_floor_usage":[8,10,10,11,19,20,23,24],"damage_taken":[{"damage":20,"enemies":"Small Slimes","floor":1,"turns":5},{"damage":1,"enemies":"Cultist","floor":2,"turns":4},{"damage":2,"enemies":"Jaw Worm","floor":3,"turns":6},{"damage":0,"enemies":"Large Slime","floor":4,"turns":5},{"damage":11,"enemies":"Gremlin Nob","floor":6,"turns":4},{"damage":0,"enemies":"3 Sentries","floor":8,"turns":2},{"damage":10,"enemies":"Exordium Thugs","floor":10,"turns":5},{"damage":0,"enemies":"Lagavulin","floor":11,"turns":5},{"damage":0,"enemies":"2 Fungi Beasts","floor":13,"turns":2},{"damage":42,"enemies":"The Guardian","floor":16,"turns":11},{"damage":0,"enemies":"Shell Parasite","floor":18,"turns":5},{"damage":4,"enemies":"Chosen","floor":19,"turns":3},{"damage":12,"enemies":"Snake Plant","floor":20,"turns":4},{"damage":8,"enemies":"Slavers","floor":23,"turns":2},{"damage":62,"enemies":"Book of Stabbing","floor":24,"turns":3}],"seed_played":"7671606465986696603","potions_obtained":[{"floor":3,"key":"SkillPotion"},{"floor":4,"key":"Explosive Potion"},{"floor":8,"key":"Energy Potion"},{"floor":16,"key":"SteroidPotion"},{"floor":18,"key":"Swift Potion"},{"floor":23,"key":"PowerPotion"}],"is_trial":false,"path_per_floor":["M","M","M","M","$","E","?","E","T","M","E","R","M","?","R","B",null,"M","M","M","$","?","E","E"],"character_chosen":"WATCHER","items_purchased":["JustLucky","SkillPotion","Devotion","Art of War","OrangePellets","Ambrosia"],"campfire_rested":1,"item_purchase_floors":[5,5,21,21,21,21],"current_hp_per_floor":[52,51,49,49,49,38,38,38,38,28,28,49,49,49,49,7,72,72,68,56,56,56,48,0,0],"gold":180,"neow_bonus":"ONE_RANDOM_RARE_CARD","is_daily":false,"chose_seed":false,"campfire_upgraded":1,"win_rate":0.0,"timestamp":1608387465,"path_taken":["M","M","M","M","$","E","?","E","T","M","E","R","M","?","R","BOSS","M","M","?","$","?","E","E"],"items_purchased_type":["Card","Potion","Card","Relic","Relic","Potion"],"build_version":"2020-12-13","purchased_purges":2,"victory":false,"max_hp_per_floor":[72,72,72,72,72,72,72,72,72,72,72,72,72,72,72,72,72,72,72,72,72,72,72,72,72],"card_choices":[{"not_picked":["ReachHeaven","WaveOfTheHand"],"picked":"EmptyFist","floor":1},{"not_picked":["Tantrum","SashWhip"],"picked":"Evaluate","floor":2},{"not_picked":["FlurryOfBlows","Crescendo","CrushJoints"],"picked":"SKIP","floor":3},{"not_picked":["Crescendo","EmptyFist","Protect"],"picked":"SKIP","floor":4},{"not_picked":["Wireheading","BowlingBash"],"picked":"Judgement","floor":6},{"not_picked":["CrushJoints","Prostrate"],"picked":"ForeignInfluence","floor":8},{"not_picked":["Fasting2","PathToVictory","Crescendo"],"picked":"SKIP","floor":10},{"not_picked":["PathToVictory","FlurryOfBlows"],"picked":"Scrawl","floor":11},{"not_picked":["BowlingBash","PathToVictory","ForeignInfluence"],"picked":"SKIP","floor":13},{"not_picked":["Blasphemy","Vault"],"picked":"Scrawl","floor":16},{"not_picked":["WreathOfFlame","Protect"],"picked":"EmptyMind","floor":18},{"not_picked":["Perseverance","ClearTheMind","SashWhip"],"picked":"SKIP","floor":19},{"not_picked":["Protect","ThirdEye"],"picked":"FearNoEvil","floor":20},{"not_picked":["EmptyBody","FlurryOfBlows","SashWhip+1"],"picked":"SKIP","floor":23},{"not_picked":["EmptyBody","FlurryOfBlows","SashWhip+1"],"picked":"SKIP","floor":23}],"player_experience":287071,"relics_obtained":[{"floor":6,"key":"WingedGreaves"},{"floor":8,"key":"Matryoshka"},{"floor":9,"key":"Damaru"},{"floor":9,"key":"Old Coin"},{"floor":11,"key":"CeramicFish"},{"floor":23,"key":"Dream Catcher"}],"event_choices":[{"damage_healed":0,"gold_gain":175,"player_choice":"AGREE","damage_taken":0,"max_hp_gain":0,"max_hp_loss":0,"event_name":"Liars Game","floor":7,"gold_loss":0,"cards_obtained":["Doubt"]},{"damage_healed":0,"gold_gain":0,"player_choice":"Trade","damage_taken":0,"relics_obtained":["CultistMask"],"max_hp_gain":0,"max_hp_loss":0,"event_name":"FaceTrader","floor":14,"gold_loss":0},{"damage_healed":0,"gold_gain":0,"player_choice":"Inject Mutagens","damage_taken":0,"relics_obtained":["MutagenicStrength"],"max_hp_gain":0,"max_hp_loss":0,"event_name":"Drug Dealer","floor":22,"gold_loss":0}],"is_beta":false,"boss_relics":[{"not_picked":["Busted Crown","Calling Bell"],"picked":"Astrolabe"}],"items_purged_floors":[5,21],"is_endless":false,"potions_floor_spawned":[3,4,6,8,16,18,23],"killed_by":"Book of Stabbing","ascension_level":3}}