{"host":"k7624obwpbjljrlq","time":1608358865,"event":{"mods":["BaseMod","Better Vampires","Colored Powertips","Duelist Mod","GifTheSpireLib","Minty Spire (QoL Compilation)","Quick Restart","Relic Stats","Shop Mod","Spicy Shops","StSLib","Synergy Search","The Hierophant","The Poker Player","TheBandit"],"gold_per_floor":[115,128,128,151,251,251,276,101,101,101,120,140,140,155,155,247,247,269,269,269,144,144,164,164,14,66,102,139,139,93,93,93,176,226,272,269,323,167,200,230,253,253,253,253,260,302,312,101,101,81],"floor_reached":51,"playtime":3287,"items_purged":["hierophant:Strike_Hierophant","hierophant:Defend_Hierophant","hierophant:FlamingChariot","hierophant:Blessing","hierophant:Punish+1","hierophant:CoinFling+1"],"score":839,"play_id":"53b67e83-a998-4e96-aea3-1c33da5611b0","local_time":"20201219142105","is_ascension_mode":false,"campfire_choices":[{"data":"hierophant:ChurchCoffers","floor":6.0,"key":"SMITH"},{"data":"hierophant:Doubloon","floor":10.0,"key":"SMITH"},{"data":"hierophant:Repentance","floor":13.0,"key":"SMITH"},{"data":"hierophant:Punish","floor":15.0,"key":"SMITH"},{"data":"hierophant:Charity","floor":24.0,"key":"SMITH"},{"data":"hierophant:RecallFunds","floor":29.0,"key":"SMITH"},{"floor":32.0,"key":"REST"},{"data":"hierophant:CoinFling","floor":44.0,"key":"SMITH"},{"data":"hierophant:Doubloon","floor":49,"key":"SMITH"}],"circlet_count":0,"master_deck":["hierophant:ChurchCoffers+1","hierophant:Doubloon+1","hierophant:Repentance+1","hierophant:Doubloon","hierophant:Charity+1","hierophant:Encroach+1","hierophant:Doubloon","hierophant:Doubloon","hierophant:RecallFunds+1","hierophant:Doubloon","hierophant:HolyVerse+1","hierophant:Doubloon","hierophant:Refuge+1","hierophant:Doubloon","hierophant:Doubloon+1"],"relics":["hierophant:PropheticMaskRelic","Sundial","InkBottle","Pandora\u0027s Box","Turnip","Bag of Marbles","Shuriken","MutagenicStrength","Tiny House","TungstenRod","Membership Card","Pen Nib","Lantern"],"acts_visited":["Exordium","TheCity","TheBeyond"],"potions_floor_usage":[],"damage_taken":[{"damage":0.0,"enemies":"2 Louse","floor":1.0,"turns":2.0},{"damage":1.0,"enemies":"Small Slimes","floor":2.0,"turns":3.0},{"damage":1.0,"enemies":"Cultist","floor":4.0,"turns":3.0},{"damage":10.0,"enemies":"3 Louse","floor":7.0,"turns":2.0},{"damage":7.0,"enemies":"2 Fungi Beasts","floor":11.0,"turns":2.0},{"damage":3.0,"enemies":"Exordium Wildlife","floor":12.0,"turns":4.0},{"damage":10.0,"enemies":"Looter","floor":14.0,"turns":2.0},{"damage":14.0,"enemies":"Hexaghost","floor":16.0,"turns":6.0},{"damage":17.0,"enemies":"Shell Parasite","floor":18.0,"turns":4.0},{"damage":0.0,"enemies":"Spheric Guardian","floor":23.0,"turns":1.0},{"damage":14.0,"enemies":"Snake Plant","floor":27.0,"turns":2.0},{"damage":19.0,"enemies":"Book of Stabbing","floor":28.0,"turns":3.0},{"damage":7.0,"enemies":"Automaton","floor":33.0,"turns":4.0},{"damage":0.0,"enemies":"3 Shapes","floor":35.0,"turns":2.0},{"damage":9.0,"enemies":"3 Darklings","floor":36.0,"turns":2.0},{"damage":0.0,"enemies":"Mind Bloom Boss Battle","floor":37.0,"turns":2.0},{"damage":21.0,"enemies":"Spire Growth","floor":39.0,"turns":3.0},{"damage":0.0,"enemies":"Nemesis","floor":40.0,"turns":3.0},{"damage":0.0,"enemies":"Maw","floor":41.0,"turns":5.0},{"damage":2,"enemies":"Jaw Worm Horde","floor":45,"turns":2},{"damage":0,"enemies":"4 Shapes","floor":46,"turns":1},{"damage":0,"enemies":"Writhing Mass","floor":47,"turns":1},{"damage":0,"enemies":"Awakened One","floor":50,"turns":1}],"seed_played":"-8165193716537596168","potions_obtained":[{"floor":1.0,"key":"Ancient Potion"},{"floor":11.0,"key":"EssenceOfSteel"},{"floor":14.0,"key":"Explosive Potion"},{"floor":18.0,"key":"SpeedPotion"},{"floor":28.0,"key":"ColorlessPotion"},{"floor":34.0,"key":"Fruit Juice"},{"floor":37.0,"key":"Ancient Potion"},{"floor":39.0,"key":"EntropicBrew"}],"is_trial":false,"path_per_floor":["M","M","?","M","?","R","M","$","T","R","M","M","R","M","R","B",null,"M","?","?","$","T","M","R","$","T","M","E","R","$","?","R","B",null,"M","M","?","$","M","E","M","?","T","R","M","M","M","$","R","B",null],"character_chosen":"HIEROPHANT","items_purchased":["hierophant:Doubloon","Membership Card","hierophant:Doubloon"],"campfire_rested":1,"item_purchase_floors":[30,38,48],"current_hp_per_floor":[75,74,62,61,61,61,51,51,51,51,44,41,41,31,31,17,75,64,50,50,50,50,50,50,50,50,36,17,17,17,17,41,34,90,90,81,81,81,60,60,60,60,60,60,58,58,58,58,58,58],"gold":81,"neow_bonus":"REMOVE_CARD","is_daily":false,"chose_seed":false,"campfire_upgraded":8,"win_rate":0.0,"timestamp":1608358865,"path_taken":["M","M","?","M","?","R","?","$","T","R","M","M","R","M","R","BOSS","M","?","?","$","?","M","R","$","T","M","E","R","$","?","R","BOSS","M","M","?","$","M","E","M","?","T","R","M","?","M","$","R","BOSS"],"items_purchased_type":["Card","Relic","Card"],"build_version":"2020-12-13","purchased_purges":6,"victory":true,"max_hp_per_floor":[75,75,75,75,75,75,75,75,75,75,75,75,75,75,75,75,75,75,80,80,80,80,80,80,80,80,80,80,80,80,80,80,80,90,90,90,90,90,90,90,90,90,90,90,90,90,90,90,90,90],"relic_stats":{"counters":[23,60],"Sundial":[68],"Shuriken":[8],"Pandora\u0027s Box":["hierophant:Charity","hierophant:FlamingChariot","hierophant:FlamingChariot","hierophant:Encroach","hierophant:Blessing"],"Turnip":[3],"Pen Nib":[1],"obtain_stats":[{"Lantern":43,"Tiny House":34,"hierophant:PropheticMaskRelic":0,"Pen Nib":40,"Sundial":3,"Shuriken":28,"MutagenicStrength":31,"Pandora\u0027s Box":17,"Turnip":22,"Bag of Marbles":26,"Membership Card":38,"InkBottle":9,"TungstenRod":37},{"Lantern":19,"Tiny House":13,"hierophant:PropheticMaskRelic":0,"Pen Nib":18,"Sundial":2,"Shuriken":12,"MutagenicStrength":12,"Pandora\u0027s Box":8,"Turnip":9,"Bag of Marbles":10,"Membership Card":16,"InkBottle":4,"TungstenRod":16},{"Lantern":55,"Tiny House":38,"hierophant:PropheticMaskRelic":0,"Pen Nib":50,"Sundial":5,"Shuriken":34,"MutagenicStrength":34,"Pandora\u0027s Box":24,"Turnip":28,"Bag of Marbles":29,"Membership Card":44,"InkBottle":10,"TungstenRod":44}],"InkBottle":[36],"TungstenRod":3},"card_choices":[{"not_picked":["hierophant:SecretStash","hierophant:Encroach","hierophant:Zeal"],"picked":"SKIP","floor":1.0},{"not_picked":["hierophant:FieryStrike","hierophant:Purify"],"picked":"hierophant:Doubloon","floor":2.0},{"not_picked":["hierophant:Batter","hierophant:Encroach","hierophant:FieryStrike"],"picked":"SKIP","floor":4.0},{"not_picked":["hierophant:Bribe","hierophant:FieryStrike","hierophant:RepressedViolence"],"picked":"SKIP","floor":7.0},{"not_picked":["hierophant:Sermon","hierophant:Mercenaries"],"picked":"hierophant:Repentance","floor":11.0},{"not_picked":["hierophant:Upheaval","hierophant:OrnateBuckler"],"picked":"hierophant:CoinFling","floor":12.0},{"not_picked":["hierophant:PassingBell","hierophant:DisplayOfPower","hierophant:Prophecy"],"picked":"SKIP","floor":14.0},{"not_picked":["hierophant:HammerAndAnvil","hierophant:Alms"],"picked":"hierophant:RecallFunds","floor":18.0},{"not_picked":["hierophant:Generosity","hierophant:FlamingChariot","hierophant:Smite"],"picked":"SKIP","floor":23.0},{"not_picked":["hierophant:Exaltation","hierophant:Purify","hierophant:SolarFlare"],"picked":"SKIP","floor":27.0},{"not_picked":["hierophant:RepressedViolence","hierophant:Prophecy","hierophant:Martyrdom+1"],"picked":"SKIP","floor":28.0},{"not_picked":["hierophant:Levitation","hierophant:HammerAndAnvil+1","hierophant:PristineSoul+1"],"picked":"SKIP","floor":35.0},{"not_picked":["hierophant:Smite+1","hierophant:Sermon+1"],"picked":"hierophant:HolyVerse+1","floor":36.0},{"not_picked":["hierophant:ConvertCurrency","hierophant:Doubloon"],"picked":"hierophant:Refuge+1","floor":39.0},{"not_picked":["hierophant:AuricBeam","hierophant:ThreeLashes","hierophant:Dazzle"],"picked":"SKIP","floor":40.0},{"not_picked":["hierophant:Empathy","hierophant:Upheaval","hierophant:RecallFunds+1"],"picked":"SKIP","floor":41.0},{"not_picked":["hierophant:Repentance+1","hierophant:Generosity","hierophant:AuricBeam+1"],"picked":"SKIP","floor":45},{"not_picked":["hierophant:TollTheBells","hierophant:Upheaval+1"],"picked":"hierophant:Doubloon","floor":46},{"not_picked":["hierophant:Repentance+1","hierophant:Flagellation","hierophant:MorningPrayer+1"],"picked":"SKIP","floor":47}],"player_experience":125483,"relics_obtained":[{"floor":9.0,"key":"InkBottle"},{"floor":22.0,"key":"Turnip"},{"floor":26.0,"key":"Bag of Marbles"},{"floor":28.0,"key":"Shuriken"},{"floor":37.0,"key":"TungstenRod"},{"floor":40.0,"key":"Pen Nib"},{"floor":43.0,"key":"Lantern"}],"event_choices":[{"damage_healed":0.0,"max_hp_gain":0.0,"max_hp_loss":0.0,"gold_gain":0.0,"event_name":"Scrap Ooze","player_choice":"Success","floor":3.0,"gold_loss":0.0,"damage_taken":12.0,"relics_obtained":["Sundial"]},{"damage_healed":0.0,"max_hp_gain":0.0,"max_hp_loss":0.0,"gold_gain":100.0,"event_name":"Golden Shrine","player_choice":"Pray","floor":5.0,"gold_loss":0.0,"damage_taken":0.0},{"damage_healed":0.0,"max_hp_gain":5.0,"max_hp_loss":0.0,"gold_gain":0.0,"event_name":"Forgotten Altar","player_choice":"Shed Blood","floor":19.0,"gold_loss":0.0,"damage_taken":19.0},{"cards_removed":["hierophant:FlamingChariot"],"damage_healed":0.0,"max_hp_gain":0.0,"max_hp_loss":0.0,"gold_gain":0.0,"event_name":"Back to Basics","player_choice":"Elegance","floor":20.0,"gold_loss":0.0,"damage_taken":0.0},{"damage_healed":0.0,"max_hp_gain":0.0,"max_hp_loss":0.0,"gold_gain":0.0,"event_name":"Drug Dealer","player_choice":"Inject Mutagens","floor":31.0,"gold_loss":0.0,"damage_taken":0.0,"relics_obtained":["MutagenicStrength"]},{"damage_healed":0.0,"max_hp_gain":0.0,"max_hp_loss":0.0,"gold_gain":0.0,"event_name":"MindBloom","player_choice":"Fight","floor":37.0,"gold_loss":0.0,"damage_taken":0.0},{"damage_healed":0.0,"max_hp_gain":0.0,"max_hp_loss":0.0,"gold_gain":0.0,"event_name":"NoteForYourself","player_choice":"Ignored","floor":42.0,"gold_loss":0.0,"damage_taken":0.0}],"is_beta":false,"boss_relics":[{"not_picked":["Velvet Choker","Black Star"],"picked":"Pandora\u0027s Box"},{"not_picked":["Empty Cage","Philosopher\u0027s Stone"],"picked":"Tiny House"}],"items_purged_floors":[8,8,21,25,48,48],"is_endless":false,"potions_floor_spawned":[1,11,14,18,28,37,39],"ascension_level":0}}