{"host":"0uumfqrc8aynrssa","time":1608376205,"event":{"mods":["AchievementEnabler","Act Like it!","AlwaysNeverKeys","Aspiration","Astrologer","BaseMod","Better Altar","Better Match","Better Note","Better Sensory Stone","Better Skull","Better Third Choice","Better Vampires","CapriCore","Colored Map","Colored Powertips","Conspire","Downfall","Energized Spire","Friendly Minions","Gensokyo","GifTheSpireLib","Hallownest","Hermit","Highlight Path","Hubris","Infinite Spire","Jorbs\u0027s Wanderer Trilogy","Koishi","Luminous","Marisa????????","Marked Mod","Minty Spire (QoL Compilation)","Pale of the Ancients","Permanent Neow","Potionbrewer","RNG Fix","Random Character Button","Rare Cards Sparkle","Reimu??????","Relic Sorter","Remilia??????","Replay The Spire","Robot Space Explorer","Shop Mod","Somnambulant","Spicy Shops","Spikes Relics","StSLib","Stuff the Spire","The Animator","The Awakened One except there are too many feathers","The Bug Knight","The Cursed","The Hayseed","The Hierophant","The Immortal","The IronCluck","The Mystic","The Problem Sleuth","The Runesmith","The Servant 0.9.4","TheBandit","TheFirefly","Trackpad","Wandering Minibosses","egg","everything is the same but u backflip on backflip","slay the spire mod where everything is the same but ironclad has a cowboy hat","vexMod"],"gold_per_floor":[99,111,36,47,57,157,157,175,203,128,74,89,107,17,35,134,134,134,152,152,152,152,186,186,221,234,159,177,195,195,195,214,310,310,310,326,326,337,353,363,387,407,407,407,424,38,83,83,100,100,100,126,126,126,126],"floor_reached":56,"playtime":4703,"items_purged":["champ:Execute","champ:Strike","champ:Strike","champ:Defend"],"score":1318,"play_id":"4d06cb21-37b5-4e45-94d8-befe90374005","local_time":"20201219061005","is_ascension_mode":false,"campfire_choices":[{"floor":1.0,"key":"RECALL"},{"data":"champ:Encircle","floor":3.0,"key":"SMITH"},{"data":"champ:Encircle","floor":10.0,"key":"SMITH"},{"data":"champ:HoldFirm","floor":18.0,"key":"SMITH"},{"data":"champ:AdrenalArmor","floor":20.0,"key":"SMITH"},{"data":"champ:Taunt","floor":27.0,"key":"PURGE"},{"data":"champ:Improvising","floor":35.0,"key":"SMITH"},{"data":"champ:IgnorePain","floor":37.0,"key":"SMITH"},{"data":"champ:Strike","floor":44.0,"key":"PURGE"},{"data":"champ:CrookedStrike","floor":54,"key":"SMITH"}],"circlet_count":0,"master_deck":["champ:Defend","champ:Defend","champ:Encircle+1","champ:Lariat","champ:GutPunch","champ:Encircle+1","champ:FanOfKnives","champ:RageSigil","champ:Shatter","champ:FocusedBerserking","champ:AdrenalArmor+1","champ:FanOfKnives","champ:FocusedBerserking","champ:EnragedBash+1","champ:HoldFirm+1","champ:Lariat","champ:Shatter","champ:Shatter","champ:Improvising+1","infinitespire:Fortify","champ:GutPunch","champ:IgnorePain+1","champ:FanOfKnives+1","champ:RapidStrikes","champ:CrookedStrike+1","champ:BringItOn","champ:BringItOn+1"],"relics":["champ:ChampionCrown","downfall:HeartBlessingGreen","downfall:HeartBlessingBlue","downfall:HeartBlessingRed","Toy Ornithopter","ReplayTheSpireMod:Shallot","Sozu","trackpad:IceCube","Replay:Multitool","Bag of Preparation","conspire:SpecialSausage","trackpad:BottledTsunami","conspire:RunicOctahedron","Replay:Baseball","infinitespire:Golems Mask","champ:BerserkersGuideToSlaughter","CatCart","Replay:Wax Seal"],"acts_visited":["Exordium","TheCity","TheBeyond","TheEnding"],"potions_floor_usage":[],"damage_taken":[{"damage":0.0,"enemies":"Small Slimes","floor":2.0,"turns":3.0},{"damage":13.0,"enemies":"Cultist","floor":4.0,"turns":2.0},{"damage":10.0,"enemies":"Jaw Worm","floor":5.0,"turns":4.0},{"damage":43.0,"enemies":"downfall:LadyInBlue","floor":6.0,"turns":4.0},{"damage":20.0,"enemies":"Exordium Wildlife","floor":8.0,"turns":3.0},{"damage":20.0,"enemies":"Gremlin Nob","floor":9.0,"turns":3.0},{"damage":56.0,"enemies":"downfall:FleeingMerchant","floor":11.0,"turns":4.0},{"damage":26.0,"enemies":"2 Fungi Beasts","floor":12.0,"turns":2.0},{"damage":20.0,"enemies":"Exordium Wildlife","floor":13.0,"turns":2.0},{"damage":45.0,"enemies":"downfall:FleeingMerchant","floor":14.0,"turns":4.0},{"damage":14.0,"enemies":"2 Fungi Beasts","floor":15.0,"turns":2.0},{"damage":71.0,"enemies":"downfall:Silent","floor":16.0,"turns":5.0},{"damage":36.0,"enemies":"Shell Parasite","floor":19.0,"turns":3.0},{"damage":57.0,"enemies":"Gremlin Leader","floor":23.0,"turns":4.0},{"damage":66.0,"enemies":"Book of Stabbing","floor":25.0,"turns":5.0},{"damage":47.0,"enemies":"3 Cultists","floor":26.0,"turns":4.0},{"damage":56.0,"enemies":"Chosen and Byrds","floor":28.0,"turns":4.0},{"damage":52.0,"enemies":"Cultist and Chosen","floor":29.0,"turns":3.0},{"damage":36.0,"enemies":"3 Cultists","floor":32.0,"turns":5.0},{"damage":82.0,"enemies":"downfall:Defect","floor":33.0,"turns":5.0},{"damage":56.0,"enemies":"3 Shapes","floor":36.0,"turns":4.0},{"damage":16.0,"enemies":"3 Darklings","floor":38.0,"turns":3.0},{"damage":44.0,"enemies":"Jaw Worm Horde","floor":39.0,"turns":2.0},{"damage":53.0,"enemies":"4 Shapes","floor":40.0,"turns":3.0},{"damage":47.0,"enemies":"Spire Growth","floor":42.0,"turns":3.0},{"damage":42.0,"enemies":"Jaw Worm Horde","floor":45.0,"turns":5.0},{"damage":37.0,"enemies":"downfall:FleeingMerchant","floor":46.0,"turns":2.0},{"damage":53.0,"enemies":"Orin","floor":47.0,"turns":4.0},{"damage":23.0,"enemies":"4 Shapes","floor":49.0,"turns":3.0},{"damage":52.0,"enemies":"downfall:Ironclad","floor":50.0,"turns":6.0},{"damage":90,"enemies":"downfall:CharBossMerchant","floor":52,"turns":4},{"damage":132,"enemies":"downfall:NeowBoss","floor":55,"turns":19}],"seed_played":"7399554338050743490","potions_obtained":[{"floor":4.0,"key":"hexamod:EctoCoolerPotion"},{"floor":5.0,"key":"Adrenaline Potion"},{"floor":6.0,"key":"Languid Potion"},{"floor":6.0,"key":"Guardian:BlockOnCardUsePotion"},{"floor":12.0,"key":"sneckomod:MuddlingPotion"}],"is_trial":false,"path_per_floor":["R_BF","M","R","M","M","?","T","M","E","R","$","M","M","$","M","B",null,"R","M","R","?","?","E","T","E","M","R","M","M","?","AVR","M","B",null,"R","M","R","M","M","M","T","M","?","R","M","$","?","?","M","B",null,"E","$","R","B",null],"character_chosen":"THE_CHAMP","items_purchased":["champ:FocusedBerserking","champ:CrookedStrike","infinitespire:Golems Mask","champ:BerserkersGuideToSlaughter"],"campfire_rested":0,"item_purchase_floors":[11,46,46,46],"current_hp_per_floor":[81,81,81,81,75,60,60,52,51,61,60,70,88,88,91,91,91,91,82,82,82,82,91,91,91,91,91,91,91,69,69,91,91,91,91,91,91,91,91,91,91,91,64,64,91,91,91,91,91,91,91,63,63,63,91],"gold":126,"neow_bonus":"REMOVE_TWO","is_daily":false,"chose_seed":false,"campfire_upgraded":7,"win_rate":0.0,"timestamp":1608376205,"path_taken":["R_BF","M","R","M","M","?","T","M","E","R","$","M","M","$","M","BOSS","R","M","R","?","?","E","T","E","?","R","M","M","?","AVR","M","BOSS","R","M","R","M","M","M","T","M","?","R","M","$","?","?","M","BOSS","E","$","R","BOSS"],"items_purchased_type":["Card","Card","Relic","Relic"],"build_version":"2020-12-13","purchased_purges":4,"victory":true,"max_hp_per_floor":[81,81,81,81,81,81,81,81,81,91,91,91,91,91,91,91,91,91,91,91,91,91,91,91,91,91,91,91,91,91,91,91,91,91,91,91,91,91,91,91,91,91,91,91,91,91,91,91,91,91,91,91,91,91,91],"card_choices":[{"not_picked":["champ:BladeFlurry","champ:Backstep"],"picked":"champ:Encircle","floor":2.0},{"not_picked":["champ:Riposte","champ:BringItOn"],"picked":"champ:Lariat","floor":4.0},{"not_picked":["champ:EnragedBash","champ:CrownThrow"],"picked":"champ:GutPunch","floor":5.0},{"not_picked":["champ:StanceDance","champ:ShieldWall"],"picked":"champ:Encircle","floor":6.0},{"not_picked":["champ:BerserkersShout","champ:RecklessLeap"],"picked":"champ:FanOfKnives","floor":8.0},{"not_picked":["champ:GladiatorsShout","champ:PerfectedStrike"],"picked":"champ:RageSigil","floor":9.0},{"not_picked":["champ:PreciseThrust","champ:RageSigil"],"picked":"champ:Shatter","floor":11.0},{"not_picked":["champ:Circumvent","champ:Encircle"],"picked":"champ:AdrenalArmor","floor":12.0},{"not_picked":["champ:Shatter","champ:Backstep"],"picked":"champ:FanOfKnives","floor":13.0},{"not_picked":["champ:ShieldWall","champ:DefensiveShout"],"picked":"champ:FocusedBerserking","floor":14.0},{"not_picked":["champ:PerfectForm","champ:AdrenalArmor"],"picked":"champ:EnragedBash","floor":15.0},{"not_picked":["champ:HeavySlash","champ:StrikeOfGenius"],"picked":"champ:HoldFirm","floor":16.0},{"not_picked":["champ:TornadoPunch+1","champ:FocusedDefense"],"picked":"champ:Lariat","floor":19.0},{"not_picked":["champ:FocusedDefense","champ:FaceSlap+1","champ:StanceDance"],"picked":"SKIP","floor":23.0},{"not_picked":["champ:PerfectedStrike","champ:FocusedDefense"],"picked":"champ:Shatter","floor":25.0},{"not_picked":["champ:DefensiveShout","champ:RageSigil+1"],"picked":"champ:Shatter","floor":26.0},{"not_picked":["champ:RageSigil","champ:FanOfKnives"],"picked":"champ:Improvising","floor":28.0},{"not_picked":["champ:FaceSlap","champ:Shatter","champ:SkillfulDodge+1"],"picked":"SKIP","floor":29.0},{"not_picked":["champ:Backstep","champ:SkillfulDodge+1"],"picked":"champ:GutPunch","floor":32.0},{"not_picked":["champ:ShieldSlam","champ:LastStand"],"picked":"champ:IgnorePain","floor":33.0},{"not_picked":["champ:ViciousMockery","champ:DeathBlow","champ:PreciseThrust+1"],"picked":"SKIP","floor":36.0},{"not_picked":["champ:ShieldWall+1","champ:FocusedGladiator+1","champ:RecklessLeap+1"],"picked":"SKIP","floor":38.0},{"not_picked":["champ:Shatter+1","champ:Circumvent+1"],"picked":"champ:FanOfKnives","floor":39.0},{"not_picked":["champ:EnragedBash+1","champ:FanOfKnives+1","champ:DefensiveShout+1"],"picked":"SKIP","floor":40.0},{"not_picked":["champ:EnragedBash+1","champ:DefensiveStyle+1","champ:Devastate"],"picked":"SKIP","floor":42.0},{"not_picked":["champ:ShieldWall+1","champ:PreciseThrust","champ:Backstep+1"],"picked":"SKIP","floor":45.0},{"not_picked":["champ:StanceDance+1","champ:ViciousMockery"],"picked":"champ:RapidStrikes","floor":46.0},{"not_picked":["champ:CalledShot+1","champ:AdrenalArmor+1"],"picked":"champ:BringItOn","floor":47.0},{"not_picked":["champ:Haymaker+1","champ:SkillfulDodge+1","champ:EnGarde"],"picked":"SKIP","floor":49.0},{"not_picked":["champ:FlashCut+1","champ:RageSigil+1"],"picked":"champ:BringItOn+1","floor":52}],"player_experience":907743,"relics_obtained":[{"floor":6.0,"key":"Toy Ornithopter"},{"floor":9.0,"key":"ReplayTheSpireMod:Shallot"},{"floor":23.0,"key":"trackpad:IceCube"},{"floor":24.0,"key":"Replay:Multitool"},{"floor":25.0,"key":"Bag of Preparation"},{"floor":41.0,"key":"Replay:Baseball"},{"floor":47.0,"key":"CatCart"},{"floor":52,"key":"Replay:Wax Seal"}],"event_choices":[{"damage_healed":0.0,"max_hp_gain":0.0,"max_hp_loss":0.0,"gold_gain":0.0,"event_name":"betterNote:BetterNote","player_choice":"Ignored","floor":21.0,"gold_loss":0.0,"damage_taken":0.0,"cards_obtained":["champ:Taunt"]},{"damage_healed":0.0,"max_hp_gain":0.0,"max_hp_loss":0.0,"gold_gain":0.0,"event_name":"betterSkull:BetterSkull","player_choice":"UP UP ","floor":43.0,"gold_loss":0.0,"damage_taken":31.0,"cards_upgraded":["champ:EnragedBash","champ:FanOfKnives"],"relics_obtained":[]},{"damage_healed":0.0,"max_hp_gain":0.0,"max_hp_loss":0.0,"gold_gain":0.0,"event_name":"OrinTheCat","player_choice":"Fight","floor":47.0,"gold_loss":0.0,"damage_taken":0.0},{"damage_healed":0.0,"max_hp_gain":0.0,"max_hp_loss":0.0,"gold_gain":3.0,"event_name":"betterStone:BetterStone","player_choice":"1","floor":48.0,"gold_loss":0.0,"damage_taken":0.0}],"is_beta":false,"boss_relics":[{"not_picked":["energizedSpire:OgreHead","aspiration:IroncladSkillbook"],"picked":"Sozu"},{"not_picked":["hubris:Stopwatch","conspire:SlowCooker"],"picked":"conspire:RunicOctahedron"}],"items_purged_floors":[14,31,46,46],"is_endless":false,"potions_floor_spawned":[4,5,8,12,23,26,28,36,42,47,49],"ascension_level":0}}