{"host":"26je6g5b6jsd0prz","time":1608378806,"event":{"mods":["AchievementEnabler","BaseMod","Colored Map","Minty Spire (QoL Compilation)"],"gold_per_floor":[111,111,11,11,11,11,24,24,24,24,56,67,67,86,86,191,191,201,62,62,81,5,30,30,30,55,70,70,82,82,82,82,186,186,204,204,13,63,73,73,20,20,47,64,64,78,78,78,78],"floor_reached":48,"playtime":2501,"items_purged":[],"score":564,"play_id":"995bbc6e-a1f3-4ff4-b006-3352ccc8f51e","local_time":"20201219205326","is_ascension_mode":false,"campfire_choices":[{"data":"Go for the Eyes","floor":6,"key":"SMITH"},{"data":"Rebound","floor":8,"key":"SMITH"},{"data":"Zap","floor":10,"key":"SMITH"},{"data":"Fusion","floor":15,"key":"SMITH"},{"floor":28,"key":"REST"},{"floor":32,"key":"REST"},{"floor":40,"key":"REST"},{"floor":42,"key":"REST"}],"circlet_count":0,"master_deck":["Defend_B","Defend_B","Defend_B","Zap+1","Dualcast","CurseOfTheBell","Melter","Go for the Eyes+1","Ball Lightning","Rebound+1","Sweeping Beam","Gash","Fusion+1","Hyperbeam","Streamline+1","Storm","Meteor Strike","Rebound","Self Repair","Defragment","Chill","Hello World","Leap","Stack","Bite","Bite","Bite","Bite","Bite","Thunder Strike","Rebound+1","Madness","Madness","Apotheosis","Leap","Gash+1","Gash","Sweeping Beam+1","Hologram+1"],"relics":["Calling Bell","Incense Burner","Kunai","Happy Flower","FaceOfCleric","Mercury Hourglass","StrikeDummy","Fusion Hammer","Cables","Letter Opener","Inserter","WingedGreaves","Art of War","Dream Catcher"],"acts_visited":["Exordium","TheCity","TheBeyond"],"potions_floor_usage":[16,23,25,33,35,46,48],"damage_taken":[{"damage":17,"enemies":"Small Slimes","floor":1,"turns":4},{"damage":0,"enemies":"Cultist","floor":7,"turns":3},{"damage":5,"enemies":"Gremlin Nob","floor":11,"turns":3},{"damage":0,"enemies":"2 Louse","floor":12,"turns":2},{"damage":7,"enemies":"Looter","floor":14,"turns":2},{"damage":20,"enemies":"Hexaghost","floor":16,"turns":7},{"damage":12,"enemies":"Shell Parasite","floor":18,"turns":3},{"damage":5,"enemies":"Chosen","floor":21,"turns":2},{"damage":30,"enemies":"Book of Stabbing","floor":23,"turns":3},{"damage":14,"enemies":"Slavers","floor":25,"turns":3},{"damage":28,"enemies":"Shelled Parasite and Fungi","floor":27,"turns":4},{"damage":17,"enemies":"Centurion and Healer","floor":29,"turns":3},{"damage":46,"enemies":"Collector","floor":33,"turns":10},{"damage":19,"enemies":"3 Darklings","floor":35,"turns":6},{"damage":32,"enemies":"Mind Bloom Boss Battle","floor":38,"turns":6},{"damage":27,"enemies":"3 Shapes","floor":39,"turns":6},{"damage":54,"enemies":"Maw","floor":44,"turns":8},{"damage":21,"enemies":"3 Darklings","floor":46,"turns":3},{"damage":61,"enemies":"Transient","floor":48,"turns":5}],"seed_played":"6391072866519087182","potions_obtained":[{"floor":7,"key":"Strength Potion"},{"floor":12,"key":"SneckoOil"},{"floor":14,"key":"SmokeBomb"},{"floor":29,"key":"CultistPotion"},{"floor":33,"key":"Swift Potion"},{"floor":35,"key":"PotionOfCapacity"},{"floor":44,"key":"EssenceOfSteel"},{"floor":46,"key":"AttackPotion"}],"is_trial":false,"path_per_floor":["M","?","$","$","?","R","M","R","T","R","E","M","?","M","R","B",null,"M","$","?","M","$","E","?","E","T","M","R","M","?","?","R","B",null,"M","?","$","?","M","R","$","R","T","M","?","M","T","M"],"character_chosen":"DEFECT","items_purchased":["Go for the Eyes","Ball Lightning","Storm","Meteor Strike","Self Repair","Apotheosis","Gash"],"campfire_rested":4,"item_purchase_floors":[3,3,19,19,22,37,41],"current_hp_per_floor":[58,58,58,58,58,58,59,59,59,59,55,56,61,55,55,36,85,74,74,74,70,70,41,41,35,35,17,44,30,12,12,40,16,97,90,78,78,59,42,72,72,100,100,63,63,45,45,0,0],"gold":78,"neow_bonus":"BOSS_RELIC","is_daily":false,"chose_seed":false,"campfire_upgraded":4,"win_rate":0.0,"timestamp":1608378806,"path_taken":["M","?","?","$","?","R","?","R","T","R","E","?","?","M","R","BOSS","M","$","?","M","$","E","?","E","T","M","R","M","?","?","R","BOSS","M","?","$","?","M","R","$","R","T","?","?","?","?","M"],"items_purchased_type":["Card","Card","Card","Card","Card","Card","Card"],"build_version":"2020-12-13","purchased_purges":0,"victory":false,"max_hp_per_floor":[75,75,75,75,75,75,76,76,76,76,77,78,83,84,84,85,85,86,86,86,87,87,88,88,89,89,90,90,91,96,96,96,97,97,98,98,98,99,100,100,100,100,100,101,101,102,102,102,102],"card_choices":[{"not_picked":["Sweeping Beam","Cold Snap"],"picked":"Melter","floor":1},{"not_picked":["Rip and Tear","Ball Lightning"],"picked":"Rebound","floor":7},{"not_picked":["Steam","Streamline"],"picked":"Sweeping Beam","floor":11},{"not_picked":["Compile Driver","Go for the Eyes"],"picked":"Gash","floor":12},{"not_picked":["Loop","Leap"],"picked":"Fusion","floor":14},{"not_picked":["Fission","Buffer"],"picked":"Hyperbeam","floor":16},{"not_picked":["Genetic Algorithm","Blizzard"],"picked":"Streamline+1","floor":18},{"not_picked":["Sweeping Beam","Coolheaded"],"picked":"Rebound","floor":21},{"not_picked":["Ball Lightning+1","Force Field+1"],"picked":"Defragment","floor":23},{"not_picked":["Go for the Eyes","Sweeping Beam+1"],"picked":"Leap","floor":27},{"not_picked":["Steam","Fusion"],"picked":"Stack","floor":29},{"not_picked":["Seek","Machine Learning"],"picked":"Thunder Strike","floor":33},{"not_picked":["Cold Snap+1","BootSequence+1"],"picked":"Rebound+1","floor":35},{"not_picked":["Coolheaded","Barrage"],"picked":"Leap","floor":38},{"not_picked":["Compile Driver+1","Barrage+1"],"picked":"Gash+1","floor":39},{"not_picked":["Hologram","Coolheaded+1"],"picked":"Sweeping Beam+1","floor":44},{"not_picked":["Coolheaded","BootSequence"],"picked":"Hologram+1","floor":46}],"player_experience":161416,"relics_obtained":[{"floor":0,"key":"Incense Burner"},{"floor":0,"key":"Kunai"},{"floor":0,"key":"Happy Flower"},{"floor":9,"key":"Mercury Hourglass"},{"floor":11,"key":"StrikeDummy"},{"floor":23,"key":"Letter Opener"},{"floor":26,"key":"Blood Vial"},{"floor":38,"key":"WingedGreaves"},{"floor":43,"key":"Art of War"},{"floor":47,"key":"Dream Catcher"}],"event_choices":[{"cards_removed":["Defend_B"],"damage_healed":0,"gold_gain":0,"player_choice":"Offered Basic","damage_taken":0,"max_hp_gain":0,"max_hp_loss":0,"event_name":"Bonfire Elementals","floor":2,"gold_loss":0},{"damage_healed":0,"gold_gain":0,"player_choice":"Trade","damage_taken":0,"relics_obtained":["FaceOfCleric"],"max_hp_gain":0,"max_hp_loss":0,"event_name":"FaceTrader","floor":5,"gold_loss":0},{"damage_healed":0,"gold_gain":0,"player_choice":"Donut","damage_taken":0,"max_hp_gain":5,"max_hp_loss":0,"event_name":"Big Fish","floor":13,"gold_loss":0},{"damage_healed":0,"gold_gain":0,"player_choice":"Opened","damage_taken":0,"relics_obtained":["Cables"],"max_hp_gain":0,"max_hp_loss":0,"event_name":"The Mausoleum","floor":20,"gold_loss":0},{"damage_healed":0,"gold_gain":0,"cards_transformed":["Strike_B","Strike_B"],"player_choice":"Became Test Subject","damage_taken":0,"max_hp_gain":0,"max_hp_loss":0,"event_name":"Drug Dealer","floor":24,"gold_loss":0,"cards_obtained":["Chill","Hello World"]},{"damage_healed":0,"gold_gain":0,"player_choice":"Shed Blood","damage_taken":23,"max_hp_gain":5,"max_hp_loss":0,"event_name":"Forgotten Altar","floor":30,"gold_loss":0},{"damage_healed":0,"gold_gain":0,"player_choice":"Became a vampire (Vial)","damage_taken":0,"max_hp_gain":0,"max_hp_loss":0,"event_name":"Vampires","floor":31,"relics_lost":["Blood Vial"],"gold_loss":0,"cards_obtained":["Bite","Bite","Bite","Bite","Bite"]},{"damage_healed":0,"gold_gain":0,"player_choice":"Embrace Madness","damage_taken":12,"max_hp_gain":0,"max_hp_loss":0,"event_name":"Winding Halls","floor":36,"gold_loss":0,"cards_obtained":["Madness","Madness"]},{"damage_healed":0,"gold_gain":0,"player_choice":"Fight","damage_taken":0,"max_hp_gain":0,"max_hp_loss":0,"event_name":"MindBloom","floor":38,"gold_loss":0},{"damage_healed":0,"gold_gain":0,"player_choice":"Ignored","damage_taken":0,"max_hp_gain":0,"max_hp_loss":0,"event_name":"SecretPortal","floor":45,"gold_loss":0}],"is_beta":false,"boss_relics":[{"not_picked":["Velvet Choker","SlaversCollar"],"picked":"Fusion Hammer"},{"not_picked":["Empty Cage","Black Star"],"picked":"Inserter"}],"items_purged_floors":[],"is_endless":false,"potions_floor_spawned":[7,12,14,29,33,35,44,46],"killed_by":"Transient","ascension_level":0}}