{"host":"qkcfkaplhifbw24p","time":1608414371,"event":{"mods":["BaseMod","Colored Map","Colored Powertips","Hermit","Marisa????????","Minty Spire (QoL Compilation)","Quick Restart","Rare Cards Sparkle","StSLib","SuperFastMode"],"gold_per_floor":[110,185,185,59,75,115,115,115,191,191,29,42,76,93,93,200,272,296,316,316,231,156,156,174,174,174,23,23,58,58,77,77,77,77],"floor_reached":33,"playtime":1971,"items_purged":["Strike_R"],"score":296,"play_id":"b09310cb-0fdb-4182-b6aa-a1310cbbc384","local_time":"20201219164611","is_ascension_mode":false,"campfire_choices":[{"data":"Armaments","floor":7,"key":"SMITH"},{"data":"True Grit","floor":15,"key":"SMITH"},{"data":"Searing Blow+1","floor":23,"key":"SMITH"},{"data":"Searing Blow+2","floor":28,"key":"SMITH"},{"data":"Searing Blow+3","floor":30,"key":"SMITH"},{"data":"Armaments","floor":32,"key":"SMITH"}],"circlet_count":0,"master_deck":["Shockwave","Armaments+1","Searing Blow+4","True Grit+1","Thunderclap","Ghostly Armor","Inflame","Rampage","Barricade","Wild Strike","Headbutt","Searing Blow","Disarm","Searing Blow","Metallicize","Reaper","Heavy Blade","Armaments","Intimidate","Armaments+1"],"relics":["Burning Blood","NeowsBlessing","Anchor","CeramicFish","Kunai","Self Forming Clay","Peace Pipe","Pandora\u0027s Box","Red Skull","Lantern","HandDrill","Bag of Preparation"],"acts_visited":["Exordium","TheCity"],"potions_floor_usage":[19,24,29,29,29,33],"damage_taken":[{"damage":0,"enemies":"2 Louse","floor":1,"turns":1},{"damage":0,"enemies":"Small Slimes","floor":5,"turns":1},{"damage":0,"enemies":"Gremlin Nob","floor":6,"turns":1},{"damage":6,"enemies":"Jaw Worm","floor":12,"turns":4},{"damage":13,"enemies":"Lagavulin","floor":13,"turns":7},{"damage":0,"enemies":"Large Slime","floor":14,"turns":5},{"damage":38,"enemies":"Hexaghost","floor":16,"turns":14},{"damage":5,"enemies":"Shell Parasite","floor":18,"turns":8},{"damage":3,"enemies":"3 Byrds","floor":19,"turns":8},{"damage":32,"enemies":"Centurion and Healer","floor":24,"turns":8},{"damage":30,"enemies":"Slavers","floor":29,"turns":6},{"damage":32,"enemies":"3 Cultists","floor":31,"turns":6},{"damage":35,"enemies":"Champ","floor":33,"turns":11}],"seed_played":"-7111885019641766340","potions_obtained":[{"floor":5,"key":"Fire Potion"},{"floor":13,"key":"AttackPotion"},{"floor":14,"key":"Swift Potion"},{"floor":19,"key":"LiquidMemories"},{"floor":24,"key":"Block Potion"},{"floor":31,"key":"SkillPotion"}],"is_trial":false,"path_per_floor":["M","?","?","$","M","E","R","?","T","T","$","M","E","M","R","B",null,"M","M","?","?","?","R","M","?","T","$","R","E","R","M","R","B"],"character_chosen":"IRONCLAD","items_purchased":["Armaments","Searing Blow","Ghostly Armor","Inflame","HandDrill"],"campfire_rested":0,"item_purchase_floors":[4,4,11,11,27],"current_hp_per_floor":[80,69,51,51,57,63,63,63,63,63,63,63,56,62,62,30,80,80,80,80,80,80,80,54,54,54,54,54,62,62,50,50,15,15],"gold":77,"neow_bonus":"THREE_ENEMY_KILL","is_daily":false,"chose_seed":false,"campfire_upgraded":6,"win_rate":0.0,"timestamp":1608414371,"path_taken":["M","?","?","?","M","E","R","?","T","?","$","?","E","M","R","BOSS","M","M","?","?","?","R","M","?","T","$","R","E","R","M","R","BOSS"],"items_purchased_type":["Card","Card","Card","Card","Relic"],"build_version":"2020-12-13","purchased_purges":1,"victory":false,"max_hp_per_floor":[80,80,80,80,80,80,80,80,80,80,80,80,80,80,80,80,80,80,80,80,80,80,80,80,80,80,80,80,80,80,80,80,80,80],"card_choices":[{"not_picked":["True Grit","Perfected Strike"],"picked":"Shockwave","floor":1},{"not_picked":["Feel No Pain","Perfected Strike"],"picked":"True Grit","floor":5},{"not_picked":["Anger","Clothesline"],"picked":"Thunderclap","floor":6},{"not_picked":["Havoc","Iron Wave","Feed"],"picked":"SKIP","floor":12},{"not_picked":["Whirlwind","Inflame"],"picked":"Rampage","floor":13},{"not_picked":["Combust","Iron Wave","Entrench"],"picked":"SKIP","floor":14},{"not_picked":["Juggernaut","Reaper"],"picked":"Barricade","floor":16},{"not_picked":["Combust","Wild Strike"],"picked":"Armaments","floor":18},{"not_picked":["Whirlwind","Perfected Strike+1"],"picked":"Intimidate","floor":19},{"not_picked":["Thunderclap","Havoc+1","Heavy Blade"],"picked":"SKIP","floor":24},{"not_picked":["Evolve","Clash","Thunderclap"],"picked":"SKIP","floor":29},{"not_picked":["Blood for Blood","Heavy Blade"],"picked":"Armaments","floor":31}],"player_experience":1444986,"relics_obtained":[{"floor":6,"key":"CeramicFish"},{"floor":9,"key":"Kunai"},{"floor":10,"key":"Self Forming Clay"},{"floor":13,"key":"Peace Pipe"},{"floor":26,"key":"Lantern"},{"floor":29,"key":"Bag of Preparation"}],"event_choices":[{"damage_healed":0,"gold_gain":75,"player_choice":"Gather Gold","damage_taken":11,"max_hp_gain":0,"max_hp_loss":0,"event_name":"World of Goop","floor":2,"gold_loss":0},{"damage_healed":0,"gold_gain":0,"player_choice":"Success","damage_taken":18,"relics_obtained":["Anchor"],"max_hp_gain":0,"max_hp_loss":0,"event_name":"Scrap Ooze","floor":3,"gold_loss":0},{"damage_healed":0,"gold_gain":0,"player_choice":"Grow","damage_taken":0,"max_hp_gain":0,"max_hp_loss":0,"event_name":"Living Wall","floor":8,"gold_loss":0,"cards_upgraded":["Searing Blow"]},{"damage_healed":0,"gold_gain":0,"player_choice":"Ignored","damage_taken":0,"max_hp_gain":0,"max_hp_loss":0,"event_name":"Ghosts","floor":20,"gold_loss":0},{"damage_healed":0,"gold_gain":0,"player_choice":"Obtained Relic","damage_taken":0,"relics_obtained":["Red Skull"],"max_hp_gain":0,"max_hp_loss":0,"event_name":"Addict","floor":21,"gold_loss":85},{"cards_removed":["Bash"],"damage_healed":0,"gold_gain":0,"player_choice":"Gave Gold","damage_taken":0,"max_hp_gain":0,"max_hp_loss":0,"event_name":"Beggar","floor":22,"gold_loss":75},{"damage_healed":0,"gold_gain":0,"player_choice":"0 cards matched","damage_taken":0,"max_hp_gain":0,"max_hp_loss":0,"event_name":"Match and Keep!","floor":25,"gold_loss":0,"cards_obtained":[]}],"is_beta":false,"boss_relics":[{"not_picked":["Fusion Hammer","Runic Cube"],"picked":"Pandora\u0027s Box"}],"items_purged_floors":[11],"is_endless":false,"potions_floor_spawned":[5,13,14,19,24,31],"killed_by":"Champ","ascension_level":0}}