{"host":"l85rtarfuh0ld3b1","time":1608399318,"event":{"mods":["Act Like it!","BaseMod","BetterRewards","CapriCore","Chen","Decade(王小明)","Gensokyo","KinomotoSakuraMod(木之本樱)","Koishi","Marisa（F雨　魔理沙）","Minty Spire (QoL Compilation)","Nova Terra(诺娃・泰拉)","Permanent Neow","Reimu（博丽灵梦）","Remilia（蕾米莉亚）","Shop Mod","StSLib","TestMod","The Administrix","The Immortal","The Servant 0.9.4","【东方二次创作】八云紫mod"],"gold_per_floor":[115,189,189,6108,6116,6146,6146,6146,6170,6226,6234,6267,6285,6316,6316,6394,6394,6409,6417,6417,6441,6441,6481,6489,6515,6537,6537,6646,6646,6646,6895,6895,6979,6979,6994,6874,6923,6956,6685,6685,6685,6685,6732,6761,6796,6796,6833,6525,6525,6525,6525,6525,5909,5967,5967],"floor_reached":56,"playtime":3521,"items_purged":["testmod-Gluttony","testmod-Wrath","testmod-Gluttony","testmod-Lust","testmod-Greed","testmod-Envy","testmod-Sloth","Pride","Strike_MRS","Strike_MRS","Strike_MRS","Defend_MRS","Defend_MRS","Defend_MRS","Defend_MRS","MasterSpark","Strike_MRS","UpSweep","Wraith","Gensokyo:AllTheWorldsEvil","Gensokyo:AllTheWorldsEvil"],"score":3183,"play_id":"e7a3999b-5a2f-4e58-9055-dd2e35259444","local_time":"20201220013518","is_ascension_mode":true,"campfire_choices":[{"floor":7.0,"key":"RECALL"},{"data":"1","floor":15.0,"key":"LIFT"},{"data":"ManaRampage","floor":27.0,"key":"SMITH"},{"data":"2","floor":32.0,"key":"LIFT"},{"data":"3","floor":40,"key":"LIFT"},{"floor":42,"key":"REST"},{"data":"Moondial","floor":46,"key":"SMITH"},{"data":"ReincarnationDial","floor":49,"key":"SMITH"},{"data":"CasketOfStar","floor":52,"key":"SMITH"}],"circlet_count":0,"master_deck":["ManaConvection+1","WitchLeyline+1","Orbital+1","Panache+1","Contraction+1","Flash of Steel+1","HeartBreak+1","ClowCardTheBubbles+1","JA+1","TheWorld+1","EscapeVelocity+1","TreasureHunter+1","Backflip+1","ManaRampage+1","GalacticHalo+1","Flash of Steel+1","Gensokyo:ShootingStar+1","Koishi:BramblyRoseGarden+1","Flash of Steel+1","Moondial+1","BottledTime","CasketOfStar+1","ForecastOfChange","ReincarnationDial+1","Acceleration","Panache","Reaper","Deep Breath"],"relics":["MiniHakkero","testmod-TestBox","testmod-SevenDeadlySins","Du-Vu Doll","Darkstone Periapt","Blue Candle","MerchantsRug","Prayer Wheel","Medical Kit","Membership Card","White Beast Statue","SimpleLauncher","testmod-Acrobat","Question Card","Mastiff:ReiMu","Chemical X","Lizard Tail","testmod-Charity","SproutingBranch","Singing Bowl","PrismaticShard","CeramicFish","testmod-IndustrialRevolution","Juzu Bracelet","testmod-HeartOfDaVinci","Tiny Chest","KSMOD_Cerberus","testmod-ConstraintPeriapt","Girya","BigShroomBag","KSMOD_SealedWand","SkyOrb:ReiMu","AdministrixMod:CrackedTaijitu","DataDisk","Koishi:BloodstainedWhiteRose","testmod-ObsoleteBoomerang","Koishi:AHoleWhereASisterShouldBe","Self Forming Clay","AdministrixMod:PrescriptionBottle","ExperimentalFamiliar","KSMOD_SwordJade","KSMOD_Yue","KSMOD_RollerSkates","Gensokyo:ConquerorOfFear","AdministrixMod:AbandonedRose","Charon\u0027s Ashes","Bow_fan:ReiMu","Gensokyo:RedStar","KSMOD_YukitosBentoBox","testmod-CardMagician","Incense Burner","Koishi:LettersToReimu","DollysMirror","KSMOD_TomoyosHeart","Ginger","testmod-BlackFramedGlasses","ScarletHat","FairyMaid","testmod-CyclicPeriapt","Champion Belt","Gambling Chip","Burning Blood"],"acts_visited":["Exordium","Gensokyo:Gensokyoer","TheBeyond","TheEnding"],"potions_floor_usage":[50,50,55,55,55,55,55,55],"damage_taken":[{"damage":0.0,"enemies":"Cultist","floor":1.0,"turns":2.0},{"damage":1.0,"enemies":"Gremlin Nob","floor":6.0,"turns":1.0},{"damage":2.0,"enemies":"Lagavulin Event","floor":10.0,"turns":2.0},{"damage":0.0,"enemies":"3 Sentries","floor":12.0,"turns":2.0},{"damage":0.0,"enemies":"Jaw Worm","floor":13.0,"turns":1.0},{"damage":1.0,"enemies":"Lagavulin","floor":14.0,"turns":2.0},{"damage":6.0,"enemies":"The Guardian","floor":16.0,"turns":2.0},{"damage":0.0,"enemies":"Gensokyo:2_Gloops","floor":18.0,"turns":2.0},{"damage":17.0,"enemies":"Gensokyo:3_Dogs","floor":21.0,"turns":2.0},{"damage":2.0,"enemies":"Gensokyo:Reisen","floor":23.0,"turns":1.0},{"damage":5.0,"enemies":"Gensokyo:Tenshi","floor":25.0,"turns":1.0},{"damage":4.0,"enemies":"Gensokyo:Eternal_Rivals","floor":33.0,"turns":2.0},{"damage":0.0,"enemies":"3 Darklings","floor":35.0,"turns":1.0},{"damage":0.0,"enemies":"2 Orb Walkers","floor":37.0,"turns":1.0},{"damage":0,"floor":41,"turns":3},{"damage":0,"enemies":"Reptomancer","floor":44,"turns":2},{"damage":0,"enemies":"Orb Walker","floor":45,"turns":1},{"damage":0,"enemies":"Giant Head","floor":47,"turns":2},{"damage":0,"enemies":"Awakened One","floor":50,"turns":3},{"damage":0,"enemies":"Shield and Spear","floor":54,"turns":2},{"damage":6,"enemies":"The Heart","floor":55,"turns":2}],"seed_played":"-2994628718920924777","potions_obtained":[{"floor":0.0,"key":"MagicPotion:ReiMu"},{"floor":0.0,"key":"testmod-SpacePotion"},{"floor":0.0,"key":"ShroomBrew"},{"floor":0.0,"key":"Explosive Potion"},{"floor":0.0,"key":"GrandPatriotsElixir:ReiMu"},{"floor":1.0,"key":"EntropicBrew"},{"floor":6.0,"key":"BottledSpark"},{"floor":10.0,"key":"SpeedPotion"},{"floor":12.0,"key":"Fire Potion"},{"floor":13.0,"key":"CultistPotion"},{"floor":14.0,"key":"ZuzhouPotion:ReiMu"},{"floor":16.0,"key":"LiquidBronze"},{"floor":18.0,"key":"BottledSpark"},{"floor":21.0,"key":"LiquidBronze"},{"floor":25.0,"key":"Block Potion"},{"floor":33.0,"key":"Explosive Potion"},{"floor":35.0,"key":"PowerPotion"},{"floor":37,"key":"Dexterity Potion"},{"floor":44,"key":"Weak Potion"},{"floor":45,"key":"PowerPotion"},{"floor":47,"key":"DuplicationPotion"},{"floor":54,"key":"FearPotion"}],"is_trial":false,"path_per_floor":["M","?","?","$","?","E","R","T","T","?","?","E","M","E","R","B",null,"M","?","T","M","?","E","?","E","T","R","$","?","T","?","R","B",null,"M","$","?","T","$","R","?","R","T","E","M","R","E","$","R","B",null,"R","$","E","B",null],"character_chosen":"MARISA","items_purchased":["MerchantsRug","AntiCross","testmod-CasingShield","TentaclePot:ReiMu","BreadOfAWashokuLover","testmod-Motorcycle","testmod-Brilliant","Prayer Wheel","Medical Kit","CrazyTorch:ReiMu","Letter Opener","Membership Card","testmod-SpacePotion","Fruit Juice","Lantern","Mercury Hourglass","TheAbacus","EntropicBrew","Molten Egg 2","ManaConvection","Sundial","Toolbox","testmod-OneHitWonder","Oddly Smooth Stone","ClockworkSouvenir","Bronze Scales","Vajra","HandDrill","White Beast Statue","Regal Pillow","testmod-Faith","testmod-Hope","Centennial Puzzle","SimpleLauncher","Toy Ornithopter","Potion Belt","Sling","testmod-SpacePotion","testmod-Acrobat","testmod-ArcanaOfDestiny","testmod-MagicalMallet","Question Card","Boot","testmod-Register","WingedGreaves","Pocketwatch","Strange Spoon","Mastiff:ReiMu","Nunchaku","Chemical X","ShroomBag","Blood Vial","Frozen Eye","Pantograph","Shuriken","TungstenRod","FossilizedHelix","testmod-IWantAll","WitchLeyline+1","Orbital","War Paint","Fruit Juice","OrangePellets","Strawberry","Lizard Tail","Omamori","testmod-Charity","Gremlin Horn","testmod-TurbochargingSystem","HandmadeGrimoire","testmod-SpacePotion","HornCleat","SproutingBranch","Singing Bowl","Fruit Juice","Toxic Egg 2","PrismaticShard","testmod-ThousandKnives","InkBottle","Orrery","Pear","testmod-DragonStarHat","Cauldron","Lee\u0027s Waffle","Fruit Juice","CeramicFish","ScarletDevilRocket","testmod-Justice","Art of War","StrikeDummy","Orichalcum","Ornamental Fan","testmod-IndustrialRevolution","Pen Nib","Ancient Tea Set","Bag of Marbles","testmod-Antiphasic","Matryoshka","testmod-LifeArmor","MealTicket","Akabeko","testmod-AssaultLearning","Juzu Bracelet","Happy Flower","testmod-HeartOfDaVinci","AmplifyWand","Panache","Eternal Feather","testmod-InjuryResistance","Anchor","Tiny Chest","Bag of Preparation","EntropicBrew","Antimatter_spacedebris","TwistedFunnel","Ice Cream","PreservedInsect","Broom","Pan","Dream Catcher","Flash of Steel+1","Snake Skull","Gungnir","RuthlessExorcism:ReiMu","testmod-SpacePotion","Paper Frog","Mummified Hand","Fruit Juice","Fruit Juice","RedBat","KSMOD_Cerberus","Thread and Needle","KSMOD_TouyasBicycle","AdministrixMod:GoldenChickadee","testmod-SpacePotion","StoneCalendar","TheEssenceOfRealm","Ninja Scroll","JA+1","Mango","ThegodofHakurei_purpleEX","Kunai","testmod-ConstraintPeriapt","PaperSwan","Turnip","AmplifyWand","testmod-InfectionSource","Girya","Fruit Juice","Meat on the Bone","MagicBroom","TypeBBloodRedTea","Paper Crane","EscapeVelocity","testmod-Fortitude","testmod-FatalChain","testmod-EqualTreatment","Tea:ReiMu","The Specimen","Unceasing Top","EntropicBrew","Fruit Juice","BigShroomBag","Frozen Egg 2","KSMOD_SealedWand","testmod-Laevatain","KneeBrace","Cables","TreasureHunter+1","GalacticHalo","Flash of Steel","DollysMirror","ScarletHat","FairyMaid","testmod-CyclicPeriapt","Champion Belt","Gambling Chip","testmod-SpacePotion","AttackPotion","LiquidBronze","Acceleration"],"campfire_rested":1,"item_purchase_floors":[0,0,0,0,0,0,0,0,0,0,0,0,0,0,0,0,0,0,0,0,0,0,0,0,0,0,0,0,0,0,0,0,0,0,0,0,0,0,0,0,0,0,0,0,0,0,0,0,0,0,0,0,0,0,0,0,0,0,0,0,0,0,0,0,0,0,0,0,0,0,0,0,0,0,0,0,0,0,0,0,0,0,0,0,0,0,0,0,0,0,0,0,0,0,0,0,0,0,0,0,0,0,0,0,0,0,0,0,0,0,0,0,0,0,0,0,0,0,0,0,0,0,0,0,0,0,0,0,0,0,0,0,0,0,0,0,0,0,0,0,0,0,0,0,0,0,0,0,0,0,0,0,0,0,0,0,0,0,0,0,0,0,0,0,0,0,0,0,4,28,28,39,48,48,53,53,53,53,53,53,53],"current_hp_per_floor":[238,229,229,371,372,379,379,379,380,386,393,412,417,427,427,437,437,446,453,453,459,459,467,474,485,486,486,496,496,496,459,459,477,477,487,491,499,501,504,504,521,521,522,534,541,541,554,556,556,580,580,580,581,599,624],"gold":5967,"neow_bonus":"","is_daily":false,"chose_seed":false,"campfire_upgraded":4,"win_rate":0.0,"timestamp":1608399318,"path_taken":["M","?","?","$","?","E","R","?","T","?","?","E","M","E","R","BOSS","M","?","?","M","?","E","?","E","T","R","$","?","?","?","R","BOSS","M","$","?","?","$","R","?","R","T","E","M","R","E","$","R","BOSS","R","$","E","BOSS"],"items_purchased_type":["Relic","Relic","Relic","Relic","Relic","Relic","Relic","Relic","Relic","Relic","Relic","Relic","Potion","Potion","Relic","Relic","Relic","Potion","Relic","Card","Relic","Relic","Relic","Relic","Relic","Relic","Relic","Relic","Relic","Relic","Relic","Relic","Relic","Relic","Relic","Relic","Relic","Potion","Relic","Relic","Relic","Relic","Relic","Relic","Relic","Relic","Relic","Relic","Relic","Relic","Relic","Relic","Relic","Relic","Relic","Relic","Relic","Relic","Card","Card","Relic","Potion","Relic","Relic","Relic","Relic","Relic","Relic","Relic","Relic","Potion","Relic","Relic","Relic","Potion","Relic","Relic","Relic","Relic","Relic","Relic","Relic","Relic","Relic","Potion","Relic","Relic","Relic","Relic","Relic","Relic","Relic","Relic","Relic","Relic","Relic","Relic","Relic","Relic","Relic","Relic","Relic","Relic","Relic","Relic","Relic","Card","Relic","Relic","Relic","Relic","Relic","Potion","Relic","Relic","Relic","Relic","Relic","Relic","Relic","Card","Relic","Relic","Relic","Potion","Relic","Relic","Potion","Potion","Relic","Relic","Relic","Relic","Relic","Potion","Relic","Relic","Relic","Card","Relic","Relic","Relic","Relic","Relic","Relic","Relic","Relic","Relic","Potion","Relic","Relic","Relic","Relic","Card","Relic","Relic","Relic","Relic","Relic","Relic","Potion","Potion","Relic","Relic","Relic","Relic","Relic","Relic","Card","Card","Card","Relic","Relic","Relic","Relic","Relic","Relic","Potion","Potion","Potion","Card"],"build_version":"2020-12-13","purchased_purges":21,"victory":true,"max_hp_per_floor":[238,239,239,371,372,379,379,379,380,386,393,412,417,427,427,437,437,446,453,453,464,464,469,476,486,487,487,497,497,497,459,459,477,477,487,491,499,501,504,504,521,521,522,534,541,541,554,556,556,580,580,580,581,599,624],"card_choices":[{"not_picked":["CutThroughFate+1","GlobalNightmare+1","Wild Strike+1","EmergencyRegeneration+1"],"picked":"Singing Bowl","floor":0.0},{"not_picked":["ClowCardTheLibra+1","Blood for Blood+1","Hibiki_Attack2+1","SubAcupoint:ReiMu+1"],"picked":"Singing Bowl","floor":0.0},{"not_picked":["EmptyBody+1","OortCloud","Wallop+1","EighthInstrument_OneDividesIntoTwo_purple+1"],"picked":"Singing Bowl","floor":0.0},{"not_picked":["DeusExMachina+1","Misdirection+1","AdministrixMod:RebukeDesires+1","RuptureOfTimeAndSpace_purple+1"],"picked":"Singing Bowl","floor":0.0},{"not_picked":["RedRainbow+1","Koishi:UnconsciousUprising+1","NovaMod:WidowMine+1","Koishi:SubconsciousSweep+1"],"picked":"Singing Bowl","floor":0.0},{"not_picked":["ClowCardTheLibra+1","Blood for Blood+1","Hibiki_Attack2+1","SubAcupoint:ReiMu+1"],"picked":"Singing Bowl","floor":0.0},{"not_picked":["EmptyBody+1","OortCloud","Wallop+1","EighthInstrument_OneDividesIntoTwo_purple+1"],"picked":"Singing Bowl","floor":0.0},{"not_picked":["DeusExMachina+1","Misdirection+1","AdministrixMod:RebukeDesires+1","RuptureOfTimeAndSpace_purple+1"],"picked":"Singing Bowl","floor":0.0},{"not_picked":["NovaMod:WaitingGame+1","Undo+1","ClowCardTheSand+1","Chen:RapidfireEvasive"],"picked":"Singing Bowl","floor":0.0},{"not_picked":["Kuuga_GouramAttack+1","AdministrixMod:DiversionaryTactic+1","Chen:Instinct+1","ClowCardTheFly+1"],"picked":"Singing Bowl","floor":1.0},{"not_picked":["SubAcupoint:ReiMu+1","AdministrixMod:PassageOfAges+1","ChainGang+1","Halt+1"],"picked":"Singing Bowl","floor":1.0},{"not_picked":["Koishi:SubterraneanRose","MokouMod:BurningDraft","AdministrixMod:ArmillarySphere","AdministrixMod:Untouchable"],"picked":"Singing Bowl","floor":6.0},{"not_picked":["Gash","KamenRideDenO","Chen:Catseye","NovaMod:JetAssault"],"picked":"Singing Bowl","floor":10.0},{"not_picked":["Koishi:GeneticsOfTheUnconscious","Headbutt","DoubleSpark","AdministrixMod:BrewingCloister"],"picked":"Singing Bowl","floor":12.0},{"not_picked":["ClowCardTheSilent","Perfected Strike","CharismaGuard","ScarletImprint"],"picked":"Singing Bowl","floor":13.0},{"not_picked":["Intuition:ReiMu","MokouMod:HeatCyclone","Hibiki_Attack2","Deep Breath"],"picked":"Singing Bowl","floor":13.0},{"not_picked":["MokouMod:Overheat","BowlingBash","Rage","testmod-BackupPower"],"picked":"Singing Bowl","floor":14.0},{"not_picked":["testmod-ChaoticCore","Phantasmal Killer","Koishi:PerfectMindControl","testmod-SelfRegulatingSystem"],"picked":"Singing Bowl","floor":16.0},{"not_picked":["NovaMod:GhostAcademy","StateDuplicate_purple","Decade_Invisible","AdministrixMod:RegentEdict"],"picked":"Singing Bowl","floor":18.0},{"not_picked":["MokouMod:Ember","SubAcupoint:ReiMu","Chen:Impale","Kuuga_GouramAttack"],"picked":"Singing Bowl","floor":18.0},{"not_picked":["MokouMod:Singe","ShatteredReality","MokouMod:WarmUp"],"picked":"Backflip+1","floor":21.0},{"not_picked":["testmod-PainDetonator","AdvanceAttack_purple","Blade_Beat","SfantasyHide_purple"],"picked":"Singing Bowl","floor":21.0},{"not_picked":["DarkRealmRedLine_purple","ClowCardTheArrow","FormRide"],"picked":"ManaRampage","floor":23.0},{"not_picked":["Koishi:CatchAndRose","CutThroughFate","Deadly Poison","MokouMod:FlareStarter"],"picked":"Singing Bowl","floor":25.0},{"not_picked":[],"picked":"Gensokyo:ShootingStar","floor":33.0},{"not_picked":["UnarmedAttack9","testmod-BloodShelter","Koishi:RoseHell","Malaise"],"picked":"Singing Bowl","floor":33.0},{"not_picked":["Steam","ClowCardTheFreeze","Koishi:YoukaiPolygraph","Chen:EmergencyEscape"],"picked":"Singing Bowl","floor":35.0},{"not_picked":["Heavy Blade","MokouMod:ShiftIgnition+1","NovaMod:Chaos","AdministrixMod:GuanyinBlessing+1"],"picked":"Singing Bowl","floor":35.0},{"not_picked":["Decade_Dash1","Collect","ChargeUpSpray","Moonlight+1"],"picked":"Singing Bowl","floor":37},{"not_picked":["EternalNight","Prepared","NovaMod:Barrier","SpecialFormula+1"],"picked":"Singing Bowl","floor":41},{"not_picked":["Unruled","Koishi:ReleaseOfTheId","Blade_Kick+1","Acrobatics"],"picked":"Singing Bowl","floor":44},{"not_picked":["NovaMod:PsychicShield","MokouMod:CrimsonArmoury","NovaMod:Detonation"],"picked":"Moondial","floor":45},{"not_picked":["Koishi:BloodcurdlingScream","Perfected Strike+1","NovaMod:ArmorPenetration+1"],"picked":"BottledTime","floor":45},{"not_picked":["MokouMod:BurningDraft+1","Hologram","AirStrike:ReiMu"],"picked":"CasketOfStar","floor":47},{"not_picked":["Glacier","Turbo","AdministrixMod:ImmortalPurity+1"],"picked":"Deep Breath","floor":54}],"player_experience":597048,"relics_obtained":[{"floor":6.0,"key":"SkyOrb:ReiMu"},{"floor":8.0,"key":"AdministrixMod:CrackedTaijitu"},{"floor":9.0,"key":"DataDisk"},{"floor":9.0,"key":"Koishi:BloodstainedWhiteRose"},{"floor":10.0,"key":"testmod-ObsoleteBoomerang"},{"floor":10.0,"key":"Koishi:AHoleWhereASisterShouldBe"},{"floor":12.0,"key":"Self Forming Clay"},{"floor":14.0,"key":"AdministrixMod:PrescriptionBottle"},{"floor":14.0,"key":"KSMOD_TaoistSuit"},{"floor":18.0,"key":"KSMOD_SwordJade"},{"floor":18.0,"key":"KSMOD_Yue"},{"floor":20.0,"key":"KSMOD_RollerSkates"},{"floor":23.0,"key":"Gensokyo:ConquerorOfFear"},{"floor":23.0,"key":"AdministrixMod:AbandonedRose"},{"floor":25.0,"key":"Charon\u0027s Ashes"},{"floor":26.0,"key":"Bow_fan:ReiMu"},{"floor":30.0,"key":"KSMOD_YukitosBentoBox"},{"floor":37,"key":"Incense Burner"},{"floor":38,"key":"Koishi:LettersToReimu"},{"floor":43,"key":"KSMOD_TomoyosHeart"},{"floor":44,"key":"Ginger"},{"floor":47,"key":"testmod-BlackFramedGlasses"},{"floor":54,"key":"Burning Blood"}],"event_choices":[{"damage_healed":0.0,"max_hp_gain":0.0,"max_hp_loss":0.0,"gold_gain":75.0,"event_name":"World of Goop","player_choice":"Gather Gold","floor":2.0,"gold_loss":0.0,"damage_taken":11.0},{"damage_healed":0.0,"max_hp_gain":0.0,"max_hp_loss":0.0,"gold_gain":0.0,"event_name":"The Cleric","player_choice":"Leave","floor":3.0,"gold_loss":0.0,"damage_taken":0.0},{"damage_healed":0.0,"max_hp_gain":0.0,"max_hp_loss":0.0,"gold_gain":0.0,"event_name":"Match and Keep!","player_choice":"1 cards matched","floor":5.0,"gold_loss":0.0,"damage_taken":0.0,"cards_obtained":["UltimateShortwave"]},{"damage_healed":0.0,"max_hp_gain":0.0,"max_hp_loss":0.0,"gold_gain":30.0,"event_name":"Dead Adventurer","player_choice":"Searched \u00273\u0027 times","floor":10.0,"gold_loss":0.0,"damage_taken":0.0},{"damage_healed":96.0,"max_hp_gain":0.0,"max_hp_loss":0.0,"gold_gain":0.0,"event_name":"Mushrooms_MRS","player_choice":"Healed and dodged fight","floor":11.0,"gold_loss":0.0,"damage_taken":0.0,"cards_obtained":["Parasite"]},{"damage_healed":0.0,"max_hp_gain":0.0,"max_hp_loss":0.0,"gold_gain":0.0,"event_name":"Mysterious Sphere","player_choice":"Fight","floor":37.0,"gold_loss":0.0,"damage_taken":0.0}],"is_beta":false,"boss_relics":[{"not_picked":["Cursed Key","SacredBark"],"picked":"ExperimentalFamiliar"},{"not_picked":["Mark of Pain","RampagingMagicTools"],"picked":"testmod-CardMagician"}],"items_purged_floors":[0,0,0,0,0,0,0,0,0,0,0,0,0,0,0,0,0,0,0,36,39],"is_endless":false,"potions_floor_spawned":[1,6,10,12,13,14,16,18,21,25,33,35,37,41,44,45,47,54],"ascension_level":16}}