{"host":"yo9wwslrag05lh37","time":1608374914,"event":{"mods":["AchievementEnabler","BaseMod","Block Reminder","Colored Map","Colored Powertips","GifTheSpireLib","HexUI Lib","Highlight Path","Minty Spire (QoL Compilation)","Rare Cards Sparkle","Relic Stats","StSLib","everything is the same but u backflip on backflip"],"gold_per_floor":[11,28,78,89,107,107,132,132,132,163,163,177,16,16,16,88,88,107,118,134,147,72,105,105,105,129,44,44,54,104,134,134,205,205,216,230,53,0,0,0,26,26,26,46,73,73,73,107,107,107,107],"floor_reached":50,"playtime":1863,"items_purged":["Strike_R","Strike_R"],"score":1222,"play_id":"7be87d0d-8ebe-43e0-ae17-9925e209e75e","local_time":"20201219114834","is_ascension_mode":true,"campfire_choices":[{"data":"Hemokinesis","floor":6.0,"key":"SMITH"},{"data":"Inflame","floor":8.0,"key":"SMITH"},{"data":"Uppercut","floor":15.0,"key":"SMITH"},{"floor":25,"key":"REST"},{"floor":28,"key":"REST"},{"floor":32,"key":"REST"},{"floor":40,"key":"REST"},{"floor":46,"key":"REST"},{"floor":49,"key":"RECALL"}],"circlet_count":0,"master_deck":["AscendersBane","Strike_R","Strike_R","Defend_R","Defend_R","Defend_R+1","Defend_R+1","Bash","Clothesline","Inflame+1","Hemokinesis+1","Thunderclap","Uppercut+1","Power Through","Ghostly Armor","Offering","Metallicize","Anger+1","Burning Pact","Impervious","CurseOfTheBell","Rupture","Battle Trance","Combust+1","Burning Pact","Trip","Secret Technique"],"relics":["Burning Blood","Champion Belt","War Paint","Mercury Hourglass","Fusion Hammer","Potion Belt","Pen Nib","Gremlin Horn","Dream Catcher","Calling Bell","Juzu Bracelet","Singing Bowl","TungstenRod","Red Mask","Self Forming Clay","InkBottle","StrikeDummy","CeramicFish"],"acts_visited":["Exordium","TheCity","TheBeyond"],"potions_floor_usage":[21,33,35,44],"damage_taken":[{"damage":1.0,"enemies":"2 Louse","floor":1.0,"turns":4.0},{"damage":4.0,"enemies":"Cultist","floor":2.0,"turns":4.0},{"damage":4.0,"enemies":"Small Slimes","floor":4.0,"turns":4.0},{"damage":1.0,"enemies":"3 Louse","floor":5.0,"turns":2.0},{"damage":26.0,"enemies":"Gremlin Nob","floor":7.0,"turns":4.0},{"damage":40.0,"enemies":"3 Sentries","floor":10.0,"turns":9.0},{"damage":3.0,"enemies":"Looter","floor":12.0,"turns":3.0},{"damage":0.0,"enemies":"Lagavulin","floor":14.0,"turns":1.0},{"damage":28.0,"enemies":"Hexaghost","floor":16.0,"turns":9.0},{"damage":11,"enemies":"Spheric Guardian","floor":18,"turns":3},{"damage":8,"enemies":"2 Thieves","floor":19,"turns":3},{"damage":10,"enemies":"3 Cultists","floor":20,"turns":4},{"damage":8,"enemies":"Cultist and Chosen","floor":21,"turns":5},{"damage":30,"enemies":"Slavers","floor":23,"turns":5},{"damage":23,"enemies":"Shelled Parasite and Fungi","floor":29,"turns":4},{"damage":10,"enemies":"Gremlin Leader","floor":31,"turns":4},{"damage":75,"enemies":"Champ","floor":33,"turns":12},{"damage":34,"enemies":"3 Darklings","floor":35,"turns":6},{"damage":6,"enemies":"Orb Walker","floor":36,"turns":3},{"damage":64,"enemies":"Giant Head","floor":41,"turns":9},{"damage":20,"enemies":"Writhing Mass","floor":44,"turns":8},{"damage":34,"enemies":"Nemesis","floor":45,"turns":9},{"damage":31,"enemies":"Reptomancer","floor":48,"turns":6},{"damage":6,"enemies":"Donu and Deca","floor":50,"turns":1}],"seed_played":"-862114215713868465","potions_obtained":[{"floor":2.0,"key":"Fruit Juice"},{"floor":4.0,"key":"Explosive Potion"},{"floor":10.0,"key":"FearPotion"},{"floor":12.0,"key":"SmokeBomb"},{"floor":20,"key":"Strength Potion"},{"floor":23,"key":"Explosive Potion"},{"floor":29,"key":"AttackPotion"},{"floor":36,"key":"GamblersBrew"},{"floor":44,"key":"LiquidBronze"}],"is_trial":false,"path_per_floor":["M","M","?","M","M","R","E","R","T","E","$","M","$","E","R","B",null,"M","M","M","M","?","E","?","R","T","?","R","M","?","E","R","B",null,"M","M","$","?","$","R","E","?","T","M","E","R","?","E","R","B"],"character_chosen":"IRONCLAD","items_purchased":["Ghostly Armor","Rupture"],"campfire_rested":5,"item_purchase_floors":[13,37],"current_hp_per_floor":[73,75,75,75,75,75,55,55,55,21,21,29,29,35,35,13,63,58,56,52,50,50,26,42,66,66,66,80,63,63,59,80,11,63,37,39,39,39,39,66,8,71,71,57,29,52,45,22,22,16,16],"gold":107,"neow_bonus":"ONE_RARE_RELIC","is_daily":false,"chose_seed":false,"campfire_upgraded":3,"win_rate":0.0,"timestamp":1608374914,"path_taken":["M","M","?","?","M","R","E","R","T","E","$","M","$","E","R","BOSS","M","M","M","M","?","E","?","R","T","?","R","M","?","E","R","BOSS","M","M","?","?","$","R","E","?","T","M","E","R","?","E","R","BOSS"],"items_purchased_type":["Card","Card"],"build_version":"2020-12-13","purchased_purges":2,"victory":false,"max_hp_per_floor":[75,75,75,75,75,75,75,75,75,75,75,80,80,80,80,80,80,80,80,80,80,80,80,80,80,80,80,80,80,80,80,80,80,80,82,84,84,84,84,86,86,71,71,71,71,73,75,77,77,77,77],"relic_stats":{"Gremlin Horn":[11,14],"Singing Bowl":12,"counters":[24,122],"Self Forming Clay":[54],"CeramicFish":0,"Pen Nib":[13],"Juzu Bracelet":0,"War Paint":["Defend_R","Defend_R"],"Burning Blood":131,"Mercury Hourglass":[328],"Dream Catcher":3,"Champion Belt":[85],"obtain_stats":[{"Potion Belt":23,"Gremlin Horn":27,"Singing Bowl":34,"Self Forming Clay":41,"CeramicFish":48,"Pen Nib":26,"Juzu Bracelet":34,"War Paint":7,"Burning Blood":0,"Mercury Hourglass":10,"Calling Bell":34,"Dream Catcher":31,"Fusion Hammer":17,"Red Mask":38,"Champion Belt":0,"StrikeDummy":45,"TungstenRod":34,"InkBottle":43},{"Potion Belt":14,"Gremlin Horn":14,"Singing Bowl":17,"Self Forming Clay":20,"CeramicFish":23,"Pen Nib":14,"Juzu Bracelet":17,"War Paint":5,"Burning Blood":0,"Mercury Hourglass":6,"Calling Bell":17,"Dream Catcher":16,"Fusion Hammer":9,"Red Mask":19,"Champion Belt":0,"StrikeDummy":22,"TungstenRod":17,"InkBottle":20},{"Potion Belt":60,"Gremlin Horn":60,"Singing Bowl":80,"Self Forming Clay":98,"CeramicFish":121,"Pen Nib":60,"Juzu Bracelet":80,"War Paint":18,"Burning Blood":0,"Mercury Hourglass":27,"Calling Bell":80,"Dream Catcher":68,"Fusion Hammer":40,"Red Mask":89,"Champion Belt":0,"StrikeDummy":115,"TungstenRod":80,"InkBottle":98}],"TungstenRod":50,"InkBottle":[6]},"card_choices":[{"not_picked":["Armaments","Perfected Strike"],"picked":"Clothesline","floor":1.0},{"not_picked":["Pommel Strike","Cleave"],"picked":"Inflame","floor":2.0},{"not_picked":["Iron Wave","Warcry"],"picked":"Hemokinesis","floor":4.0},{"not_picked":["Iron Wave","Dark Embrace"],"picked":"Thunderclap","floor":5.0},{"not_picked":["Blood for Blood","Barricade"],"picked":"Uppercut","floor":7.0},{"not_picked":["Rampage","Burning Pact","Power Through"],"picked":"SKIP","floor":10.0},{"not_picked":["Reckless Charge","Headbutt"],"picked":"Power Through","floor":12.0},{"not_picked":["Exhume","Corruption"],"picked":"Offering","floor":16.0},{"not_picked":["Cleave","Searing Blow","Flex"],"picked":"SKIP","floor":18},{"not_picked":["Ghostly Armor+1","Thunderclap"],"picked":"Metallicize","floor":19},{"not_picked":["Dual Wield","Iron Wave"],"picked":"Anger+1","floor":20},{"not_picked":["Sentinel+1","Thunderclap","Armaments"],"picked":"SKIP","floor":21},{"not_picked":["Iron Wave","Warcry","Searing Blow"],"picked":"SKIP","floor":23},{"not_picked":["True Grit","Iron Wave"],"picked":"Burning Pact","floor":29},{"not_picked":["Headbutt+1","Clothesline","Reckless Charge"],"picked":"SKIP","floor":31},{"not_picked":["Bludgeon","Demon Form"],"picked":"Impervious","floor":33},{"not_picked":["Cleave","Flex","Pommel Strike"],"picked":"Singing Bowl","floor":35},{"not_picked":["Cleave","Metallicize","Headbutt+1"],"picked":"Singing Bowl","floor":36},{"not_picked":["Twin Strike","Dark Embrace+1","Anger+1"],"picked":"Singing Bowl","floor":40},{"not_picked":["Pummel+1","Clothesline"],"picked":"Battle Trance","floor":41},{"not_picked":["Rupture","Wild Strike"],"picked":"Combust+1","floor":44},{"not_picked":["Warcry+1","Anger"],"picked":"Burning Pact","floor":45},{"not_picked":["Sword Boomerang","Flame Barrier","Wild Strike"],"picked":"Singing Bowl","floor":46},{"not_picked":["Bandage Up","Good Instincts"],"picked":"Trip","floor":47},{"not_picked":["Magnetism","Dramatic Entrance","Discovery"],"picked":"Singing Bowl","floor":47},{"not_picked":["HandOfGreed","Magnetism"],"picked":"Secret Technique","floor":47},{"not_picked":["Clothesline+1","Sword Boomerang","Exhume"],"picked":"Singing Bowl","floor":48}],"player_experience":1339873,"relics_obtained":[{"floor":7.0,"key":"War Paint"},{"floor":10.0,"key":"Mercury Hourglass"},{"floor":23,"key":"Potion Belt"},{"floor":26,"key":"Pen Nib"},{"floor":31,"key":"Dream Catcher"},{"floor":34,"key":"Juzu Bracelet"},{"floor":34,"key":"Singing Bowl"},{"floor":34,"key":"TungstenRod"},{"floor":41,"key":"Self Forming Clay"},{"floor":43,"key":"InkBottle"},{"floor":45,"key":"StrikeDummy"},{"floor":48,"key":"CeramicFish"}],"event_choices":[{"damage_healed":0.0,"max_hp_gain":0.0,"max_hp_loss":0.0,"gold_gain":50.0,"event_name":"Golden Shrine","player_choice":"Pray","floor":3.0,"gold_loss":0.0,"damage_taken":0.0},{"cards_removed":["Strike_R"],"damage_healed":0,"gold_gain":0,"player_choice":"Gave Gold","damage_taken":0,"max_hp_gain":0,"max_hp_loss":0,"event_name":"Beggar","floor":22,"gold_loss":75},{"damage_healed":16,"gold_gain":0,"player_choice":"Heal","damage_taken":0,"max_hp_gain":0,"max_hp_loss":0,"event_name":"The Library","floor":24,"gold_loss":0},{"damage_healed":0,"gold_gain":0,"player_choice":"Obtained Relic","damage_taken":0,"relics_obtained":["Gremlin Horn"],"max_hp_gain":0,"max_hp_loss":0,"event_name":"Addict","floor":27,"gold_loss":85},{"damage_healed":0,"gold_gain":50,"player_choice":"Pray","damage_taken":0,"max_hp_gain":0,"max_hp_loss":0,"event_name":"Golden Shrine","floor":30,"gold_loss":0},{"damage_healed":0,"gold_gain":0,"player_choice":"Paid","damage_taken":0,"relics_obtained":["Red Mask"],"max_hp_gain":0,"max_hp_loss":0,"event_name":"Tomb of Lord Red Mask","floor":38,"gold_loss":53},{"damage_healed":71,"gold_gain":0,"player_choice":"Heal","damage_taken":0,"max_hp_gain":0,"max_hp_loss":15,"event_name":"The Moai Head","floor":42,"gold_loss":0},{"damage_healed":0,"gold_gain":0,"player_choice":"Memory 3","damage_taken":10,"max_hp_gain":0,"max_hp_loss":0,"event_name":"SensoryStone","floor":47,"gold_loss":0}],"is_beta":false,"boss_relics":[{"not_picked":["Astrolabe","Empty Cage"],"picked":"Fusion Hammer"},{"not_picked":["Black Star","Runic Cube"],"picked":"Calling Bell"}],"items_purged_floors":[13,37],"is_endless":false,"potions_floor_spawned":[2,4,10,12,20,23,29,36,44],"killed_by":"Donu and Deca","ascension_level":20}}