{"host":"ze754j8gfb8asmsl","time":1608364191,"event":{"mods":["BaseMod","Lobotomy","LobotomyExtend","Marisa（F雨　魔理沙）","Minty Spire (QoL Compilation)","Quick Restart","Relic Stats","Replay The Spire","RumiaBox-露米娅的神秘盒子","Shop Mod","StSLib","vexMod","【东方二次创作】八云紫mod","【功能Mod】混沌之环修复补丁","【遗物卡牌】REMEMod"],"gold_per_floor":[116,116,116,116,41,41,82,82,82,96,110,141,141,175,175,304,404,423,423,78,102,125,125,159,159,229,268,63,63,63,78,78,209,209,123,148,48,69,85,85,129,150,174,273,286,304,304,325,325,325],"floor_reached":51,"playtime":12375,"items_purged":["Defend_MRS","Decay"],"score":1416,"play_id":"b2824304-5fee-437f-a806-2995a41533b7","local_time":"20201219154951","is_ascension_mode":true,"campfire_choices":[{"data":"LoveAcrossDimensions_purple","floor":6.0,"key":"SMITH"},{"floor":15.0,"key":"REST"},{"floor":23.0,"key":"REST"},{"data":"MilkyWay","floor":29.0,"key":"SMITH"},{"floor":32.0,"key":"DIG"},{"floor":40,"key":"REST"},{"floor":49,"key":"REST"}],"circlet_count":0,"master_deck":["AscendersBane","Strike_MRS","Strike_MRS","Strike_MRS","Strike_MRS","Defend_MRS","Defend_MRS","Defend_MRS","MasterSpark","LoveAcrossDimensions_purple+1","PropBag+1","MysteriousBeam","6A","SuperNova","PowerUp+1","MysteriousBeam+1","StarBarrage","MilkyWay+1","PropBag+1","DoubleSpark+1","EscapeVelocity","Dramatic Entrance+1","WitchLeyline","REME_FirmDetermination","Mayhem","MillisecondPulsars+1","Bandage Up+1","REME_ProfessionalPlagiarism"],"relics":["MiniHakkero","REME_ComplimentaryCards","SlaversCollar","Sozu","Baka","Golden Idol","Replay:Wax Seal","MealTicket","Nunchaku","Replay:Wanted Poster","MerchantsRug","GodSword3","MagicBroom","Matryoshka","Centennial Puzzle","SimpleLauncher","Torii","Replay:Grab Bag","vexMod:CursedCompass","Philosopher\u0027s Stone","SoulBox","REME_LowDesire","ReplayTheSpireMod:TigerMarble","Regal Pillow","Replay:Multitool","MagicDraw2","Replay:Rubber Ducky"],"acts_visited":["Exordium","TheCity","TheBeyond"],"potions_floor_usage":[],"damage_taken":[{"damage":9.0,"enemies":"Small Slimes","floor":1.0,"turns":4.0},{"damage":0.0,"enemies":"Lagavulin","floor":7.0,"turns":4.0},{"damage":2.0,"enemies":"2 Louse","floor":10.0,"turns":2.0},{"damage":18.0,"enemies":"Cultist","floor":11.0,"turns":2.0},{"damage":0.0,"enemies":"Gremlin Nob","floor":12.0,"turns":3.0},{"damage":23.0,"enemies":"3 Sentries","floor":14.0,"turns":6.0},{"damage":17.0,"enemies":"Hexaghost","floor":16.0,"turns":5.0},{"damage":25.0,"enemies":"2 Thieves","floor":18.0,"turns":3.0},{"damage":28.0,"enemies":"3 Byrds","floor":21.0,"turns":2.0},{"damage":20.0,"enemies":"Snake Plant","floor":22.0,"turns":3.0},{"damage":8.0,"enemies":"REME_1_Revenger","floor":24.0,"turns":3.0},{"damage":0.0,"enemies":"Gremlin Leader","floor":27.0,"turns":4.0},{"damage":12.0,"enemies":"3 Cultists","floor":31.0,"turns":3.0},{"damage":20.0,"enemies":"Automaton","floor":33.0,"turns":5.0},{"damage":1.0,"enemies":"3 Shapes","floor":35.0,"turns":3.0},{"damage":48.0,"enemies":"3 Darklings","floor":36.0,"turns":3.0},{"damage":26,"enemies":"Jaw Worm Horde","floor":38,"turns":4},{"damage":0,"enemies":"Sphere and 2 Shapes","floor":39,"turns":3},{"damage":2,"enemies":"Reptomancer","floor":41,"turns":3},{"damage":13,"enemies":"Transient","floor":42,"turns":5},{"damage":4,"enemies":"R_Hoarder","floor":44,"turns":4},{"damage":13,"enemies":"Jaw Worm Horde","floor":45,"turns":3},{"damage":1,"enemies":"Maw","floor":46,"turns":5},{"damage":19,"enemies":"Transient","floor":48,"turns":5},{"damage":0,"enemies":"Awakened One","floor":50,"turns":5}],"seed_played":"-3652255131639927397","potions_obtained":[],"is_trial":false,"path_per_floor":["M","?","?","?","$","R","E","?","T","M","M","E","?","E","R","B",null,"M","?","$","M","M","R","E","?","T","E","$","R","?","M","R","B",null,"M","M","$","M","M","R","E","M","T","E","M","M","R","M","R","B",null],"character_chosen":"MARISA","items_purchased":["MerchantsRug","GodSword3","SimpleLauncher"],"campfire_rested":4,"item_purchase_floors":[20,20,28],"current_hp_per_floor":[59,59,59,59,59,59,59,59,59,57,55,55,55,32,54,37,66,41,41,56,28,8,30,22,29,29,29,44,44,44,32,32,12,59,58,22,37,11,11,48,46,33,33,34,21,26,63,54,75,75],"gold":325,"neow_bonus":"DOUBLE_BOSS_RELIC","is_daily":false,"chose_seed":false,"campfire_upgraded":2,"win_rate":0.0,"timestamp":1608364191,"path_taken":["M","?","?","?","$","R","E","?","T","M","M","E","?","E","R","BOSS","M","?","$","M","?","R","E","?","T","E","?","R","?","M","R","BOSS","M","?","$","M","M","R","E","M","T","E","M","?","R","?","R","BOSS"],"items_purchased_type":["Relic","Relic","Relic"],"build_version":"2020-12-13","purchased_purges":2,"victory":true,"max_hp_per_floor":[75,75,75,75,75,75,75,75,75,75,75,75,75,75,75,75,75,75,75,75,75,75,75,75,75,75,75,75,75,75,75,75,75,75,75,75,75,75,75,75,75,75,75,75,75,75,75,75,75,75],"relic_stats":{"Sozu":10,"Nunchaku":[27],"Centennial Puzzle":[24],"Regal Pillow":30,"Torii":4,"counters":[25,91],"Golden Idol":183,"MealTicket":45,"obtain_stats":[{"AmplifyWand":11,"Regal Pillow":34,"Gremlin Horn":27,"Torii":32,"SoulBox":34,"Replay:Multitool":41,"MagicDraw2":43,"Replay:Rubber Ducky":44,"Sozu":0,"Replay:Wanted Poster":17,"Nunchaku":14,"Centennial Puzzle":27,"Matryoshka":26,"Sundial":7,"Mummified Hand":14,"MealTicket":12,"Philosopher\u0027s Stone":34,"Kunai":7,"Replay:Wax Seal":9,"REME_LowDesire":34,"SimpleLauncher":28,"Potion Belt":19,"MerchantsRug":20,"MagicBroom":24,"Golden Idol":3,"Blue Candle":12,"Replay:Grab Bag":34,"Baka":1,"Letter Opener":33,"Mercury Hourglass":22,"SlaversCollar":0,"Replay:Baseball":7,"Shuriken":18,"Ornamental Fan":22,"vexMod:CursedCompass":34,"ReplayTheSpireMod:TigerMarble":34,"MiniHakkero":0,"GodSword3":20,"REME_ComplimentaryCards":0,"Meat on the Bone":11},{"AmplifyWand":4,"Regal Pillow":14,"Gremlin Horn":12,"Torii":13,"SoulBox":14,"Replay:Multitool":19,"MagicDraw2":20,"Replay:Rubber Ducky":21,"Sozu":0,"Replay:Wanted Poster":7,"Nunchaku":6,"Centennial Puzzle":12,"Matryoshka":11,"Sundial":2,"Mummified Hand":6,"MealTicket":5,"Philosopher\u0027s Stone":14,"Kunai":2,"Replay:Wax Seal":2,"REME_LowDesire":14,"SimpleLauncher":12,"Potion Belt":8,"MerchantsRug":8,"MagicBroom":11,"Golden Idol":1,"Blue Candle":5,"Replay:Grab Bag":14,"Baka":1,"Letter Opener":14,"Mercury Hourglass":10,"SlaversCollar":0,"Replay:Baseball":2,"Shuriken":8,"Ornamental Fan":10,"vexMod:CursedCompass":14,"ReplayTheSpireMod:TigerMarble":14,"MiniHakkero":0,"GodSword3":8,"REME_ComplimentaryCards":0,"Meat on the Bone":4},{"AmplifyWand":11,"Regal Pillow":48,"Gremlin Horn":38,"Torii":43,"SoulBox":48,"Replay:Multitool":64,"MagicDraw2":69,"Replay:Rubber Ducky":73,"Sozu":0,"Replay:Wanted Poster":26,"Nunchaku":21,"Centennial Puzzle":41,"Matryoshka":37,"Sundial":6,"Mummified Hand":16,"MealTicket":15,"Philosopher\u0027s Stone":48,"Kunai":6,"Replay:Wax Seal":8,"REME_LowDesire":48,"SimpleLauncher":41,"Potion Belt":29,"MerchantsRug":29,"MagicBroom":37,"Golden Idol":4,"Blue Candle":13,"Replay:Grab Bag":48,"Baka":4,"Letter Opener":44,"Mercury Hourglass":32,"SlaversCollar":0,"Replay:Baseball":8,"Shuriken":27,"Ornamental Fan":32,"vexMod:CursedCompass":48,"ReplayTheSpireMod:TigerMarble":48,"MiniHakkero":0,"GodSword3":29,"REME_ComplimentaryCards":0,"Meat on the Bone":11}]},"card_choices":[{"not_picked":["ShootingEcho","GravityBeat"],"picked":"MachineGunSpark","floor":1.0},{"not_picked":["MagicChant","SporeBomb"],"picked":"MysteriousBeam","floor":7.0},{"not_picked":["MeteoricShower","DeepEcoloBomb","SuperPerseids"],"picked":"SKIP","floor":10.0},{"not_picked":["DeepEcoloBomb","SporeBomb"],"picked":"6A","floor":11.0},{"not_picked":["GasGiant","LuminesStrike","6A"],"picked":"SKIP","floor":12.0},{"not_picked":["IllusionStar","GalacticHalo","SporeBomb"],"picked":"SKIP","floor":14.0},{"not_picked":["MaximisePower","AbsoluteMagnitude"],"picked":"SuperNova","floor":16.0},{"not_picked":["EnergyFlow","IllusionStar+1"],"picked":"PowerUp+1","floor":18.0},{"not_picked":["DeepEcoloBomb","DarkSpark"],"picked":"MysteriousBeam+1","floor":21.0},{"not_picked":["EventHorizon","AlicesGift"],"picked":"StarBarrage","floor":22.0},{"not_picked":["DC","ShootingEcho+1"],"picked":"MilkyWay","floor":24.0},{"not_picked":["WitchLeyline","GalacticHalo+1"],"picked":"PropBag+1","floor":27.0},{"not_picked":["PowerUp","AsteroidBelt"],"picked":"DoubleSpark+1","floor":31.0},{"not_picked":["TreasureHunter","UltimateShortwave"],"picked":"EscapeVelocity","floor":33.0},{"not_picked":["DeepEcoloBomb+1","MeteoricShower+1","MysteriousBeam"],"picked":"Dramatic Entrance+1","floor":35.0},{"not_picked":["EventHorizon+1","DoubleSpark+1","Deep Breath+1"],"picked":"WitchLeyline","floor":36.0},{"not_picked":["GravityBeat+1","AlicesGift","Acceleration"],"picked":"Crow Ritual","floor":38},{"not_picked":["LuminesStrike","ShootingEcho+1","MysteriousBeam"],"picked":"REME_FirmDetermination","floor":39},{"not_picked":["GrandCross","ShootingEcho","BigCrunch","Transmutation"],"picked":"SKIP","floor":41},{"not_picked":["WitchLeyline+1","SporeBomb+1","DC+1"],"picked":"Mayhem","floor":42},{"not_picked":["ShootingEcho","SporeBomb+1","Survey Options"],"picked":"MillisecondPulsars","floor":44},{"not_picked":["WitchLeyline+1","MilkyWay","NonDirectionalLaser"],"picked":"Bandage Up+1","floor":45},{"not_picked":["PulseMagic+1","MillisecondPulsars","Occultation"],"picked":"REME_ProfessionalPlagiarism","floor":46},{"not_picked":["NonDirectionalLaser+1","Acceleration+1","6A+1","REME_AllRoundStrike"],"picked":"SKIP","floor":48}],"player_experience":116066,"relics_obtained":[{"floor":1.0,"key":"Baka"},{"floor":7.0,"key":"Replay:Baseball"},{"floor":9.0,"key":"Replay:Wax Seal"},{"floor":12.0,"key":"MealTicket"},{"floor":14.0,"key":"Nunchaku"},{"floor":24.0,"key":"MagicBroom"},{"floor":26.0,"key":"Matryoshka"},{"floor":27.0,"key":"Centennial Puzzle"},{"floor":32.0,"key":"Torii"},{"floor":34.0,"key":"ReplayTheSpireMod:TigerMarble"},{"floor":34.0,"key":"Regal Pillow"},{"floor":41,"key":"Replay:Multitool"},{"floor":43,"key":"MagicDraw2"},{"floor":44,"key":"Replay:Rubber Ducky"}],"event_choices":[{"damage_healed":0.0,"max_hp_gain":0.0,"max_hp_loss":0.0,"gold_gain":0.0,"event_name":"Golden Idol","player_choice":"Take Wound","floor":3.0,"gold_loss":0.0,"damage_taken":0.0,"relics_obtained":["Golden Idol"],"cards_obtained":["Injury"]},{"cards_removed":["Injury"],"damage_healed":0.0,"max_hp_gain":0.0,"max_hp_loss":0.0,"gold_gain":0.0,"event_name":"Living Wall","player_choice":"Forget","floor":4.0,"gold_loss":0.0,"damage_taken":0.0},{"damage_healed":0.0,"max_hp_gain":0.0,"max_hp_loss":0.0,"gold_gain":0.0,"event_name":"Liars Game","player_choice":"Ignored","floor":8.0,"gold_loss":0.0,"damage_taken":0.0},{"damage_healed":0.0,"max_hp_gain":0.0,"max_hp_loss":0.0,"gold_gain":0.0,"event_name":"Wheel of Change","player_choice":"Cursed","floor":13.0,"gold_loss":0.0,"damage_taken":0.0,"cards_obtained":["Decay"]},{"cards_removed":["MachineGunSpark"],"damage_healed":0.0,"max_hp_gain":0.0,"max_hp_loss":0.0,"gold_gain":0.0,"event_name":"WeMeetAgain","player_choice":"Gave Card","floor":19.0,"gold_loss":0.0,"damage_taken":0.0,"relics_obtained":["Potion Belt"]},{"damage_healed":0.0,"max_hp_gain":0.0,"max_hp_loss":0.0,"gold_gain":0.0,"event_name":"Match and Keep!","player_choice":"0 cards matched","floor":30.0,"gold_loss":0.0,"damage_taken":0.0,"cards_obtained":[]}],"is_beta":false,"boss_relics":[{"not_picked":["Astrolabe","Velvet Choker"],"picked":"Replay:Wanted Poster"},{"not_picked":["Tiny House","Pandora\u0027s Box"],"picked":"Replay:Grab Bag"},{"not_picked":["vexMod:DeviousBotling","Runic Dome"],"picked":"vexMod:CursedCompass"},{"not_picked":["vexMod:EndlessSickness","vexMod:RockOfEvil"],"picked":"Philosopher\u0027s Stone"},{"not_picked":["EasyGame_NEW","Empty Cage"],"picked":"SoulBox"},{"not_picked":["Kintsugi","Snecko Eye"],"picked":"REME_LowDesire"}],"items_purged_floors":[5,37],"is_endless":false,"potions_floor_spawned":[10,11,14,16,21,33,38,39,42,48],"ascension_level":11}}