{"host":"eqn7luyqlbzuqhgd","time":1608402842,"event":{"mods":["2.2 Compatiblity","Act Like it!","BaseMod","CapriCore","Friendly Minions","Gensokyo","Hermit","Koishi","KomeijiMod","Marisa£¨Ùöéë¡¡Øª×âÞÞ£©","Minty Spire (QoL Compilation)","Reimu£¨ÚÏ???£©","StSLib","The Cursed","The Dragon Tamer","The Gatherer","The Immortal","The Poker Player"],"gold_per_floor":[113,13,13,93,0,0,44,44,95,95,95,95,128,145,145,267,267,303,303,85,85,125,125,159,159,205,234,325,325,339,339,339,462,462,969,1062,249,264,264,264,316,332,332,29,129,129,129,55,55,55],"floor_reached":51,"playtime":3111,"items_purged":["Strike_MRS","Defend_MRS","Strike_MRS","Poor:ReiMu"],"score":873,"play_id":"7a81a27c-d142-4731-b89b-c31412009b30","local_time":"20201220033402","is_ascension_mode":true,"campfire_choices":[{"data":"WitchOfGreed","floor":6.0,"key":"SMITH"},{"data":"RefractionSpark","floor":8.0,"key":"SMITH"},{"data":"Gensokyo:CrescentMoonSlash","floor":15.0,"key":"SMITH"},{"data":"EscapeVelocity","floor":25.0,"key":"SMITH"},{"floor":29.0,"key":"REST"},{"data":"Gensokyo:FourOfAKind","floor":32.0,"key":"SMITH"},{"data":"Gensokyo:FourOfAKind","floor":40.0,"key":"SMITH"},{"data":"EventHorizon","floor":49.0,"key":"SMITH"}],"circlet_count":0,"master_deck":["Strike_MRS+1","Strike_MRS+1","Defend_MRS","Defend_MRS","Defend_MRS","MasterSpark","UpSweep","LuminesStrike","GalacticHalo","Gensokyo:CrescentMoonSlash+1","Parasite","Parasite","MachineGunSpark","PowerUp","EscapeVelocity+1","GrandCross+1","Gensokyo:FourOfAKind+1","Gensokyo:FourOfAKind","Gensokyo:FourOfAKind","Gensokyo:FourOfAKind+1","EventHorizon+1","GalacticHalo","MysteriousBeam","AsteroidBelt","Gensokyo:ShootingStar","MillisecondPulsars","Occultation+1","ShootingEcho","Mind Blast","DoubleSpark+1","MysteriousBeam","Acceleration","GalacticHalo"],"relics":["MiniHakkero","NeowsBlessing","Gensokyo:MarisaImprobabilityPotion","Whetstone","Gensokyo:OccultBall","Gensokyo:NagashiBinaDoll","ShroomBag","Cursed Key","Gensokyo:RedStar","Juzu Bracelet","Orichalcum","Kunai","RedLine:ReiMu","Mastiff:ReiMu","Darkstone Periapt","NitorisBag","PreservedInsect","Blue Candle","Medical Kit"],"acts_visited":["Gensokyo:Gensokyo","Gensokyo:Gensokyoer","TheBeyond"],"potions_floor_usage":[50,50],"damage_taken":[{"damage":0.0,"enemies":"Gensokyo:3_Fairies","floor":1.0,"turns":1.0},{"damage":0.0,"enemies":"Gensokyo:2_Kodama","floor":7.0,"turns":3.0},{"damage":0.0,"enemies":"Gensokyo:Aya","floor":13.0,"turns":1.0},{"damage":0.0,"enemies":"Gensokyo:Python","floor":14.0,"turns":2.0},{"damage":56.0,"enemies":"Gensokyo:Reimu","floor":16.0,"turns":8.0},{"damage":0.0,"enemies":"Gensokyo:Chomper","floor":18.0,"turns":3.0},{"damage":0.0,"enemies":"Gensokyo:CosmicMonolith","floor":22.0,"turns":3.0},{"damage":18.0,"enemies":"Gensokyo:Reisen","floor":24.0,"turns":4.0},{"damage":18.0,"enemies":"Gensokyo:Tenshi","floor":27.0,"turns":3.0},{"damage":0.0,"enemies":"Gensokyo:3_Gloops","floor":28.0,"turns":3.0},{"damage":0.0,"enemies":"Gensokyo:Mirror_and_Dog","floor":30.0,"turns":3.0},{"damage":14.0,"enemies":"Gensokyo:Kaguya","floor":33.0,"turns":8.0},{"damage":45.0,"enemies":"3 Shapes","floor":35.0,"turns":6.0},{"damage":0.0,"enemies":"Orb Walker","floor":36.0,"turns":3.0},{"damage":1.0,"enemies":"Spire Growth","floor":38.0,"turns":4.0},{"damage":0.0,"enemies":"Giant Head","floor":41.0,"turns":8.0},{"damage":0.0,"enemies":"3 Darklings","floor":42.0,"turns":4.0},{"damage":17,"enemies":"Awakened One","floor":50,"turns":3}],"seed_played":"-6674362975143185959","potions_obtained":[{"floor":7.0,"key":"RedTea"},{"floor":13.0,"key":"Energy Potion"},{"floor":14.0,"key":"LiquidMemories"},{"floor":18.0,"key":"Strength Potion"},{"floor":22.0,"key":"ZuzhouPotion:ReiMu"},{"floor":28.0,"key":"ColorlessPotion"},{"floor":28.0,"key":"BlessingOfTheForge"},{"floor":28.0,"key":"CultistPotion"},{"floor":30.0,"key":"Weak Potion"},{"floor":35.0,"key":"SkillPotion"},{"floor":35.0,"key":"Swift Potion"},{"floor":38.0,"key":"BlessingOfTheForge"},{"floor":41.0,"key":"EssenceOfSteel"},{"floor":42.0,"key":"CultistPotion"}],"is_trial":false,"path_per_floor":["M","$","?","?","$","R","M","R","T","?","?","?","E","M","R","B",null,"M","?","$","?","M","R","E","R","T","E","M","R","M","?","R","B",null,"M","M","$","M","?","R","E","M","T","$","?","$","?","$","R","B",null],"character_chosen":"MARISA","items_purchased":["WitchOfGreed","WitchOfGreed","RefractionSpark","EventHorizon","GalacticHalo","ShootingEcho","Mastiff:ReiMu","Darkstone Periapt","NitorisBag","Mind Blast","Medical Kit","Acceleration","GalacticHalo"],"campfire_rested":1,"item_purchase_floors":[2,5,5,20,20,37,37,37,37,37,44,48,48],"current_hp_per_floor":[75,75,75,75,75,75,75,75,75,75,68,68,68,70,70,18,75,75,53,53,53,53,53,35,35,35,19,23,38,40,40,40,43,53,24,24,24,29,29,29,41,53,59,59,59,59,59,59,59,44],"gold":55,"neow_bonus":"THREE_ENEMY_KILL","is_daily":false,"chose_seed":false,"campfire_upgraded":7,"win_rate":0.0,"timestamp":1608402842,"path_taken":["M","$","?","?","$","R","?","R","T","?","?","?","E","?","R","BOSS","M","?","$","?","?","R","E","R","T","E","M","R","M","?","R","BOSS","M","M","$","M","?","R","E","M","T","$","?","?","?","$","R","BOSS"],"items_purchased_type":["Card","Card","Card","Card","Card","Card","Relic","Relic","Relic","Card","Relic","Card","Card"],"build_version":"2020-12-13","purchased_purges":4,"victory":true,"max_hp_per_floor":[75,75,75,75,75,75,75,75,75,75,75,75,75,75,75,75,75,75,53,53,53,53,53,53,53,53,53,53,53,53,53,53,53,53,53,53,53,53,53,53,53,53,59,59,59,59,59,59,59,59],"card_choices":[{"not_picked":["SporeBomb","DC"],"picked":"LuminesStrike","floor":1.0},{"not_picked":["WitchOfGreed","GravityBeat"],"picked":"GalacticHalo","floor":7.0},{"not_picked":["IllusionStar","DC"],"picked":"MachineGunSpark","floor":13.0},{"not_picked":["OpenUniverse","PropBag"],"picked":"PowerUp","floor":14.0},{"not_picked":["MaximisePower","BlazingStar"],"picked":"EscapeVelocity","floor":16.0},{"not_picked":["MagicChant+1","ManaConvection+1"],"picked":"GrandCross+1","floor":18.0},{"not_picked":["DeepEcoloBomb","GravityBeat","NonDirectionalLaser"],"picked":"SKIP","floor":22.0},{"not_picked":["SuperNova","EventHorizon+1"],"picked":"MysteriousBeam","floor":24.0},{"not_picked":["6A","WitchOfGreed"],"picked":"AsteroidBelt","floor":27.0},{"not_picked":["NonDirectionalLaser","DoubleSpark"],"picked":"DragonMeteor","floor":28.0},{"not_picked":["PowerUp","CasketOfStar","DC"],"picked":"SKIP","floor":30.0},{"not_picked":[],"picked":"Gensokyo:ShootingStar","floor":33.0},{"not_picked":["BigCrunch","EscapeVelocity"],"picked":"MillisecondPulsars","floor":33.0},{"not_picked":["WitchOfGreed+1","DC+1"],"picked":"Occultation+1","floor":35.0},{"not_picked":["MysteriousBeam+1","MachineGunSpark+1","DC+1"],"picked":"SKIP","floor":36.0},{"not_picked":["DC","Robbery","DoubleSpark+1"],"picked":"SKIP","floor":38.0},{"not_picked":["DC","Robbery"],"picked":"DoubleSpark+1","floor":38.0},{"not_picked":["RefractionSpark+1","BigCrunch"],"picked":"MysteriousBeam","floor":41.0},{"not_picked":["DoubleSpark","PulseMagic+1","OrrerysSun+1"],"picked":"SKIP","floor":42.0}],"player_experience":766069,"relics_obtained":[{"floor":9.0,"key":"Whetstone"},{"floor":13.0,"key":"ShroomBag"},{"floor":16.0,"key":"Gensokyo:OccultBall"},{"floor":24.0,"key":"Juzu Bracelet"},{"floor":26.0,"key":"Orichalcum"},{"floor":27.0,"key":"Kunai"},{"floor":33.0,"key":"Gensokyo:OccultBall"},{"floor":36.0,"key":"Gensokyo:OccultBall"},{"floor":41.0,"key":"PreservedInsect"},{"floor":42.0,"key":"Gensokyo:OccultBall"},{"floor":43.0,"key":"Blue Candle"}],"event_choices":[{"cards_removed":["DragonMeteor"],"damage_healed":0.0,"max_hp_gain":0.0,"max_hp_loss":0.0,"gold_gain":0.0,"event_name":"Wheel of Change","player_choice":"Card Removal","floor":39.0,"gold_loss":0.0,"damage_taken":0.0},{"damage_healed":0.0,"max_hp_gain":0.0,"max_hp_loss":0.0,"gold_gain":100.0,"event_name":"Golden Shrine","player_choice":"Pray","floor":45.0,"gold_loss":0.0,"damage_taken":0.0},{"cards_removed":["WitchOfGreed"],"damage_healed":0.0,"max_hp_gain":0.0,"max_hp_loss":0.0,"gold_gain":0.0,"event_name":"Falling","player_choice":"Removed Power","floor":47.0,"gold_loss":0.0,"damage_taken":0.0}],"is_beta":false,"boss_relics":[{"not_picked":["Tiny House","Pandora\u0027s Box"],"picked":"Cursed Key"},{"not_picked":["Calling Bell","Astrolabe"],"picked":"RedLine:ReiMu"}],"items_purged_floors":[2,20,37,44],"is_endless":false,"potions_floor_spawned":[13,14,22,30,38,42],"ascension_level":2}}