{"host":"6fbjdsiu9jij34p7","time":1608390577,"event":{"mods":["2.2 Compatiblity","AchievementEnabler","BaseMod","Colored Map","DeckTracker","Highlight Path","Keyboard Shortcuts","Minty Spire (QoL Compilation)","Permanent Neow","Quick Restart","StSLib","SuperFastMode"],"gold_per_floor":[119,138,138,150,173,185,197,233,270,282,192,13,13,28,28,158,158,172,172,187,41,66,66,66,104,104,104,104,147,147,162,162,162,162],"floor_reached":33,"playtime":703,"items_purged":["Armaments"],"score":369,"play_id":"91ca4285-0149-47ab-8ec7-d73f3da99c25","local_time":"20201220000937","is_ascension_mode":true,"campfire_choices":[{"data":"Infernal Blade","floor":6.0,"key":"SMITH"},{"floor":13.0,"key":"REST"},{"data":"Heavy Blade","floor":15.0,"key":"SMITH"},{"floor":23.0,"key":"REST"},{"data":"Heavy Blade","floor":24.0,"key":"SMITH"},{"floor":28.0,"key":"REST"},{"floor":30.0,"key":"REST"},{"floor":32.0,"key":"REST"}],"circlet_count":0,"master_deck":["Strike_R","Strike_R","Strike_R","Strike_R","Defend_R","Defend_R","Defend_R","Defend_R","Bash","Infernal Blade+1","Cleave","Armaments+1","Heavy Blade+1","Spot Weakness+1","CurseOfTheBell","Infernal Blade+1","Shrug It Off+1","Heavy Blade+1","Thunderclap","Demon Form","Whirlwind","Heavy Blade"],"relics":["Burning Blood","Art of War","MawBank","Golden Idol","Oddly Smooth Stone","Toxic Egg 2","Red Skull","Calling Bell","Centennial Puzzle","Shuriken","WingedGreaves","Sling","The Courier","Bottled Flame","Ginger"],"acts_visited":["Exordium","TheCity"],"potions_floor_usage":[33,33,33],"damage_taken":[{"damage":13.0,"enemies":"Small Slimes","floor":1.0,"turns":5.0},{"damage":5.0,"enemies":"2 Louse","floor":2.0,"turns":4.0},{"damage":0.0,"enemies":"Jaw Worm","floor":5.0,"turns":3.0},{"damage":17.0,"enemies":"2 Fungi Beasts","floor":8.0,"turns":4.0},{"damage":13.0,"enemies":"Large Slime","floor":14.0,"turns":5.0},{"damage":22.0,"enemies":"The Guardian","floor":16.0,"turns":6.0},{"damage":22.0,"enemies":"Shell Parasite","floor":18.0,"turns":4.0},{"damage":6.0,"enemies":"Chosen","floor":20.0,"turns":4.0},{"damage":20.0,"enemies":"Snake Plant","floor":22.0,"turns":5.0},{"damage":25.0,"enemies":"Book of Stabbing","floor":25.0,"turns":4.0},{"damage":40.0,"enemies":"Slavers","floor":29.0,"turns":4.0},{"damage":20.0,"enemies":"Centurion and Healer","floor":31.0,"turns":7.0},{"damage":84,"enemies":"Automaton","floor":33,"turns":6}],"seed_played":"-1292224626984831913","potions_obtained":[{"floor":5.0,"key":"SkillPotion"},{"floor":8.0,"key":"DuplicationPotion"},{"floor":16.0,"key":"SkillPotion"},{"floor":22.0,"key":"Fruit Juice"},{"floor":25.0,"key":"GamblersBrew"},{"floor":29.0,"key":"LiquidBronze"},{"floor":31.0,"key":"Explosive Potion"}],"is_trial":false,"path_per_floor":["M","M","?","?","M","R","?","M","T","?","$","$","R","M","R","B",null,"M","?","M","$","M","R","R","E","T","?","R","E","R","M","R","B"],"character_chosen":"IRONCLAD","items_purchased":["Armaments+1","Red Skull","Heavy Blade","Sling"],"campfire_rested":5,"item_purchase_floors":[11,12,12,21],"current_hp_per_floor":[65,66,66,66,72,72,52,41,41,38,38,38,62,55,55,39,70,54,54,54,54,40,64,64,45,45,45,69,40,65,51,76,0,0],"gold":162,"neow_bonus":"RANDOM_COMMON_RELIC","is_daily":false,"chose_seed":false,"campfire_upgraded":3,"win_rate":0.0,"timestamp":1608390577,"path_taken":["M","M","?","?","?","R","?","M","T","?","?","$","R","M","R","BOSS","M","?","M","$","M","R","R","E","T","?","R","E","R","?","R","BOSS"],"items_purchased_type":["Card","Relic","Card","Relic"],"build_version":"2020-12-13","purchased_purges":1,"victory":false,"max_hp_per_floor":[80,80,80,80,80,80,80,80,80,80,80,80,80,80,80,80,80,80,80,80,80,80,80,80,80,80,80,80,85,85,85,85,85,85],"card_choices":[{"not_picked":["Wild Strike","Burning Pact"],"picked":"Armaments","floor":1.0},{"not_picked":["Metallicize","True Grit"],"picked":"Infernal Blade","floor":2.0},{"not_picked":["Sword Boomerang","Power Through"],"picked":"Cleave","floor":5.0},{"not_picked":["Searing Blow","Iron Wave","Dual Wield"],"picked":"SKIP","floor":8.0},{"not_picked":["Seeing Red+1","Intimidate+1"],"picked":"Spot Weakness+1","floor":14.0},{"not_picked":["Reckless Charge+1","Perfected Strike+1"],"picked":"Infernal Blade+1","floor":18.0},{"not_picked":["Perfected Strike","Havoc+1"],"picked":"Shrug It Off+1","floor":20.0},{"not_picked":["Feel No Pain","Barricade"],"picked":"Heavy Blade","floor":22.0},{"not_picked":["Anger+1","Perfected Strike"],"picked":"Thunderclap","floor":25.0},{"not_picked":["Havoc+1","Immolate"],"picked":"Whirlwind","floor":29.0},{"not_picked":["Thunderclap+1","Wild Strike"],"picked":"Heavy Blade","floor":31.0}],"player_experience":242166,"relics_obtained":[{"floor":9.0,"key":"Oddly Smooth Stone"},{"floor":17.0,"key":"Centennial Puzzle"},{"floor":17.0,"key":"Shuriken"},{"floor":17.0,"key":"WingedGreaves"},{"floor":25.0,"key":"The Courier"},{"floor":26.0,"key":"Bottled Flame"},{"floor":29.0,"key":"Ginger"}],"event_choices":[{"damage_healed":0.0,"max_hp_gain":0.0,"max_hp_loss":0.0,"gold_gain":0.0,"event_name":"Big Fish","player_choice":"Box","floor":3.0,"gold_loss":0.0,"damage_taken":0.0,"relics_obtained":["MawBank"],"cards_obtained":["Regret"]},{"cards_removed":["Regret"],"damage_healed":0.0,"max_hp_gain":0.0,"max_hp_loss":0.0,"gold_gain":0.0,"event_name":"Living Wall","player_choice":"Forget","floor":4.0,"gold_loss":0.0,"damage_taken":0.0},{"damage_healed":0.0,"max_hp_gain":0.0,"max_hp_loss":0.0,"gold_gain":0.0,"event_name":"Golden Idol","player_choice":"Take Damage","floor":7.0,"gold_loss":0.0,"damage_taken":20.0,"relics_obtained":["Golden Idol"]},{"damage_healed":0.0,"max_hp_gain":0.0,"max_hp_loss":0.0,"gold_gain":0.0,"event_name":"Scrap Ooze","player_choice":"Success","floor":10.0,"gold_loss":0.0,"damage_taken":3.0,"relics_obtained":["Toxic Egg 2"]},{"damage_healed":0.0,"max_hp_gain":0.0,"max_hp_loss":0.0,"gold_gain":0.0,"event_name":"Ghosts","player_choice":"Ignored","floor":19.0,"gold_loss":0.0,"damage_taken":0.0},{"damage_healed":0.0,"max_hp_gain":0.0,"max_hp_loss":0.0,"gold_gain":0.0,"cards_transformed":["Strike_R"],"event_name":"Transmorgrifier","player_choice":"Transformed","floor":27.0,"gold_loss":0.0,"damage_taken":0.0,"cards_obtained":["Demon Form"]}],"is_beta":false,"boss_relics":[{"not_picked":["Runic Cube","SlaversCollar"],"picked":"Calling Bell"}],"items_purged_floors":[11],"is_endless":false,"potions_floor_spawned":[5,8,16,22,25,29,31],"killed_by":"Automaton","ascension_level":7}}