{"host":"81h68oe4mr04pk3r","time":1608359945,"event":{"mods":["Act Like it!","Aspiration","BaseMod","BetterRewards","Colored Map","Colored Powertips","Conspire","Downfall","Hermit","Hubris","Infinite Spire","Jorbs\u0027s Wanderer Trilogy","Koishi","Lobotomy","LobotomyExtend","Marisa????????","Minty Spire (QoL Compilation)","Quick Restart","Reimu??????","Remilia??????","Replay The Spire","StSLib","The Bug Knight","The Construct","The Cursed","The Disciple","The Servant 0.9.4"],"gold_per_floor":[99,116,29,44,44,64,64,64,64,91,107,22,22,0,12,0,0],"floor_reached":16,"playtime":762,"items_purged":[],"score":100,"play_id":"84dda351-ffdd-4121-880a-8c1e85c18169","local_time":"20201218223905","is_ascension_mode":false,"campfire_choices":[{"floor":8,"key":"RECALL"}],"circlet_count":0,"master_deck":["Slimebound:Strike_Slimebound","Slimebound:Strike_Slimebound","Slimebound:Strike_Slimebound","Slimebound:Defend_Slimebound","Slimebound:Defend_Slimebound","Slimebound:Defend_Slimebound","Slimebound:Defend_Slimebound","Slimebound:Split","Slimebound:CorrosiveSpit","SpiderBud","Slimebound:Equalize","Slimebound:SlimeBarrage","Slimebound:AcidTongue","Slimebound:ViciousTackle","Slimebound:LeechEnergy","Slimebound:DisruptingSlam","Slimebound:HauntingLick","Slimebound:Schlurp","Slimebound:Equalize","Poor:ReiMu","Slimebound:SamplingLick","Slimebound:SlimeTap"],"relics":["RedLine:ReiMu","LetterFromLob","infinitespire:Cubic Diamond","MagicBullet_r","Garlic","YidongShenshe:ReiMu"],"acts_visited":["Exordium"],"potions_floor_usage":[12],"damage_taken":[{"damage":16,"enemies":"Cultist","floor":2,"turns":5},{"damage":4,"enemies":"downfall:FleeingMerchant","floor":3,"turns":4},{"damage":9,"enemies":"2 Louse","floor":4,"turns":2},{"damage":19,"enemies":"Small Slimes","floor":6,"turns":4},{"damage":32,"enemies":"Gremlin Nob","floor":10,"turns":4},{"damage":4,"enemies":"Exordium Wildlife","floor":11,"turns":3},{"damage":7,"enemies":"downfall:FleeingMerchant","floor":12,"turns":4},{"damage":4,"enemies":"downfall:FleeingMerchant","floor":14,"turns":4},{"damage":7,"enemies":"Lots of Slimes","floor":15,"turns":3},{"damage":30,"enemies":"downfall:Watcher","floor":16,"turns":5}],"seed_played":"-6771633902233480179","potions_obtained":[{"floor":4,"key":"Swift Potion"},{"floor":6,"key":"DistilledChaos"}],"is_trial":false,"path_per_floor":["R_BF","M","$","M","?","M","T","R","M","E","M","$","?","$","M","B"],"character_chosen":"SLIMEBOUND","items_purchased":["Slimebound:AcidTongue","Slimebound:Equalize"],"campfire_rested":0,"item_purchase_floors":[3,12],"current_hp_per_floor":[60,48,52,49,49,36,36,36,36,12,14,15,15,23,22,0,0],"gold":0,"neow_bonus":"BOSS_RELIC","is_daily":false,"chose_seed":false,"campfire_upgraded":0,"win_rate":0.0,"timestamp":1608359945,"path_taken":["R_BF","M","$","M","?","M","T","R","M","E","M","$","?","?","M","BOSS"],"items_purchased_type":["Card","Card"],"build_version":"2020-12-13","purchased_purges":0,"victory":false,"max_hp_per_floor":[60,60,60,60,60,60,60,60,60,60,60,60,60,60,60,60,60],"card_choices":[{"not_picked":["Slimebound:SplitLeeching","Slimebound:FinishingTackle"],"picked":"Slimebound:Equalize","floor":2},{"not_picked":["Slimebound:TongueLash","Slimebound:FormOfPuddle"],"picked":"Slimebound:SlimeBarrage","floor":3},{"not_picked":["Slimebound:GrowthPunch","Slimebound:SlimeBarrage"],"picked":"Slimebound:ViciousTackle","floor":4},{"not_picked":["Slimebound:RollThrough","Slimebound:SlimeBarrage"],"picked":"Slimebound:LeechEnergy","floor":6},{"not_picked":["Slimebound:SplitBruiser","Slimebound:FinishingTackle"],"picked":"Slimebound:DisruptingSlam","floor":10},{"not_picked":["Slimebound:ViciousTackle","Slimebound:LivingWall"],"picked":"Slimebound:HauntingLick","floor":11},{"not_picked":["Slimebound:ComboTackle","Slimebound:SlimeBrawl"],"picked":"Slimebound:Schlurp","floor":12},{"not_picked":["Slimebound:GrowthPunch","Slimebound:LeechingTouch"],"picked":"Slimebound:SamplingLick","floor":14},{"not_picked":["Slimebound:AcidTongue","Slimebound:SpikyOuterGoop"],"picked":"Slimebound:SlimeTap","floor":15}],"player_experience":111208,"relics_obtained":[{"floor":2,"key":"LetterFromLob"},{"floor":10,"key":"Garlic"}],"event_choices":[{"cards_removed":["Slimebound:Tackle"],"damage_healed":0,"gold_gain":0,"player_choice":"Took Card","damage_taken":0,"max_hp_gain":0,"max_hp_loss":0,"event_name":"NoteForYourself","floor":1,"gold_loss":0,"cards_obtained":["SpiderBud"]},{"damage_healed":0,"gold_gain":0,"player_choice":"Take Tiny Shrine away","damage_taken":0,"relics_obtained":["YidongShenshe:ReiMu"],"max_hp_gain":0,"max_hp_loss":0,"event_name":"yidonshenshe","floor":13,"gold_loss":0,"cards_obtained":["Poor:ReiMu"]}],"is_beta":false,"boss_relics":[],"items_purged_floors":[],"is_endless":false,"potions_floor_spawned":[4,6],"killed_by":"downfall:Watcher","ascension_level":0}}