{"host":"xln8clu5n7caxmc3","time":1608404360,"event":{"mods":["AchievementEnabler","BaseMod","Better Altar","Better Match","Better Note","Better Sensory Stone","Better Skull","Better Third Choice","BetterRewards","Colored Map","Colored Powertips","Minty Spire (QoL Compilation)","Quick Restart","StSLib"],"gold_per_floor":[117,117,292,15,15,45,45,45,72,100,118,134,166,183,183,279,279,293,293,313,7,23,54,54,82,82,82,114,114,125,125,125,220,220,232,277,277,69,82,82,101,119,119,154,164,164,17,17,17,17,17,17,17,47,47],"floor_reached":56,"playtime":15624,"items_purged":["Well Laid Plans+1"],"score":1297,"play_id":"b1ae10f9-385d-4ee3-b191-76115d896755","local_time":"20201219195920","is_ascension_mode":true,"campfire_choices":[{"floor":8.0,"key":"RECALL"},{"data":"Infinite Blades","floor":15.0,"key":"SMITH"},{"floor":24.0,"key":"REST"},{"data":"Cloak And Dagger","floor":27.0,"key":"SMITH"},{"data":"Accuracy","floor":29.0,"key":"SMITH"},{"data":"Accuracy","floor":32.0,"key":"SMITH"},{"floor":40.0,"key":"REST"},{"floor":46.0,"key":"REST"},{"data":"Venomology","floor":49.0,"key":"SMITH"},{"data":"Panache","floor":52.0,"key":"SMITH"}],"circlet_count":0,"master_deck":["Survivor","Neutralize","Cloak And Dagger+1","Panache+1","Infinite Blades+1","Flash of Steel","Deflect","Accuracy+1","Bane","Accuracy+1","Backflip","Backflip","Escape Plan","Caltrops","Poisoned Stab","Accuracy+1","Caltrops","Deflect","Deflect","Venomology+1","Bullet Time","Dash","Choke","Tactician","Dash","Noxious Fumes+1","Outmaneuver","Blade Dance+1","Caltrops+1","Deflect","Cloak And Dagger+1","Outmaneuver","Venomology+1","Backstab+1","Infinite Blades+1","Writhe","After Image+1"],"relics":["Ring of the Snake","Membership Card","Oddly Smooth Stone","Toy Ornithopter","HornCleat","Runic Pyramid","Potion Belt","Centennial Puzzle","Gremlin Horn","Medical Kit","Mercury Hourglass","Dream Catcher","Frozen Egg 2","Matryoshka","Pandora\u0027s Box","Incense Burner","OrangePellets","PreservedInsect","Toxic Egg 2","Happy Flower","Ornamental Fan","Toolbox","Mummified Hand"],"acts_visited":["TheEnding"],"potions_floor_usage":[54,54,55,55,55,55,55,55,55],"damage_taken":[{"damage":7.0,"enemies":"2 Louse","floor":1.0,"turns":3.0},{"damage":20.0,"enemies":"3 Sentries","floor":6.0,"turns":8.0},{"damage":5.0,"enemies":"Lagavulin","floor":10.0,"turns":7.0},{"damage":0.0,"enemies":"Jaw Worm","floor":11.0,"turns":4.0},{"damage":0.0,"enemies":"Small Slimes","floor":12.0,"turns":3.0},{"damage":14.0,"enemies":"3 Sentries","floor":13.0,"turns":6.0},{"damage":2.0,"enemies":"3 Louse","floor":14.0,"turns":4.0},{"damage":26.0,"enemies":"The Guardian","floor":16.0,"turns":9.0},{"damage":6.0,"enemies":"3 Byrds","floor":18.0,"turns":5.0},{"damage":6.0,"enemies":"Shell Parasite","floor":20.0,"turns":6.0},{"damage":2.0,"enemies":"3 Cultists","floor":22.0,"turns":4.0},{"damage":3.0,"enemies":"Gremlin Leader","floor":23.0,"turns":7.0},{"damage":12.0,"enemies":"Slavers","floor":25.0,"turns":4.0},{"damage":9.0,"enemies":"Gremlin Leader","floor":28.0,"turns":6.0},{"damage":3.0,"enemies":"Snecko","floor":30.0,"turns":5.0},{"damage":29.0,"enemies":"Collector","floor":33.0,"turns":9.0},{"damage":25.0,"enemies":"Orb Walker","floor":35.0,"turns":4.0},{"damage":17.0,"enemies":"2 Orb Walkers","floor":36.0,"turns":5.0},{"damage":0.0,"enemies":"3 Darklings","floor":39.0,"turns":3.0},{"damage":0.0,"enemies":"Spire Growth","floor":41.0,"turns":4.0},{"damage":0.0,"enemies":"Maw","floor":42.0,"turns":5.0},{"damage":13.0,"enemies":"Nemesis","floor":44.0,"turns":5.0},{"damage":0.0,"enemies":"Jaw Worm Horde","floor":45.0,"turns":4.0},{"damage":6.0,"enemies":"Awakened One","floor":50.0,"turns":8.0},{"damage":12,"enemies":"Shield and Spear","floor":54,"turns":4},{"damage":6,"enemies":"The Heart","floor":55,"turns":5}],"seed_played":"7552957366955327839","potions_obtained":[{"floor":11.0,"key":"Swift Potion"},{"floor":12.0,"key":"BlessingOfTheForge"},{"floor":16.0,"key":"PowerPotion"},{"floor":22.0,"key":"SmokeBomb"},{"floor":23.0,"key":"SneckoOil"},{"floor":28.0,"key":"Weak Potion"},{"floor":36.0,"key":"Ancient Potion"},{"floor":41.0,"key":"Poison Potion"}],"is_trial":false,"path_per_floor":["M","?","?","$","?","E","?","R","T","E","M","M","E","M","R","B",null,"M","?","M","$","M","E","R","E","T","R","E","R","M","?","R","B",null,"M","?","?","$","M","R","M","M","T","E","M","R","$","?","R","B",null,"R","$","E","B",null],"character_chosen":"THE_SILENT","items_purchased":["Membership Card","Panache","Infinite Blades","Gremlin Horn","Escape Plan","Medical Kit","Caltrops","Poisoned Stab","OrangePellets","PreservedInsect","Caltrops+1","Deflect","Infinite Blades+1","Toolbox"],"campfire_rested":3,"item_purchase_floors":[4,4,4,21,21,21,21,21,38,38,38,38,47,47],"current_hp_per_floor":[70,75,75,75,75,55,55,55,55,50,50,50,41,39,39,18,82,76,43,37,37,35,32,56,44,44,44,35,35,32,32,32,13,82,57,40,40,40,40,64,64,64,64,51,56,80,80,82,82,78,82,82,82,80,82],"gold":47,"neow_bonus":"TEN_PERCENT_HP_BONUS","is_daily":false,"chose_seed":false,"campfire_upgraded":6,"win_rate":0.0,"timestamp":1608404360,"path_taken":["M","?","?","$","?","E","?","R","T","E","M","M","E","M","R","BOSS","M","?","?","$","?","E","R","E","T","R","E","R","M","?","R","BOSS","M","?","?","?","?","R","M","?","T","E","M","R","?","?","R","BOSS","R","$","E","BOSS"],"items_purchased_type":["Relic","Card","Card","Relic","Card","Relic","Card","Card","Relic","Relic","Card","Card","Card","Relic"],"build_version":"2020-12-13","purchased_purges":1,"victory":true,"max_hp_per_floor":[77,82,82,82,82,82,82,82,82,82,82,82,82,82,82,82,82,82,82,82,82,82,82,82,82,82,82,82,82,82,82,82,82,82,82,82,82,82,82,82,82,82,82,82,82,82,82,82,82,82,82,82,82,82,82],"card_choices":[{"not_picked":["Dodge and Roll","PiercingWail"],"picked":"Cloak And Dagger","floor":1.0},{"not_picked":["Swift Strike","Purity"],"picked":"Flash of Steel","floor":5.0},{"not_picked":["Underhanded Strike","Blur"],"picked":"Deflect","floor":6.0},{"not_picked":["Malaise","Bane"],"picked":"Accuracy","floor":10.0},{"not_picked":["Flechettes","Sucker Punch"],"picked":"Bane","floor":11.0},{"not_picked":["Flying Knee","Slice"],"picked":"Accuracy","floor":12.0},{"not_picked":["Expertise","Glass Knife","Outmaneuver"],"picked":"SKIP","floor":13.0},{"not_picked":["Choke","Dash"],"picked":"Backflip","floor":14.0},{"not_picked":["Slice+1","Endless Agony"],"picked":"Backflip","floor":18.0},{"not_picked":["Prepared","All Out Attack+1","Dodge and Roll"],"picked":"SKIP","floor":20.0},{"not_picked":["Dagger Spray","Eviscerate"],"picked":"Accuracy+1","floor":22.0},{"not_picked":["Reflex","Poisoned Stab+1"],"picked":"Caltrops","floor":23.0},{"not_picked":["Dash+1","Glass Knife","Tactician"],"picked":"SKIP","floor":25.0},{"not_picked":["Prepared","Dash"],"picked":"Deflect","floor":28.0},{"not_picked":["Acrobatics+1","Prepared"],"picked":"Deflect","floor":30.0},{"not_picked":["A Thousand Cuts+1","Bullet Time"],"picked":"Venomology","floor":33.0},{"not_picked":["Dagger Spray","Acrobatics+1","Finisher+1"],"picked":"SKIP","floor":35.0},{"not_picked":["Outmaneuver+1","Quick Slash"],"picked":"Blade Dance+1","floor":36.0},{"not_picked":["Dodge and Roll","Skewer+1","Expertise"],"picked":"SKIP","floor":39.0},{"not_picked":["Choke","Dodge and Roll+1"],"picked":"Cloak And Dagger+1","floor":40.0},{"not_picked":["Deadly Poison+1","Dagger Throw+1"],"picked":"Outmaneuver","floor":41.0},{"not_picked":["Flying Knee+1","Bane","All Out Attack"],"picked":"SKIP","floor":42.0},{"not_picked":["Flying Knee","Blade Dance+1"],"picked":"Venomology+1","floor":44.0},{"not_picked":["Sucker Punch","Underhanded Strike","Bane"],"picked":"SKIP","floor":45.0},{"not_picked":["Predator","Dodge and Roll+1"],"picked":"Backstab+1","floor":46.0},{"not_picked":["Outmaneuver+1","Prepared+1"],"picked":"After Image+1","floor":54}],"player_experience":72595,"relics_obtained":[{"floor":6.0,"key":"Oddly Smooth Stone"},{"floor":10.0,"key":"Toy Ornithopter"},{"floor":13.0,"key":"HornCleat"},{"floor":23.0,"key":"Mercury Hourglass"},{"floor":25.0,"key":"Dream Catcher"},{"floor":26.0,"key":"Frozen Egg 2"},{"floor":28.0,"key":"Matryoshka"},{"floor":36.0,"key":"Incense Burner"},{"floor":43.0,"key":"Toxic Egg 2"},{"floor":43.0,"key":"Happy Flower"},{"floor":44.0,"key":"Ornamental Fan"},{"floor":54,"key":"Mummified Hand"}],"event_choices":[{"damage_healed":0.0,"max_hp_gain":5.0,"max_hp_loss":0.0,"gold_gain":0.0,"event_name":"Big Fish","player_choice":"Donut","floor":2.0,"gold_loss":0.0,"damage_taken":0.0},{"damage_healed":0.0,"max_hp_gain":0.0,"max_hp_loss":0.0,"gold_gain":175.0,"event_name":"betterThird:BetterSerpent","player_choice":"AGREE","floor":3.0,"gold_loss":0.0,"damage_taken":117.0},{"damage_healed":0.0,"max_hp_gain":0.0,"max_hp_loss":0.0,"gold_gain":1.0,"event_name":"betterStone:BetterStone","player_choice":"1","floor":5.0,"gold_loss":0.0,"damage_taken":0.0},{"cards_removed":["Doubt"],"damage_healed":0.0,"max_hp_gain":0.0,"max_hp_loss":0.0,"gold_gain":0.0,"event_name":"Living Wall","player_choice":"Forget","floor":7.0,"gold_loss":0.0,"damage_taken":0.0},{"damage_healed":0.0,"max_hp_gain":0.0,"max_hp_loss":0.0,"gold_gain":0.0,"event_name":"betterSkull:BetterSkull","player_choice":"RE RE ","floor":19.0,"gold_loss":0.0,"damage_taken":37.0,"cards_upgraded":[],"relics_obtained":["Potion Belt","Centennial Puzzle"]},{"cards_removed":["Strike_G"],"damage_healed":0.0,"max_hp_gain":0.0,"max_hp_loss":0.0,"gold_gain":0.0,"event_name":"Bonfire Elementals","player_choice":"Offered Basic","floor":31.0,"gold_loss":0.0,"damage_taken":0.0},{"damage_healed":0.0,"max_hp_gain":0.0,"max_hp_loss":0.0,"gold_gain":0.0,"event_name":"Mysterious Sphere","player_choice":"Fight","floor":36.0,"gold_loss":0.0,"damage_taken":0.0},{"cards_removed":["Wraith Form v2"],"damage_healed":0.0,"max_hp_gain":0.0,"max_hp_loss":0.0,"gold_gain":0.0,"event_name":"Falling","player_choice":"Removed Power","floor":37.0,"gold_loss":0.0,"damage_taken":0.0},{"damage_healed":21.0,"max_hp_gain":0.0,"max_hp_loss":0.0,"gold_gain":0.0,"event_name":"Winding Halls","player_choice":"Writhe","floor":48.0,"gold_loss":0.0,"damage_taken":0.0,"cards_obtained":["Writhe"]}],"is_beta":false,"boss_relics":[{"not_picked":["Astrolabe","HoveringKite"],"picked":"Runic Pyramid"},{"not_picked":["Snecko Eye","Runic Dome"],"picked":"Pandora\u0027s Box"}],"items_purged_floors":[47],"is_endless":false,"potions_floor_spawned":[11,12,16,22,23,28,36,41],"ascension_level":1}}