{"host":"r2b8ojg4o4pyvjvq","time":1608398547,"event":{"mods":["BaseMod","Colored Map","Downfall","Highlight Path","Hubris","Marisa????????","Minty Spire (QoL Compilation)","Quick Restart","Replay The Spire","StSLib","SuperFastMode"],"gold_per_floor":[99,128,128,159,209,92,92,87,127,52,81,103,103,203,238,347,347,347,399,399,439,481,512,536,589,612,612,612,632,665,406,444,547,547,472,547,472,86,118,197,278,278,135,194,44,44,44,9,56,82,82,190,15,15,53],"floor_reached":56,"playtime":2502,"items_purged":["Voices","Regret","Looming Evil","Guardian:Aged","Strike_MRS"],"score":2309,"play_id":"e7ea67ab-b4cc-4c93-8e48-00d2bdb99593","local_time":"20201219182227","is_ascension_mode":true,"campfire_choices":[{"data":"OortCloud","floor":10.0,"key":"SMITH"},{"data":"MysteriousBeam","floor":27.0,"key":"SMITH"},{"floor":35,"key":"RECALL"},{"data":"TreasureHunter","floor":37,"key":"SMITH"},{"data":"UpSweep","floor":42,"key":"SMITH"},{"data":"CasketOfStar","floor":54,"key":"SMITH"}],"circlet_count":0,"master_deck":["LessonLearned+1","Strike_MRS","Strike_MRS","Strike_MRS","Defend_MRS","Defend_MRS","Defend_MRS","Defend_MRS","MasterSpark","UpSweep+1","CollectingQuirk+1","SuperPerseids+1","OortCloud+1","GrandCross+1","PropBag+1","PropBag+1","MysteriousBeam+1","Overencumbered","SprinkleStarSeal+1","Regret","TreasureHunter+1","GasGiant+1","UltimateShortwave+1","SporeBomb+1","Parasite","Parasite","MagicChant+1","Acceleration+1","AsteroidBelt+1","Replay:Sluggish","Shame","Shame","ManaRampage+1","hubris:Gluttony","MysteriousBeam+1","hubris:Greed","Slimebound:Icky","hubris:Greed","ReplayTheSpireMod:Splinters","Languid","CasketOfStar+1","hubris:Greed","hubris:Greed","hubris:Wrath","hubris:Greed"],"relics":["MiniHakkero","downfall:HeartsMalice","StrikeDummy","ReplayTheSpireMod:Shallot","Ring of Greed","Replay:Bandana","Tiny Chest","HandmadeGrimoire","Toxic Egg 2","downfall:HeartBlessingGreen","Replay:Accelerometer","Coffee Dripper","Gremlin Horn","Potion Belt","ReplayTheSpireMod:TigerMarble","War Paint","ShroomBag","Simple Rune","ExperimentalFamiliar","downfall:HeartBlessingBlue","ReplayTheSpireMod:Lightbulb","downfall:HeartBlessingRed","Bottled Tornado","ReplayTheSpireMod:Ninjato","Chemical X","hubris:Spice","Iron Hammer","hexamod:BolsterEngine"],"acts_visited":["Exordium","TheCity","TheBeyond","TheEnding"],"potions_floor_usage":[32,33,55,55],"damage_taken":[{"damage":0.0,"enemies":"Replay:BlueRogue","floor":2.0,"turns":1.0},{"damage":0.0,"enemies":"Jaw Worm","floor":3.0,"turns":1.0},{"damage":0.0,"enemies":"3 Sentries","floor":4.0,"turns":1.0},{"damage":1.0,"enemies":"downfall:FleeingMerchant","floor":6.0,"turns":4.0},{"damage":0.0,"enemies":"downfall:FleeingMerchant","floor":8.0,"turns":4.0},{"damage":19.0,"enemies":"Gremlin Nob","floor":9.0,"turns":5.0},{"damage":0.0,"enemies":"Small Slimes","floor":11.0,"turns":2.0},{"damage":0.0,"enemies":"2 Louse","floor":12.0,"turns":2.0},{"damage":0.0,"enemies":"Large Slime","floor":15.0,"turns":7.0},{"damage":16.0,"enemies":"downfall:Silent","floor":16.0,"turns":10.0},{"damage":24.0,"enemies":"Gremlin Leader","floor":19.0,"turns":10.0},{"damage":15.0,"enemies":"Slavers","floor":21.0,"turns":6.0},{"damage":9.0,"enemies":"3 Byrds","floor":22.0,"turns":3.0},{"damage":9.0,"enemies":"Centurion and Healer","floor":23.0,"turns":4.0},{"damage":3.0,"enemies":"Gremlin Leader","floor":25.0,"turns":4.0},{"damage":0.0,"enemies":"Chosen and Byrds","floor":26.0,"turns":1.0},{"damage":3.0,"enemies":"Shelled Parasite and Fungi","floor":29.0,"turns":2.0},{"damage":0.0,"enemies":"Cultist and Chosen","floor":30.0,"turns":2.0},{"damage":11.0,"enemies":"downfall:FleeingMerchant","floor":31.0,"turns":4.0},{"damage":1,"enemies":"Chosen and Byrds","floor":32,"turns":6},{"damage":16,"enemies":"downfall:Ironclad","floor":33,"turns":5},{"damage":29,"enemies":"R_Hoarder","floor":36,"turns":6},{"damage":0,"enemies":"downfall:FleeingMerchant","floor":38,"turns":1},{"damage":0,"enemies":"2 Orb Walkers","floor":39,"turns":2},{"damage":8,"enemies":"Reptomancer","floor":40,"turns":2},{"damage":1,"enemies":"Nemesis","floor":44,"turns":1},{"damage":4,"enemies":"3 Darklings","floor":49,"turns":2},{"damage":14,"enemies":"downfall:Watcher","floor":50,"turns":5},{"damage":0,"enemies":"downfall:CharBossMerchant","floor":52,"turns":3},{"damage":27,"enemies":"downfall:NeowBoss","floor":55,"turns":13}],"seed_played":"-1100113411648388359","potions_obtained":[{"floor":4.0,"key":"Fruit Juice"},{"floor":9.0,"key":"SmokeBomb"},{"floor":11.0,"key":"Weak Potion"},{"floor":15.0,"key":"sneckomod:MuddlingPotion"},{"floor":22.0,"key":"Adrenaline Potion"},{"floor":23.0,"key":"BlessingOfTheForge"},{"floor":30.0,"key":"Weak Potion"},{"floor":32,"key":"Milkshake"},{"floor":39,"key":"champ:CounterPotion"},{"floor":40,"key":"champ:CounterPotion"}],"is_trial":false,"path_per_floor":["R_BF","E","M","E","?","$","T","$","E","R","M","M","T","?","M","B",null,"R_BF","E","?","E","M","M","T","E","M","R","T","M","M","$","M","B",null,"R","E","R","?","?","E","T","R","$","E","$","T","$","$","M","B",null,"E","$","R","B",null],"character_chosen":"MARISA","items_purchased":["GrandCross+1","LiquidMemories","Flashbang","Bottled Tornado","ReplayTheSpireMod:Ninjato","Chemical X","hexamod:BolsterEngine","Elixir"],"campfire_rested":0,"item_purchase_floors":[6,31,31,38,38,38,43,48],"current_hp_per_floor":[68,68,68,68,68,67,67,67,53,53,53,53,53,53,53,49,72,80,56,56,41,32,23,23,24,24,24,24,25,29,20,23,11,63,73,48,48,48,56,60,60,60,60,61,61,61,61,61,57,47,79,82,82,82,55],"gold":53,"neow_bonus":"THREE_ENEMY_KILL","is_daily":false,"chose_seed":false,"campfire_upgraded":5,"win_rate":0.0,"timestamp":1608398547,"path_taken":["R_BF","E","M","E","?","$","T","$","E","R","M","M","?","?","M","BOSS","R_BF","E","?","E","M","M","T","E","M","R","?","M","M","$","M","BOSS","R","E","R","?","?","E","T","R","?","E","$","?","$","$","M","BOSS","E","$","R","BOSS"],"items_purchased_type":["Card","Potion","Potion","Relic","Relic","Relic","Relic","Potion"],"build_version":"2020-12-13","purchased_purges":5,"victory":true,"max_hp_per_floor":[75,75,75,75,75,75,75,75,80,80,80,80,80,80,80,80,80,80,80,80,80,80,80,80,80,80,80,80,80,80,80,80,80,80,90,90,90,90,98,106,106,106,106,98,98,90,90,90,90,90,90,82,82,82,82],"card_choices":[{"not_picked":["WitchOfGreed","EventHorizon"],"picked":"CollectingQuirk","floor":2.0},{"not_picked":["WitchLeyline","ChargeUpSpray"],"picked":"SuperPerseids","floor":3.0},{"not_picked":["OpenUniverse","PowerUp"],"picked":"OortCloud","floor":4.0},{"not_picked":["Orbital","EventHorizon","EnergyRecoil"],"picked":"SKIP","floor":6.0},{"not_picked":["ShootingEcho","MeteoricShower"],"picked":"PropBag","floor":8.0},{"not_picked":["BlazeAway+1","GravityBeat"],"picked":"PropBag+1","floor":9.0},{"not_picked":["6A","StarBarrage"],"picked":"MysteriousBeam","floor":11.0},{"not_picked":["WitchLeyline","GasGiant+1"],"picked":"SprinkleStarSeal+1","floor":12.0},{"not_picked":["DC","ShootingEcho","GravityBeat"],"picked":"SKIP","floor":15.0},{"not_picked":["EscapeVelocity","BlazingStar"],"picked":"TreasureHunter","floor":16.0},{"not_picked":["StarlightTyphoon+1","MysteriousBeam"],"picked":"GasGiant+1","floor":19.0},{"not_picked":["BinaryStars+1","Occultation+1"],"picked":"UltimateShortwave+1","floor":21.0},{"not_picked":["LuminesStrike+1","WitchLeyline"],"picked":"SporeBomb+1","floor":22.0},{"not_picked":["StarBarrage+1","BlazeAway+1","WitchLeyline+1"],"picked":"SKIP","floor":23.0},{"not_picked":["PowerUp+1","DoubleSpark"],"picked":"MagicChant+1","floor":25.0},{"not_picked":["PowerUp+1","Orbital+1"],"picked":"Acceleration+1","floor":26.0},{"not_picked":["FinalSpark","PowerUp+1"],"picked":"AsteroidBelt+1","floor":30.0},{"not_picked":["MachineGunSpark","AsteroidBelt+1","ShootingEcho"],"picked":"SKIP","floor":31.0},{"not_picked":["6A+1","Orbital+1","MagicChant+1"],"picked":"SKIP","floor":32},{"not_picked":["SuperNova","BinaryStars+1"],"picked":"ManaRampage+1","floor":33},{"not_picked":["GrandCross","Occultation+1"],"picked":"MysteriousBeam+1","floor":36},{"not_picked":["Robbery","AsteroidBelt+1","PowerUp+1"],"picked":"SKIP","floor":38},{"not_picked":["OpenUniverse+1","AsteroidBelt+1","Acceleration+1"],"picked":"SKIP","floor":40},{"not_picked":["StarBarrage","PropBag+1"],"picked":"CasketOfStar","floor":44},{"not_picked":["ShootingEcho+1","NonDirectionalLaser+1","MachineGunSpark"],"picked":"SKIP","floor":49},{"not_picked":["Acceleration+1","GalacticHalo+1","LuminesStrike+1"],"picked":"SKIP","floor":52}],"player_experience":467759,"relics_obtained":[{"floor":2.0,"key":"StrikeDummy"},{"floor":4.0,"key":"ReplayTheSpireMod:Shallot"},{"floor":5.0,"key":"Ring of Greed"},{"floor":5.0,"key":"Replay:Bandana"},{"floor":5.0,"key":"Tiny Chest"},{"floor":7.0,"key":"HandmadeGrimoire"},{"floor":9.0,"key":"Toxic Egg 2"},{"floor":13.0,"key":"Replay:Accelerometer"},{"floor":19.0,"key":"Gremlin Horn"},{"floor":19.0,"key":"Potion Belt"},{"floor":21.0,"key":"ReplayTheSpireMod:TigerMarble"},{"floor":21.0,"key":"War Paint"},{"floor":24.0,"key":"ShroomBag"},{"floor":25.0,"key":"Simple Rune"},{"floor":36,"key":"ReplayTheSpireMod:Lightbulb"},{"floor":39,"key":"hubris:Spice"},{"floor":40,"key":"hubris:Spice"},{"floor":41,"key":"Iron Hammer"},{"floor":44,"key":"hubris:Spice"},{"floor":46,"key":"hubris:Spice"},{"floor":52,"key":"hubris:Spice"}],"event_choices":[{"damage_healed":0.0,"max_hp_gain":0.0,"max_hp_loss":0.0,"gold_gain":0.0,"event_name":"Living Wall","player_choice":"Grow","floor":1.0,"gold_loss":0.0,"damage_taken":0.0,"cards_upgraded":["LessonLearned"]},{"damage_healed":0.0,"max_hp_gain":0.0,"max_hp_loss":0.0,"gold_gain":0.0,"event_name":"Upgrade Shrine","player_choice":"Upgraded","floor":20.0,"gold_loss":0.0,"damage_taken":0.0,"cards_upgraded":["PropBag"]},{"damage_healed":0,"gold_gain":0,"player_choice":"Fight","damage_taken":0,"max_hp_gain":0,"max_hp_loss":0,"event_name":"Mysterious Sphere","floor":39,"gold_loss":0}],"is_beta":false,"boss_relics":[{"not_picked":["Kintsugi","Velvet Choker"],"picked":"Coffee Dripper"},{"not_picked":["ReplayTheSpireMod:DimensionalGlitch","hubris:ScarierMask"],"picked":"ExperimentalFamiliar"}],"items_purged_floors":[6,31,38,45,53],"is_endless":false,"potions_floor_spawned":[4,9,11,15,22,23,29,30,32,39,40,49],"ascension_level":9}}