{"host":"pbf6u3tyx46snqc7","time":1608399939,"event":{"mods":["AchievementEnabler","BaseMod","Colored Map","Marisa£¨Ùöéë¡¡Øª×âÞÞ£©","Minty Spire (QoL Compilation)","Rare Cards Sparkle","Shop Mod","SuperFastMode"],"gold_per_floor":[109,184,200,42,55,55,75,94,144,144,144,158,178,189,189,267,267,252,177,189,201,201,201,201],"floor_reached":23,"playtime":1144,"items_purged":[],"score":337,"play_id":"99e7271c-59db-4e34-b03c-2552e1ca1a83","local_time":"20201220024539","is_ascension_mode":true,"campfire_choices":[{"data":"Dualcast","floor":6,"key":"SMITH"},{"data":"Creative AI","floor":11,"key":"SMITH"},{"data":"Turbo","floor":15,"key":"SMITH"}],"circlet_count":0,"master_deck":["AscendersBane","Strike_B","Strike_B","Strike_B+1","Defend_B+1","Defend_B","Defend_B","Defend_B+1","Zap","Dualcast+1","Seek","Coolheaded+1","Self Repair","Creative AI+1","Coolheaded","Turbo+1","FTL","Core Surge","Cold Snap","Ball Lightning","Compile Driver+1"],"relics":["Cracked Core","War Paint","Lantern","Philosopher\u0027s Stone"],"acts_visited":["Exordium","TheCity"],"potions_floor_usage":[7,16,23,23],"damage_taken":[{"damage":0,"enemies":"2 Louse","floor":1,"turns":2},{"damage":5,"enemies":"Small Slimes","floor":3,"turns":4},{"damage":4,"enemies":"Jaw Worm","floor":5,"turns":5},{"damage":3,"enemies":"Lots of Slimes","floor":7,"turns":6},{"damage":1,"enemies":"Looter","floor":8,"turns":4},{"damage":7,"enemies":"Large Slime","floor":12,"turns":9},{"damage":8,"enemies":"Blue Slaver","floor":13,"turns":6},{"damage":8,"enemies":"Gremlin Gang","floor":14,"turns":6},{"damage":18,"enemies":"Slime Boss","floor":16,"turns":8},{"damage":27,"enemies":"2 Thieves","floor":18,"turns":4},{"damage":10,"enemies":"Spheric Guardian","floor":20,"turns":5},{"damage":4,"enemies":"Chosen and Byrds","floor":21,"turns":7},{"damage":56,"enemies":"Book of Stabbing","floor":23,"turns":6}],"seed_played":"1196789528826204168","potions_obtained":[{"floor":1,"key":"DistilledChaos"},{"floor":3,"key":"SpeedPotion"},{"floor":8,"key":"Regen Potion"},{"floor":16,"key":"BlessingOfTheForge"},{"floor":21,"key":"Fire Potion"}],"is_trial":false,"path_per_floor":["M","?","M","$","M","R","M","M","T","?","R","M","M","M","R","B",null,"M","?","M","M","?","E"],"character_chosen":"DEFECT","items_purchased":["War Paint"],"campfire_rested":0,"item_purchase_floors":[4],"current_hp_per_floor":[64,53,48,48,51,51,55,61,61,40,40,40,39,38,38,42,64,44,44,41,44,44,0,0],"gold":201,"neow_bonus":"ONE_RANDOM_RARE_CARD","is_daily":false,"chose_seed":false,"campfire_upgraded":3,"win_rate":0.0,"timestamp":1608399939,"path_taken":["M","?","M","$","M","R","M","M","T","?","R","M","M","M","R","BOSS","M","?","M","M","?","E"],"items_purchased_type":["Relic"],"build_version":"2020-12-13","purchased_purges":0,"victory":false,"max_hp_per_floor":[71,71,71,71,71,71,71,71,71,71,71,71,71,71,71,71,71,71,71,71,71,71,71,71],"card_choices":[{"not_picked":["Auto Shields","Skim"],"picked":"Coolheaded","floor":1},{"not_picked":["Aggregate","Beam Cell"],"picked":"Self Repair","floor":3},{"not_picked":["Barrage","Turbo","Double Energy"],"picked":"SKIP","floor":5},{"not_picked":["Rebound","Beam Cell","Streamline"],"picked":"SKIP","floor":7},{"not_picked":["Conserve Battery","Hologram"],"picked":"Creative AI","floor":8},{"not_picked":["Hello World","Go for the Eyes"],"picked":"Coolheaded","floor":12},{"not_picked":["Auto Shields","Leap"],"picked":"Turbo","floor":13},{"not_picked":["Redo","Gash"],"picked":"FTL","floor":14},{"not_picked":["Rainbow","Fission"],"picked":"Core Surge","floor":16},{"not_picked":["Rebound","Steam"],"picked":"Cold Snap","floor":18},{"not_picked":["Undo","Leap"],"picked":"Ball Lightning","floor":20},{"not_picked":["Steam","Self Repair"],"picked":"Compile Driver+1","floor":21}],"player_experience":287238,"relics_obtained":[{"floor":9,"key":"Lantern"}],"event_choices":[{"damage_healed":0,"gold_gain":75,"player_choice":"Gather Gold","damage_taken":11,"max_hp_gain":0,"max_hp_loss":0,"event_name":"World of Goop","floor":2,"gold_loss":0},{"damage_healed":0,"gold_gain":0,"player_choice":"Entered Light","damage_taken":21,"max_hp_gain":0,"max_hp_loss":0,"event_name":"Shining Light","floor":10,"gold_loss":0,"cards_upgraded":["Coolheaded","Strike_B"]},{"cards_removed":["Strike_B"],"damage_healed":0,"gold_gain":0,"player_choice":"Gave Gold","damage_taken":0,"max_hp_gain":0,"max_hp_loss":0,"event_name":"Beggar","floor":19,"gold_loss":75},{"damage_healed":0,"gold_gain":0,"player_choice":"Ignored","damage_taken":0,"max_hp_gain":0,"max_hp_loss":0,"event_name":"N\u0027loth","floor":22,"gold_loss":0}],"is_beta":false,"boss_relics":[{"not_picked":["Cursed Key","Empty Cage"],"picked":"Philosopher\u0027s Stone"}],"items_purged_floors":[],"is_endless":false,"potions_floor_spawned":[1,3,8,14,16,21],"killed_by":"Book of Stabbing","ascension_level":16}}