{"host":"kw4o7b3ro2ktmmbe","time":1608344760,"event":{"mods":["BaseMod","Minty Spire (QoL Compilation)","Robot Space Explorer","StSLib","Treasure Hunter"],"gold_per_floor":[110,110,110,126,126,154,154,154,179,194,214,214,225,255,255,359,359,371,387,420,118,129,129,162,176,200,200,200],"floor_reached":27,"playtime":2484,"items_purged":[],"score":279,"play_id":"8e16a97a-573b-48d3-9a0c-35cf6e650960","local_time":"20201219152600","is_ascension_mode":true,"campfire_choices":[{"data":"TH:ElvenBoots","floor":7.0,"key":"SMITH"},{"data":"RobotSpaceExplorer:Multitool","floor":15.0,"key":"SMITH"},{"data":"RobotSpaceExplorer:Discharger","floor":23.0,"key":"SMITH"}],"circlet_count":0,"master_deck":["RobotSpaceExplorer:Scan","RobotSpaceExplorer:MiniLasers","RobotSpaceExplorer:ScrapShield","RobotSpaceExplorer:HighVoltage","RobotSpaceExplorer:StarLightning","RobotSpaceExplorer:Multitool+1","RobotSpaceExplorer:ScrapShield","RobotSpaceExplorer:FreezingShield","RobotSpaceExplorer:Pulsar","RobotSpaceExplorer:LuckyStrike","TH:ElvenBoots+1","TH:TreasureMap","RobotSpaceExplorer:Discharger+1","TH:CursedSword","RobotSpaceExplorer:StarLightning","TH:ElvenBoots","RobotSpaceExplorer:Explosion","RobotSpaceExplorer:GearShield","RobotSpaceExplorer:Electroshield+1","RobotSpaceExplorer:Arsenal","TH:CursedSword","RobotSpaceExplorer:Reload","RobotSpaceExplorer:ExhaustFan","TH:ElvenBoots"],"relics":["Pandora\u0027s Box","RobotSpaceExplorer:PlasmaHourglass","Pocketwatch","Potion Belt","Ancient Tea Set","Black Star","Red Mask","Orichalcum","Vajra","Centennial Puzzle","Pear","Toy Ornithopter"],"acts_visited":["Exordium","TheCity"],"potions_floor_usage":[27],"damage_taken":[{"damage":0.0,"enemies":"2 Louse","floor":1.0,"turns":2.0},{"damage":8.0,"enemies":"Small Slimes","floor":4.0,"turns":3.0},{"damage":10.0,"enemies":"3 Sentries","floor":6.0,"turns":6.0},{"damage":3.0,"enemies":"Jaw Worm","floor":10.0,"turns":3.0},{"damage":3.0,"enemies":"Red Slaver","floor":11.0,"turns":4.0},{"damage":0.0,"enemies":"3 Louse","floor":13.0,"turns":1.0},{"damage":13.0,"enemies":"Gremlin Nob","floor":14.0,"turns":4.0},{"damage":1.0,"enemies":"The Guardian","floor":16.0,"turns":8.0},{"damage":24.0,"enemies":"Chosen","floor":18.0,"turns":5.0},{"damage":1.0,"enemies":"Shell Parasite","floor":19.0,"turns":5.0},{"damage":19.0,"enemies":"Masked Bandits","floor":20.0,"turns":4.0},{"damage":3.0,"enemies":"Centurion and Healer","floor":22.0,"turns":7.0},{"damage":24.0,"enemies":"Slavers","floor":24.0,"turns":4.0},{"damage":0.0,"enemies":"Snecko","floor":25.0,"turns":5.0},{"damage":25,"enemies":"Book of Stabbing","floor":27,"turns":5}],"seed_played":"-7693727526095562376","potions_obtained":[{"floor":1.0,"key":"SteroidPotion"},{"floor":11.0,"key":"EssenceOfSteel"},{"floor":14.0,"key":"RobotSpaceExplorer:RecyclePotion"},{"floor":18.0,"key":"SkillPotion"},{"floor":24.0,"key":"DuplicationPotion"},{"floor":25.0,"key":"Fire Potion"}],"is_trial":false,"path_per_floor":["M","?","?","M","$","E","R","$","T","M","M","?","M","E","R","B",null,"M","M","?","$","M","R","E","M","T","E"],"character_chosen":"RobotSpaceExplorer","items_purchased":["Orichalcum","Vajra"],"campfire_rested":0,"item_purchase_floors":[21,21],"current_hp_per_floor":[75,75,75,67,67,57,57,57,57,54,51,51,51,38,38,37,75,51,50,31,31,28,28,14,14,14,0,0],"gold":200,"neow_bonus":"BOSS_RELIC","is_daily":false,"chose_seed":false,"campfire_upgraded":3,"win_rate":0.0,"timestamp":1608344760,"path_taken":["M","?","?","M","$","E","R","?","T","?","M","?","M","E","R","BOSS","M","M","?","$","M","R","E","M","T","E"],"items_purchased_type":["Relic","Relic"],"build_version":"2020-12-13","purchased_purges":0,"victory":false,"max_hp_per_floor":[75,75,75,75,75,75,75,75,75,75,75,75,75,75,75,75,75,75,75,75,75,75,75,85,85,85,85,85],"card_choices":[{"not_picked":["RobotSpaceExplorer:Ammunition","RobotSpaceExplorer:FreezingShield","RobotSpaceExplorer:SlimeMissile"],"picked":"SKIP","floor":1.0},{"not_picked":["RobotSpaceExplorer:ImprovisedAttack","RobotSpaceExplorer:FrostMissile"],"picked":"RobotSpaceExplorer:LuckyStrike","floor":4.0},{"not_picked":["TH:ArmorSpikes"],"picked":"TH:ElvenBoots","floor":6.0},{"not_picked":["RobotSpaceExplorer:Calculate","RobotSpaceExplorer:SurgingShield","RobotSpaceExplorer:GlueShot"],"picked":"SKIP","floor":6.0},{"not_picked":["TH:ArmorSpikes"],"picked":"TH:TreasureMap","floor":9.0},{"not_picked":["RobotSpaceExplorer:ScrapToss","RobotSpaceExplorer:StunGrenade"],"picked":"RobotSpaceExplorer:Discharger","floor":10.0},{"not_picked":["RobotSpaceExplorer:ScrapMissile","RobotSpaceExplorer:Jetpack","RobotSpaceExplorer:ImprovisedAttack"],"picked":"SKIP","floor":11.0},{"not_picked":["RobotSpaceExplorer:ImprovisedAttack","RobotSpaceExplorer:ShockKick","RobotSpaceExplorer:SlimeMissile"],"picked":"SKIP","floor":13.0},{"not_picked":["TH:EnergyPotion"],"picked":"TH:CursedSword","floor":14.0},{"not_picked":["RobotSpaceExplorer:ScrapShield","RobotSpaceExplorer:Counterblock"],"picked":"RobotSpaceExplorer:StarLightning","floor":14.0},{"not_picked":["TH:TreasureMap"],"picked":"TH:ElvenBoots","floor":16.0},{"not_picked":["RobotSpaceExplorer:Scanner","RobotSpaceExplorer:BlastShield"],"picked":"RobotSpaceExplorer:Explosion","floor":16.0},{"not_picked":["RobotSpaceExplorer:MiniDrones","RobotSpaceExplorer:FranticSearch","RobotSpaceExplorer:ShockKick"],"picked":"SKIP","floor":18.0},{"not_picked":["RobotSpaceExplorer:SlimeMissile","RobotSpaceExplorer:ShockKick+1"],"picked":"RobotSpaceExplorer:GearShield","floor":19.0},{"not_picked":["RobotSpaceExplorer:SwiftStep+1","RobotSpaceExplorer:ShockKick"],"picked":"RobotSpaceExplorer:Electroshield+1","floor":20.0},{"not_picked":["RobotSpaceExplorer:SurgingStrike","RobotSpaceExplorer:GlueShot"],"picked":"RobotSpaceExplorer:Arsenal","floor":22.0},{"not_picked":["TH:PixieDust"],"picked":"TH:CursedSword","floor":24.0},{"not_picked":["RobotSpaceExplorer:SurgingStrike","RobotSpaceExplorer:Probe"],"picked":"RobotSpaceExplorer:Reload","floor":24.0},{"not_picked":["RobotSpaceExplorer:SurgingStrike","RobotSpaceExplorer:ScrapMissile"],"picked":"RobotSpaceExplorer:ExhaustFan","floor":25.0},{"not_picked":["TH:CopperCoins"],"picked":"TH:ElvenBoots","floor":26.0}],"player_experience":1773869,"relics_obtained":[{"floor":6.0,"key":"Pocketwatch"},{"floor":9.0,"key":"Potion Belt"},{"floor":14.0,"key":"Ancient Tea Set"},{"floor":20.0,"key":"Red Mask"},{"floor":24.0,"key":"Centennial Puzzle"},{"floor":24.0,"key":"Pear"},{"floor":26.0,"key":"Toy Ornithopter"}],"event_choices":[{"damage_healed":0.0,"max_hp_gain":0.0,"max_hp_loss":0.0,"gold_gain":0.0,"event_name":"The Cleric","player_choice":"Leave","floor":2.0,"gold_loss":0.0,"damage_taken":0.0},{"damage_healed":0.0,"max_hp_gain":0.0,"max_hp_loss":0.0,"gold_gain":0.0,"event_name":"Big Fish","player_choice":"Box","floor":3.0,"gold_loss":0.0,"damage_taken":0.0,"relics_obtained":["RobotSpaceExplorer:PlasmaHourglass"],"cards_obtained":["Regret"]},{"damage_healed":0.0,"max_hp_gain":0.0,"max_hp_loss":0.0,"gold_gain":0.0,"event_name":"Liars Game","player_choice":"Ignored","floor":12.0,"gold_loss":0.0,"damage_taken":0.0},{"damage_healed":0.0,"max_hp_gain":0.0,"max_hp_loss":0.0,"gold_gain":0.0,"event_name":"Masked Bandits","player_choice":"Fought Bandits","floor":20.0,"gold_loss":0.0,"damage_taken":0.0}],"is_beta":false,"boss_relics":[{"not_picked":["Velvet Choker","Cursed Key"],"picked":"Black Star"}],"items_purged_floors":[],"is_endless":false,"potions_floor_spawned":[1,11,14,18,24,25],"killed_by":"Book of Stabbing","ascension_level":3}}