{"host":"61r95uy0hn86b9iu","time":1608340094,"event":{"mods":["AchievementEnabler","BaseMod","Better Vampires","BetterRewards","Colored Powertips","Hubris","Minty Spire (QoL Compilation)","Shop Mod","StSLib"],"gold_per_floor":[111,129,147,72,89,89,122,122,122,122,147,147,175,187,187,261,261,271,34,49,65,65,65,77,77,129,141,41,41,58,134,134,209,209,223,223,21,38,38,38,38,38],"floor_reached":41,"playtime":1820,"items_purged":["Strike_G","Strike_G","Strike_G"],"score":781,"play_id":"0615ff48-1ec9-49b0-b461-5ba971eb4003","local_time":"20201218190814","is_ascension_mode":true,"campfire_choices":[{"floor":6.0,"key":"REST"},{"floor":8.0,"key":"REST"},{"floor":15.0,"key":"REST"},{"floor":23.0,"key":"REST"},{"floor":25.0,"key":"REST"},{"floor":32.0,"key":"REST"},{"data":"Neutralize","floor":40.0,"key":"SMITH"}],"circlet_count":0,"master_deck":["AscendersBane","Strike_G","Strike_G","Defend_G","Defend_G","Defend_G","Defend_G","Defend_G","Survivor","Neutralize+1","Deadly Poison","Cloak And Dagger","Leg Sweep+1","Unload","Blade Dance+1","Deadly Poison+1","PiercingWail+1","Phantasmal Killer+1","Adrenaline+1","Backflip+1","Bullet Time+1","Noxious Fumes","Prepared+1","Bouncing Flask+1","Well Laid Plans+1","Malaise+1","Corpse Explosion+1","Leg Sweep+1"],"relics":["Ring of the Snake","Toxic Egg 2","hubris:SlimyHat","Paper Crane","Sozu","MerchantsRug","Lantern","Eternal Feather","hubris:ScarierMask"],"acts_visited":["Exordium","TheCity","TheBeyond"],"potions_floor_usage":[],"damage_taken":[{"damage":21.0,"enemies":"Jaw Worm","floor":1.0,"turns":5.0},{"damage":0.0,"enemies":"Small Slimes","floor":2.0,"turns":4.0},{"damage":0.0,"enemies":"Cultist","floor":3.0,"turns":4.0},{"damage":24.0,"enemies":"Lots of Slimes","floor":5.0,"turns":6.0},{"damage":20.0,"enemies":"Lagavulin","floor":7.0,"turns":7.0},{"damage":18.0,"enemies":"Gremlin Nob","floor":11.0,"turns":4.0},{"damage":12.0,"enemies":"3 Sentries","floor":13.0,"turns":6.0},{"damage":0.0,"enemies":"Red Slaver","floor":14.0,"turns":4.0},{"damage":10.0,"enemies":"The Guardian","floor":16.0,"turns":14.0},{"damage":6.0,"enemies":"Shell Parasite","floor":18.0,"turns":6.0},{"damage":15.0,"enemies":"3 Byrds","floor":20.0,"turns":4.0},{"damage":8.0,"enemies":"Snecko","floor":21.0,"turns":6.0},{"damage":13.0,"enemies":"Sentry and Sphere","floor":24.0,"turns":5.0},{"damage":6.0,"enemies":"Centurion and Healer","floor":27.0,"turns":6.0},{"damage":25.0,"enemies":"Chosen and Byrds","floor":30.0,"turns":7.0},{"damage":40.0,"enemies":"Champ","floor":33.0,"turns":14.0},{"damage":10.0,"enemies":"Orb Walker","floor":35.0,"turns":4.0},{"damage":0.0,"enemies":"3 Shapes","floor":38.0,"turns":3.0},{"damage":74,"enemies":"Giant Head","floor":41,"turns":8}],"seed_played":"217403600544854624","potions_obtained":[{"floor":3.0,"key":"Strength Potion"},{"floor":7.0,"key":"BlessingOfTheForge"},{"floor":13.0,"key":"Dexterity Potion"},{"floor":16.0,"key":"SkillPotion"}],"is_trial":false,"path_per_floor":["M","M","M","$","M","R","E","R","T","?","E","?","E","M","R","B",null,"M","$","M","M","?","R","M","R","T","M","$","$","M","T","R","B",null,"M","?","$","M","$","R","E"],"character_chosen":"THE_SILENT","items_purchased":["MerchantsRug","Bullet Time+1","Noxious Fumes","Leg Sweep+1"],"campfire_rested":6,"item_purchase_floors":[19,19,19,37],"current_hp_per_floor":[38,38,38,38,14,33,18,37,37,37,19,19,12,12,31,26,56,55,55,40,32,32,51,38,57,57,51,51,51,26,26,60,20,55,45,45,45,45,45,60,0,0],"gold":38,"neow_bonus":"RANDOM_COMMON_RELIC","is_daily":false,"chose_seed":false,"campfire_upgraded":1,"win_rate":0.0,"timestamp":1608340094,"path_taken":["M","M","M","$","M","R","E","R","T","?","E","?","E","M","R","BOSS","M","$","M","M","?","R","M","R","T","?","?","$","?","?","R","BOSS","M","?","$","M","?","R","E"],"items_purchased_type":["Relic","Card","Card","Card"],"build_version":"2020-12-13","purchased_purges":3,"victory":false,"max_hp_per_floor":[66,66,66,66,66,66,66,66,66,66,66,66,66,66,66,66,66,66,66,66,66,66,66,66,66,66,66,66,66,66,66,66,66,66,66,66,66,66,66,66,66,66],"card_choices":[{"not_picked":["Underhanded Strike","Blade Dance"],"picked":"Deadly Poison","floor":1.0},{"not_picked":["Blade Dance","Outmaneuver"],"picked":"Cloak And Dagger","floor":2.0},{"not_picked":["Accuracy","Slice"],"picked":"Leg Sweep","floor":3.0},{"not_picked":["Prepared","Poisoned Stab"],"picked":"Unload","floor":5.0},{"not_picked":["Caltrops","hubris:Counter"],"picked":"Blade Dance+1","floor":7.0},{"not_picked":["Prepared+1","hubris:SlightOfHand+1"],"picked":"Deadly Poison+1","floor":11.0},{"not_picked":["Bane","Predator"],"picked":"PiercingWail+1","floor":13.0},{"not_picked":["Blade Dance+1","Reflex+1"],"picked":"Phantasmal Killer+1","floor":14.0},{"not_picked":["Burst+1","Grand Finale"],"picked":"Adrenaline+1","floor":16.0},{"not_picked":["Acrobatics+1","Flying Knee"],"picked":"Backflip+1","floor":18.0},{"not_picked":["Underhanded Strike","All Out Attack"],"picked":"Prepared+1","floor":20.0},{"not_picked":["Accuracy+1","Sucker Punch"],"picked":"Bouncing Flask+1","floor":21.0},{"not_picked":["Eviscerate","Flying Knee","Underhanded Strike"],"picked":"SKIP","floor":24.0},{"not_picked":["Poisoned Stab","Quick Slash"],"picked":"Well Laid Plans","floor":27.0},{"not_picked":["Escape Plan+1","Skewer"],"picked":"Malaise+1","floor":30.0},{"not_picked":["Malaise+1","Storm of Steel+1"],"picked":"Corpse Explosion+1","floor":33.0},{"not_picked":["Deadly Poison+1","All Out Attack","Prepared+1"],"picked":"SKIP","floor":35.0},{"not_picked":["Dagger Throw+1","Accuracy","Slice+1"],"picked":"SKIP","floor":38.0}],"player_experience":3156580,"relics_obtained":[{"floor":7.0,"key":"Toxic Egg 2"},{"floor":9.0,"key":"Bottled Flame"},{"floor":11.0,"key":"hubris:SlimyHat"},{"floor":13.0,"key":"Paper Crane"},{"floor":26.0,"key":"Lantern"},{"floor":31.0,"key":"Eternal Feather"}],"event_choices":[{"damage_healed":0.0,"max_hp_gain":0.0,"max_hp_loss":0.0,"gold_gain":0.0,"event_name":"Liars Game","player_choice":"Ignored","floor":10.0,"gold_loss":0.0,"damage_taken":0.0},{"damage_healed":0.0,"max_hp_gain":0.0,"max_hp_loss":0.0,"gold_gain":0.0,"event_name":"Upgrade Shrine","player_choice":"Upgraded","floor":12.0,"gold_loss":0.0,"damage_taken":0.0,"cards_upgraded":["Leg Sweep"]},{"damage_healed":0.0,"max_hp_gain":0.0,"max_hp_loss":0.0,"gold_gain":0.0,"event_name":"Lab","player_choice":"Got Potions","floor":22.0,"gold_loss":0.0,"damage_taken":0.0},{"damage_healed":0.0,"max_hp_gain":0.0,"max_hp_loss":0.0,"gold_gain":0.0,"event_name":"Upgrade Shrine","player_choice":"Upgraded","floor":36.0,"gold_loss":0.0,"damage_taken":0.0,"cards_upgraded":["Well Laid Plans"]}],"is_beta":false,"boss_relics":[{"not_picked":["hubris:CrackedHourglass","hubris:BlackHole"],"picked":"Sozu"},{"not_picked":["hubris:GrandSneckoEye","SlaversCollar"],"picked":"hubris:ScarierMask"}],"items_purged_floors":[4,28,37],"is_endless":false,"potions_floor_spawned":[3,7,13,16,20,21,27,33,35,38],"killed_by":"Giant Head","ascension_level":18}}