{"host":"3wijtn94dq1zoyhj","time":1608360252,"event":{"mods":["Act Like it!","Ascension Reborn","Aspiration","BaseMod","Gensokyo","GifTheSpireLib","Lobotomy","Marisa（F雨　魔理沙）","Minty Spire (QoL Compilation)","MostiFishMod","Quick Restart","Reimu（博丽灵梦）","Remilia（蕾米莉亚）","Replay The Spire","Shop Mod","Spicy Shops","StSLib","The Construct","The Cursed","The Hierophant","The Servant 0.9.4","vexMod","【功能Mod】聪明的最终Boss","篝火指南"],"gold_per_floor":[118,118,133,133,199,237,252,6,33,33,63,125,3,3,3,167,167,210,150,176,221,296,362,362,437,462,462,266,321,358,420,131,300,300,347,385,46,116,194,59,172,2,2,2,65,172,230,329,67,135,135,135,17,104,152],"floor_reached":56,"playtime":3261,"items_purged":["Injury","Injury"],"score":1523,"play_id":"b46998df-efdf-40c4-91b5-d3b924c69396","local_time":"20201219144412","is_ascension_mode":true,"campfire_choices":[{"floor":15.0,"key":"REST"},{"floor":24.0,"key":"RECALL"},{"data":"MostiFishMod:PerfectForm","floor":44.0,"key":"SMITH"},{"data":"Replay:Bootleg Shield Generator","floor":52,"key":"SMITH"}],"circlet_count":0,"master_deck":["Strike_RM","Strike_RM","Strike_RM+1","Strike_RM","Defend_RM","Defend_RM","Defend_RM","Defend_RM","RedMoon","ScarletShoot+1","EternalNight+1","BloodHunter","StarOfDavid+1","BombardNight+1","CharismaGuard","DiffusionOfMisfortune+1","BloodySeventeenLaser+1","Panache","Replay:Bootleg Shield Generator+1","ReplayTheSpireMod:Private Reserves","TheCursedMod:BloodBarrier","SpecialFormula","FIFO Queue","Sucker Punch+1","Starlight","Manipulate+1","MiserableFate","MostiFishMod:PreservedThorns","ReplayTheSpireMod:Strike From Hell","Phantasmal Killer","Demon Form","ShootingEcho","hierophant:RustyCrate","hierophant:Doubloon","hierophant:Doubloon","ReplayTheSpireMod:IOU","MostiFishMod:PerfectForm+1","Dual Wield+1","RedRainbow+1","Maim+1","Echo Form","VampireClaw","Ricochet","TodaysExpression+1","Desolation","TheCursedMod:CircleOfAmplification"],"relics":["ScarletHat","DaveBox","RhineSuit","aspiration:Nostalgia","Uniform","Question Card","Golden Idol","Toy Ornithopter","Bird Faced Urn","Matryoshka","Centennial Puzzle","Replay:Bandana","InkBottle","ReplayTheSpireMod:ShopPack","PrismaticShard","ImportantClient","vexMod:ImprovementManual","Red Mask","Snack Pack","Replay:Wax Seal","PreservedInsect","Bottled Flame","Bag of Marbles","Bottled Tornado","Ginger","JellyFishMachine","SynthV","Boot","Frozen Egg 2","Quantum Egg","Replay:Bottled Flurry","ScarletDevilRocket","Prayer Wheel"],"acts_visited":["Exordium","TheCity","TheBeyond","TheEnding"],"potions_floor_usage":[50,55,55],"damage_taken":[{"damage":0.0,"enemies":"Jaw Worm","floor":1.0,"turns":2.0},{"damage":0.0,"enemies":"Small Slimes","floor":3.0,"turns":2.0},{"damage":2.0,"enemies":"Gremlin Nob","floor":6.0,"turns":3.0},{"damage":0.0,"enemies":"2 Louse","floor":7.0,"turns":1.0},{"damage":9.0,"enemies":"Blue Slaver","floor":11.0,"turns":2.0},{"damage":10.0,"enemies":"Lagavulin","floor":12.0,"turns":4.0},{"damage":12.0,"enemies":"Hexaghost","floor":16.0,"turns":6.0},{"damage":0.0,"enemies":"Spheric Guardian","floor":18.0,"turns":1.0},{"damage":8.0,"enemies":"3 Byrds","floor":20.0,"turns":5.0},{"damage":0.0,"enemies":"Snake Plant","floor":21.0,"turns":1.0},{"damage":1.0,"enemies":"Masked Bandits","floor":22.0,"turns":2.0},{"damage":0.0,"enemies":"Book of Stabbing","floor":23.0,"turns":1.0},{"damage":5.0,"enemies":"Gremlin Leader","floor":25.0,"turns":2.0},{"damage":1.0,"enemies":"Slavers","floor":29.0,"turns":3.0},{"damage":0.0,"enemies":"Chosen and Byrds","floor":30.0,"turns":5.0},{"damage":0.0,"enemies":"Gremlin Leader","floor":31.0,"turns":3.0},{"damage":17.0,"enemies":"Automaton","floor":33.0,"turns":7.0},{"damage":0.0,"enemies":"3 Darklings","floor":35.0,"turns":2.0},{"damage":10.0,"enemies":"3 Shapes","floor":36.0,"turns":2.0},{"damage":4.0,"enemies":"Jaw Worm Horde","floor":38.0,"turns":2.0},{"damage":4.0,"enemies":"Writhing Mass","floor":39.0,"turns":2.0},{"damage":3.0,"enemies":"R_Hoarder","floor":41.0,"turns":3.0},{"damage":20.0,"enemies":"4 Shapes","floor":45.0,"turns":1.0},{"damage":0.0,"enemies":"Reptomancer","floor":46.0,"turns":1.0},{"damage":6.0,"enemies":"Sphere and 2 Shapes","floor":47.0,"turns":4.0},{"damage":0.0,"enemies":"Nemesis","floor":48.0,"turns":1.0},{"damage":10,"enemies":"Donu and Deca","floor":50,"turns":4},{"damage":9,"enemies":"Shield and Spear","floor":54,"turns":2},{"damage":108,"enemies":"The Heart","floor":55,"turns":6}],"seed_played":"6921364394163511375","potions_obtained":[{"floor":5.0,"key":"DistilledChaos"},{"floor":5.0,"key":"DestinyDice"},{"floor":6.0,"key":"ZuzhouPotion:ReiMu"},{"floor":11.0,"key":"Venom Potion"},{"floor":18.0,"key":"AttackPotion"},{"floor":23.0,"key":"Strength Potion"},{"floor":30.0,"key":"LiquidMemories"},{"floor":39.0,"key":"Languid Potion"},{"floor":45.0,"key":"Block Potion"},{"floor":54,"key":"Fire Potion"}],"is_trial":false,"path_per_floor":["M","?","M","?","?","E","M","$","T","?","M","E","$","?","R","B",null,"M","?","M","M","?","E","R","E","T","?","$","E","M","E","R","B",null,"M","M","$","M","M","R","E","R","T","R","M","E","M","E","R","B",null,"R","$","E","B",null],"character_chosen":"REMILIA","items_purchased":["Matryoshka","ReplayTheSpireMod:ShopPack","Bottled Flame","Ginger","MostiFishMod:PerfectForm","SynthV","Maim+1","VampireClaw","Replay:Bottled Flurry","Adrenaline Potion"],"campfire_rested":1,"item_purchase_floors":[8,13,28,32,37,37,40,42,49,53],"current_hp_per_floor":[75,60,60,60,30,43,43,43,43,37,30,31,31,31,55,59,76,76,76,74,74,74,74,74,69,69,69,69,68,74,80,80,67,78,81,73,73,73,75,75,81,81,81,81,61,61,63,64,64,77,81,81,81,81,39],"gold":152,"neow_bonus":"NOSTALGIA","is_daily":false,"chose_seed":false,"campfire_upgraded":2,"win_rate":0.0,"timestamp":1608360252,"path_taken":["M","?","M","?","?","E","M","$","T","?","M","E","?","?","R","BOSS","M","?","M","M","?","E","R","E","T","?","$","E","M","E","R","BOSS","M","M","$","M","M","R","E","R","T","R","M","E","M","E","R","BOSS","R","$","E","BOSS"],"items_purchased_type":["Relic","Relic","Relic","Relic","Card","Relic","Card","Card","Relic","Potion"],"build_version":"2020-12-13","purchased_purges":2,"victory":true,"max_hp_per_floor":[75,75,75,75,75,75,75,75,75,81,81,81,81,81,81,81,81,81,81,81,81,81,81,81,81,81,81,81,81,81,81,81,81,81,81,81,81,81,81,81,81,81,81,81,81,81,81,81,81,81,81,81,81,81,81],"card_choices":[{"not_picked":["ScarletImprint","UnstableMagic"],"picked":"EternalNight","floor":1.0},{"not_picked":["ScarletImprint","UnderTheZenith","VampireClaw"],"picked":"BloodHunter","floor":3.0},{"not_picked":["BlasphemousPunishment","BloodyMagicSquare","UnderTheZenith"],"picked":"StarOfDavid","floor":5.0},{"not_picked":["Stigmanizer","BloodyMagicSquare","TwelveNightmare"],"picked":"BombardNight","floor":6.0},{"not_picked":["RedRainbow","DevilSight","FavorOfDestiny"],"picked":"CharismaGuard","floor":7.0},{"not_picked":["EternalNight","RedRainbow","ScarletDream"],"picked":"DiffusionOfMisfortune","floor":11.0},{"not_picked":["BloodHunter","RedNightlessCastle","RedRainbow"],"picked":"BloodySeventeenLaser","floor":12.0},{"not_picked":["The Bomb","Midas Touch","MostiFishMod:FantasySummer"],"picked":"Panache","floor":13.0},{"not_picked":["ReplayTheSpireMod:Trickstab","Magnetism","Enlightenment"],"picked":"Replay:Bootleg Shield Generator","floor":13.0},{"not_picked":["Jack Of All Trades","Survey Options","Sadistic Nature"],"picked":"ReplayTheSpireMod:Private Reserves","floor":13.0},{"not_picked":["YinYang:ReiMu","Reaper","BigCrunch"],"picked":"MostiFishMod:ReadyAimFire","floor":16.0},{"not_picked":["EmptyFist+1","MostiFishMod:ReprogramOld+1","Static Discharge"],"picked":"TheCursedMod:BloodBarrier","floor":18.0},{"not_picked":["TheCursedMod:CursedSpellbook","Protect","SubcavityInstant:ReiMu+1"],"picked":"SpecialFormula","floor":20.0},{"not_picked":["Replay:Anticipation","MostiFishMod:BrandingRite","SubAcupoint:ReiMu"],"picked":"FIFO Queue","floor":21.0},{"not_picked":["TheCursedMod:CursedMace","hierophant:Racketeering","Replay:Sssssssssshield"],"picked":"Sucker Punch+1","floor":22.0},{"not_picked":["Steam+1","JustLucky","MostiFishMod:Dislodge"],"picked":"Starlight","floor":23.0},{"not_picked":["WonderfulDomain:ReiMu+1","MachineGunSpark","TheCursedMod:CircleOfFlame+1"],"picked":"Manipulate+1","floor":25.0},{"not_picked":["construct:ChargeShot","Leap","TheCursedMod:TacticalStrike"],"picked":"MostiFishMod:PreservedThorns","floor":29.0},{"not_picked":["EmergencyRegeneration+1","OrbThrow:ReiMu","Replay:Sssssssssshield"],"picked":"ReplayTheSpireMod:Strike From Hell","floor":30.0},{"not_picked":["Cold Snap+1","Dash","Starlight+1"],"picked":"Phantasmal Killer","floor":31.0},{"not_picked":["DependentForm:ReiMu","UltimateShortwave","Double Tap"],"picked":"Demon Form","floor":33.0},{"not_picked":["construct:FierceBash","hierophant:Glossolalia","ClearTheMind"],"picked":"ShootingEcho","floor":35.0},{"not_picked":["Replay:Vibes","construct:PointDefense","Rage+1"],"picked":"hierophant:RustyCrate","floor":36.0},{"not_picked":["IllusionStar+1","SubcavityInstant:ReiMu+1","SpringWay:ReiMu+1"],"picked":"Dual Wield+1","floor":38.0},{"not_picked":["TheCursedMod:Wield+1","Flame Barrier","LearningPray:ReiMu+1"],"picked":"RedRainbow+1","floor":39.0},{"not_picked":["ReplayTheSpireMod:GoodbyeWorld","Replay:BluntJabs+1","hierophant:PassingBell+1"],"picked":"Echo Form","floor":41.0},{"not_picked":["TheCursedMod:SmokeScreen+1","Heatsinks+1","Feel No Pain+1"],"picked":"Ricochet","floor":45.0},{"not_picked":["Meditate+1","ReincarnationDial+1","construct:Forcefield"],"picked":"TodaysExpression+1","floor":46.0},{"not_picked":["Amplify","construct:SyphonStrike","construct:VentSteam"],"picked":"Desolation","floor":47.0},{"not_picked":["WheelKick","Self Repair+1","ReplaySort+1"],"picked":"TheCursedMod:CircleOfAmplification","floor":48.0},{"not_picked":["BowlingBash","hierophant:ThreeLashes","Alleviate+1"],"picked":"ReplayTheSpireMod:Fabricate Wheel","floor":54}],"player_experience":49840,"relics_obtained":[{"floor":1.0,"key":"Question Card"},{"floor":5.0,"key":"Toy Ornithopter"},{"floor":6.0,"key":"Bird Faced Urn"},{"floor":9.0,"key":"Centennial Puzzle"},{"floor":9.0,"key":"Replay:Bandana"},{"floor":12.0,"key":"InkBottle"},{"floor":16.0,"key":"ImportantClient"},{"floor":22.0,"key":"Red Mask"},{"floor":23.0,"key":"Snack Pack"},{"floor":25.0,"key":"Replay:Wax Seal"},{"floor":26.0,"key":"PreservedInsect"},{"floor":29.0,"key":"Bag of Marbles"},{"floor":31.0,"key":"Bottled Tornado"},{"floor":41.0,"key":"Boot"},{"floor":43.0,"key":"Frozen Egg 2"},{"floor":46.0,"key":"Quantum Egg"},{"floor":54,"key":"ScarletDevilRocket"}],"event_choices":[{"damage_healed":0.0,"max_hp_gain":0.0,"max_hp_loss":0.0,"gold_gain":0.0,"event_name":"Shining Light","player_choice":"Entered Light","floor":2.0,"gold_loss":0.0,"damage_taken":15.0,"cards_upgraded":["ScarletShoot","Strike_RM"]},{"damage_healed":0.0,"max_hp_gain":0.0,"max_hp_loss":0.0,"gold_gain":0.0,"event_name":"Golden Idol","player_choice":"Take Wound","floor":4.0,"gold_loss":0.0,"damage_taken":0.0,"relics_obtained":["Golden Idol"],"cards_obtained":["Injury"]},{"damage_healed":0.0,"max_hp_gain":0.0,"max_hp_loss":0.0,"gold_gain":0.0,"event_name":"Scrap Ooze","player_choice":"Success","floor":10.0,"gold_loss":0.0,"damage_taken":12.0,"relics_obtained":["vexMod:BerryBomb"]},{"damage_healed":0.0,"max_hp_gain":0.0,"max_hp_loss":0.0,"gold_gain":0.0,"event_name":"Masked Bandits","player_choice":"Fought Bandits","floor":22.0,"gold_loss":0.0,"damage_taken":0.0},{"damage_healed":0.0,"max_hp_gain":0.0,"max_hp_loss":0.0,"gold_gain":0.0,"cards_transformed":["MostiFishMod:ReadyAimFire"],"event_name":"Transmorgrifier","player_choice":"Transformed","floor":27.0,"gold_loss":0.0,"damage_taken":0.0,"cards_obtained":["MiserableFate"]}],"is_beta":false,"boss_relics":[{"not_picked":["TimeKeys","BloodWine"],"picked":"vexMod:ImprovementManual"},{"not_picked":["HereWithMe","Philosopher\u0027s Stone"],"picked":"JellyFishMachine"}],"items_purged_floors":[40,53],"is_endless":false,"potions_floor_spawned":[6,11,18,23,29,30,39,45,46,47,48,54],"ascension_level":0}}