{"host":"cvi30shpqg1ukvbr","time":1608337066,"event":{"mods":["Act Like it!","BaseMod","Better Altar","Better Match","Better Note","Better Sensory Stone","Better Skull","Better Third Choice","Conspire","GifTheSpireLib","Hubris","Infinite Spire","Minty Spire (QoL Compilation)","Relic Stats","Replay The Spire","Shop Mod","Spicy Shops","StSLib","Stuff the Spire"],"gold_per_floor":[11,56,72,72,83,118,118,148,148,148,162,176,192,218,218,323,323,337,337,337,354,629,629,642,642,642,674,688,702,716,716,716],"floor_reached":31,"playtime":1117,"items_purged":[],"score":293,"play_id":"c8c9850e-cf62-4cab-b91c-9272412d823d","local_time":"20201219091746","is_ascension_mode":true,"campfire_choices":[{"floor":7.0,"key":"REST"},{"floor":10.0,"key":"REST"},{"data":"Limit Break","floor":15.0,"key":"SMITH"},{"data":"Shockwave","floor":23.0,"key":"SMITH"},{"data":"infinitespire:Collect","floor":25.0,"key":"SMITH"}],"circlet_count":0,"master_deck":["Strike_R","Strike_R","Strike_R","Strike_R","Defend_R","Defend_R","Defend_R","Bash","Wild Strike","Blood for Blood","StuffTheSpire:Slingshot","Bash+1","Wild Strike","Limit Break+1","Ghostly Armor","Shockwave+1","Wild Strike+1","Cleave+1","Demon Form+1","Fiend Fire+1","Headbutt+1","infinitespire:Collect+1","Sword Boomerang+1","Regret","StuffTheSpire:Pyroclast+1","ReplayTheSpireMod:LeadingStrike+1","Offering+1","Limit Break+1"],"relics":["Burning Blood","Question Card","ReplayTheSpireMod:Ninjato","Molten Egg 2","Golden Egg","Sundial","Black Star","StrikeDummy","StuffTheSpire:RunicConfusion","FaceOfCleric","conspire:DeflatedDodgeball","Darkstone Periapt","The Courier"],"acts_visited":["Exordium","TheCity"],"potions_floor_usage":[31],"damage_taken":[{"damage":13.0,"enemies":"Jaw Worm","floor":1.0,"turns":3.0},{"damage":50.0,"enemies":"conspire:MimicChest","floor":2.0,"turns":7.0},{"damage":1.0,"enemies":"2 Louse","floor":3.0,"turns":3.0},{"damage":0.0,"enemies":"Small Slimes","floor":5.0,"turns":2.0},{"damage":28.0,"enemies":"Gremlin Nob","floor":6.0,"turns":4.0},{"damage":26.0,"enemies":"3 Sentries","floor":8.0,"turns":6.0},{"damage":5.0,"enemies":"Looter","floor":11.0,"turns":3.0},{"damage":21.0,"enemies":"Exordium Thugs","floor":12.0,"turns":4.0},{"damage":7.0,"enemies":"conspire:2 RoseBushes","floor":13.0,"turns":4.0},{"damage":6.0,"enemies":"Gremlin Nob","floor":14.0,"turns":3.0},{"damage":17.0,"enemies":"Hexaghost","floor":16.0,"turns":9.0},{"damage":6.0,"enemies":"conspire:FuzzyDice","floor":18.0,"turns":5.0},{"damage":10.0,"enemies":"Spheric Guardian","floor":21.0,"turns":3.0},{"damage":7.0,"enemies":"Snecko","floor":24.0,"turns":3.0},{"damage":41.0,"enemies":"Book of Stabbing","floor":27.0,"turns":4.0},{"damage":7.0,"enemies":"conspire:HollyBat","floor":28.0,"turns":6.0},{"damage":4.0,"enemies":"3 Cultists","floor":29.0,"turns":4.0},{"damage":14.0,"enemies":"Snake Plant","floor":30.0,"turns":2.0},{"damage":45,"enemies":"conspire:SneckoGhost","floor":31,"turns":3}],"seed_played":"-4734790636906479921","potions_obtained":[{"floor":5.0,"key":"Explosive Potion"},{"floor":6.0,"key":"Fire Potion"},{"floor":13.0,"key":"DistilledChaos"},{"floor":14.0,"key":"Languid Potion"},{"floor":16.0,"key":"Venom Potion"},{"floor":24.0,"key":"DuplicationPotion"},{"floor":27.0,"key":"Fire Potion"},{"floor":30.0,"key":"Languid Potion"}],"is_trial":false,"path_per_floor":["M","?","M","?","M","E","R","E","T","R","M","M","M","E","R","B",null,"M","AVR","?","M","?","R","M","R","T","E","M","M","M","E"],"character_chosen":"IRONCLAD","items_purchased":[],"campfire_rested":2,"item_purchase_floors":[],"current_hp_per_floor":[73,29,34,34,40,18,42,22,22,46,47,32,31,31,31,20,80,80,80,80,77,77,77,77,77,77,43,43,46,39,0,0],"gold":716,"neow_bonus":"REMOVE_TWO","is_daily":false,"chose_seed":false,"campfire_upgraded":3,"win_rate":0.0,"timestamp":1608337066,"path_taken":["M","?","M","?","?","E","R","E","T","R","M","M","M","E","R","BOSS","M","AVR","?","?","?","R","M","R","T","E","?","M","M","E"],"items_purchased_type":[],"build_version":"2020-12-13","purchased_purges":0,"victory":false,"max_hp_per_floor":[80,80,80,80,80,80,80,80,80,80,80,80,80,80,80,80,80,80,80,80,81,81,81,82,82,82,83,84,85,86,86,86],"relic_stats":{"Darkstone Periapt":0,"FaceOfCleric":6,"counters":[19,78],"Sundial":[2],"Black Star":1,"Question Card":19,"obtain_stats":[{"Darkstone Periapt":27,"Golden Egg":9,"ReplayTheSpireMod:Ninjato":6,"The Courier":27,"Question Card":2,"Burning Blood":0,"StuffTheSpire:RunicConfusion":19,"FaceOfCleric":20,"Sundial":14,"Molten Egg 2":8,"Black Star":17,"conspire:DeflatedDodgeball":26,"StrikeDummy":19},{"Darkstone Periapt":15,"Golden Egg":6,"ReplayTheSpireMod:Ninjato":5,"The Courier":15,"Question Card":2,"Burning Blood":0,"StuffTheSpire:RunicConfusion":12,"FaceOfCleric":12,"Sundial":10,"Molten Egg 2":6,"Black Star":11,"conspire:DeflatedDodgeball":14,"StrikeDummy":12},{"Darkstone Periapt":63,"Golden Egg":25,"ReplayTheSpireMod:Ninjato":19,"The Courier":63,"Question Card":10,"Burning Blood":0,"StuffTheSpire:RunicConfusion":53,"FaceOfCleric":53,"Sundial":39,"Molten Egg 2":25,"Black Star":48,"conspire:DeflatedDodgeball":59,"StrikeDummy":53}],"Burning Blood":108},"card_choices":[{"not_picked":["Iron Wave","Infernal Blade"],"picked":"Wild Strike","floor":1.0},{"not_picked":["Replay:Undeath\u0027s Touch","Sword Boomerang"],"picked":"Blood for Blood","floor":2.0},{"not_picked":["Havoc","Sever Soul","Pommel Strike"],"picked":"StuffTheSpire:Slingshot","floor":3.0},{"not_picked":["Thunderclap","Armaments","Sword Boomerang"],"picked":"Wild Strike","floor":5.0},{"not_picked":["ReplayTheSpireMod:Strike From Hell","infinitespire:OneForAll","Entrench"],"picked":"Limit Break","floor":6.0},{"not_picked":["Iron Wave+1","Warcry","Twin Strike+1"],"picked":"Ghostly Armor","floor":8.0},{"not_picked":["hubris:ReadiedAction","ReplayTheSpireMod:Corrosion Curse","Thunderclap+1"],"picked":"Shockwave","floor":11.0},{"not_picked":["Pummel+1","StuffTheSpire:RockThrow+1","Reckless Charge+1"],"picked":"Wild Strike+1","floor":12.0},{"not_picked":["Headbutt+1","Havoc","Life Link"],"picked":"Cleave+1","floor":13.0},{"not_picked":["Flex","Iron Wave+1","Shockwave"],"picked":"Demon Form","floor":14.0},{"not_picked":["Impervious","Bludgeon+1","Eclipse"],"picked":"Fiend Fire+1","floor":16.0},{"not_picked":["Anger+1","Dual Wield","Hemokinesis+1"],"picked":"Headbutt+1","floor":18.0},{"not_picked":["Run Through+1","Spot Weakness","Twin Strike+1"],"picked":"Sword Boomerang+1","floor":21.0},{"not_picked":["Pommel Strike+1","Havoc","Bloodletting"],"picked":"StuffTheSpire:Pyroclast+1","floor":24.0},{"not_picked":["Anger+1","Uppercut+1","StuffTheSpire:RockThrow+1"],"picked":"ReplayTheSpireMod:LeadingStrike+1","floor":27.0},{"not_picked":["Pommel Strike+1","Defy Death+1","Replay:Undeath\u0027s Touch+1","Havoc+1"],"picked":"SKIP","floor":28.0},{"not_picked":["hubris:ReadiedAction","Havoc","Warcry+1"],"picked":"Offering","floor":29.0},{"not_picked":["Carnage+1","True Grit","Run Through+1"],"picked":"Limit Break","floor":30.0}],"player_experience":1754207,"relics_obtained":[{"floor":2.0,"key":"Question Card"},{"floor":6.0,"key":"ReplayTheSpireMod:Ninjato"},{"floor":8.0,"key":"Molten Egg 2"},{"floor":9.0,"key":"Golden Egg"},{"floor":14.0,"key":"Sundial"},{"floor":26.0,"key":"conspire:DeflatedDodgeball"},{"floor":27.0,"key":"Darkstone Periapt"},{"floor":27.0,"key":"The Courier"}],"event_choices":[{"damage_healed":0.0,"max_hp_gain":0.0,"max_hp_loss":0.0,"gold_gain":1.0,"event_name":"betterStone:BetterStone","player_choice":"4","floor":4.0,"gold_loss":0.0,"damage_taken":0.0,"cards_obtained":["Bash"]},{"damage_healed":0.0,"max_hp_gain":0.0,"max_hp_loss":0.0,"gold_gain":0.0,"event_name":"FaceTrader","player_choice":"Trade","floor":20.0,"gold_loss":0.0,"damage_taken":0.0,"relics_obtained":["FaceOfCleric"]},{"damage_healed":0.0,"max_hp_gain":0.0,"max_hp_loss":0.0,"gold_gain":275.0,"event_name":"Golden Shrine","player_choice":"Desecrate","floor":22.0,"gold_loss":0.0,"damage_taken":0.0,"cards_obtained":["Regret"]}],"is_beta":false,"boss_relics":[{"not_picked":["Abe\u0027s Treasure","hubris:TerracottaHorce"],"picked":"Black Star"}],"items_purged_floors":[],"is_endless":false,"potions_floor_spawned":[5,6,13,14,16,24,27,30],"killed_by":"conspire:SneckoGhost","ascension_level":1}}