{"host":"rc8mq8p9nwipzqut","time":1608402975,"event":{"mods":["2.2 Compatiblity","AchievementEnabler","BaseMod","Colored Map","Defective Defect","Downfall","Jorbs\u0027s Wanderer Trilogy","Marisa????????","Minty Spire (QoL Compilation)","Rare Cards Sparkle","Replay The Spire","Spicy Shops","StSLib","The Animator","The Cursed","The Disciple","The Senshi","The Servant 0.9.4"],"gold_per_floor":[117,134,149,167,186,186,204,204,277,277,295,318,36,36,36,132,132,146,146,165,165,175,175,195,195,195,195,209,9,26,45,45,45,45],"floor_reached":33,"playtime":4380,"items_purged":[],"score":268,"play_id":"59e92d87-ee93-41e7-96d4-aacebe52e999","local_time":"20201219133615","daily_mods":["Draft"],"is_ascension_mode":false,"campfire_choices":[{"data":"Anger","floor":6,"key":"SMITH"},{"data":"Cleave","floor":8,"key":"SMITH"},{"data":"Power Through","floor":10,"key":"SMITH"},{"data":"Carnage","floor":23,"key":"SMITH"},{"data":"Ghostly Armor","floor":25,"key":"SMITH"},{"floor":32,"key":"REST"}],"circlet_count":0,"master_deck":["Thunderclap","True Grit","Sword Boomerang","Clothesline","Run Through","Warcry","Shrug It Off","Power Through+1","Ghostly Armor+1","ReplayTheSpireMod:LeadingStrike","Cleave+1","Sentinel","Thunderclap","Anger+1","Metallicize","Armaments+1","Power Through","ReplayTheSpireMod:Limb From Limb","Blood for Blood","Wild Strike","Pommel Strike","Replay:Undeath\u0027s Touch","ReplayTheSpireMod:Splinters","Carnage+1","Defy Death","Headbutt","Regret","Hemogenesis","Ghostly Armor","Carnage","Flex","Fiend Fire","Voices","Havoc","Havoc","Cleave","Power Through"],"relics":["Burning Blood","StrikeDummy","StoneCalendar","Orichalcum","Centennial Puzzle","sneckomod:SneckoTalon","Blue Candle","Matryoshka","Ring of Searing","ReplayTheSpireMod:Ring of Collecting","ClockworkSouvenir"],"acts_visited":["Exordium","TheCity"],"potions_floor_usage":[5,16,16,16,30,30,33,33],"damage_taken":[{"damage":0,"enemies":"Cultist","floor":1,"turns":3},{"damage":0,"enemies":"2 Louse","floor":2,"turns":1},{"damage":0,"enemies":"Jaw Worm","floor":3,"turns":4},{"damage":2,"enemies":"Blue Slaver","floor":4,"turns":5},{"damage":7,"enemies":"Exordium Wildlife","floor":5,"turns":4},{"damage":9,"enemies":"2 Fungi Beasts","floor":7,"turns":2},{"damage":5,"enemies":"Blue Slaver","floor":11,"turns":2},{"damage":48,"enemies":"The Guardian","floor":16,"turns":8},{"damage":5,"enemies":"Chosen","floor":18,"turns":3},{"damage":12,"enemies":"Shell Parasite","floor":20,"turns":5},{"damage":5,"enemies":"Snecko","floor":22,"turns":6},{"damage":12,"enemies":"Shelled Parasite and Fungi","floor":24,"turns":6},{"damage":5,"enemies":"Snake Plant","floor":28,"turns":2},{"damage":16,"enemies":"3 Cultists","floor":30,"turns":4},{"damage":7,"enemies":"Chosen and Byrds","floor":31,"turns":5},{"damage":93,"enemies":"Automaton","floor":33,"turns":6}],"seed_played":"3105749161076866718","potions_obtained":[{"floor":1,"key":"Languid Potion"},{"floor":4,"key":"DuplicationPotion"},{"floor":5,"key":"SpeedPotion"},{"floor":22,"key":"sneckomod:MuddlingPotion"},{"floor":24,"key":"Explosive Potion"},{"floor":28,"key":"Elixir"},{"floor":30,"key":"Energy Potion"}],"is_trial":true,"path_per_floor":["M","M","M","M","M","R","M","R","T","R","M","?","$","?","R_BF","B",null,"M","?","M","T","M","R","M","R","T","?","M","$","M","M","R","B"],"character_chosen":"IRONCLAD","items_purchased":["BloodPotion","Orichalcum","Defy Death","Headbutt","ClockworkSouvenir","Havoc"],"campfire_rested":1,"item_purchase_floors":[13,13,13,13,29,29],"current_hp_per_floor":[80,80,80,80,79,79,76,76,76,76,77,77,77,77,80,54,80,80,80,79,79,80,80,74,74,74,74,75,75,65,64,80,0,0],"gold":45,"neow_bonus":"","is_daily":false,"chose_seed":false,"campfire_upgraded":5,"win_rate":0.0,"timestamp":1608402975,"path_taken":["M","M","?","M","M","R","M","R","T","R","M","?","$","?","R_BF","BOSS","M","?","M","?","M","R","M","R","T","?","M","?","?","M","R","BOSS"],"items_purchased_type":["Potion","Relic","Card","Card","Relic","Card"],"build_version":"2020-12-13","purchased_purges":0,"victory":false,"max_hp_per_floor":[80,80,80,80,80,80,80,80,80,80,80,80,80,80,80,80,80,80,80,80,80,80,80,80,80,80,80,80,80,80,80,80,80,80],"card_choices":[{"not_picked":["Clash","Perfected Strike"],"picked":"Thunderclap","floor":0},{"not_picked":["Clash","Defy Death"],"picked":"True Grit","floor":0},{"not_picked":["Heavy Blade","Body Slam"],"picked":"Sword Boomerang","floor":0},{"not_picked":["Havoc","Sword Boomerang"],"picked":"Clothesline","floor":0},{"not_picked":["Sever Soul","Massacre"],"picked":"Run Through","floor":0},{"not_picked":["Burning Pact","Pommel Strike"],"picked":"Warcry","floor":0},{"not_picked":["Metallicize","ReplayTheSpireMod:Strike From Hell"],"picked":"Shrug It Off","floor":0},{"not_picked":["Run Through","Bloodletting"],"picked":"Power Through","floor":0},{"not_picked":["Cleave","ReplayTheSpireMod:Strike From Hell"],"picked":"Ghostly Armor","floor":0},{"not_picked":["ReplayTheSpireMod:Corrosion Curse","Heavy Blade"],"picked":"ReplayTheSpireMod:LeadingStrike","floor":0},{"not_picked":["Massacre","Clothesline"],"picked":"Cleave","floor":0},{"not_picked":["Run Through","Combust"],"picked":"Sentinel","floor":0},{"not_picked":["Burning Pact","Pommel Strike"],"picked":"Thunderclap","floor":0},{"not_picked":["Metallicize","Clothesline"],"picked":"Anger","floor":0},{"not_picked":["Headbutt","Sword Boomerang"],"picked":"Metallicize","floor":0},{"not_picked":["Sword Boomerang","Replay:Undeath\u0027s Touch"],"picked":"Armaments","floor":1},{"not_picked":["Heavy Blade","Entrench"],"picked":"Power Through","floor":2},{"not_picked":["Sentinel","Armaments"],"picked":"ReplayTheSpireMod:Limb From Limb","floor":3},{"not_picked":["Replay:Undeath\u0027s Touch","Wild Strike"],"picked":"Blood for Blood","floor":4},{"not_picked":["Disarm","Inflame"],"picked":"Wild Strike","floor":5},{"not_picked":["Battle Trance","Wild Strike"],"picked":"Pommel Strike","floor":7},{"not_picked":["Searing Blow","Cleave"],"picked":"Replay:Undeath\u0027s Touch","floor":11},{"not_picked":["Flex","Twin Strike"],"picked":"Carnage","floor":12},{"not_picked":["Bludgeon","Corruption"],"picked":"Hemogenesis","floor":16},{"not_picked":["Sentinel","Havoc"],"picked":"Ghostly Armor","floor":18},{"not_picked":["Heavy Blade","Life Link"],"picked":"Carnage","floor":20},{"not_picked":["Hemokinesis","Warcry"],"picked":"Flex","floor":22},{"not_picked":["Armaments","Heavy Blade"],"picked":"Fiend Fire","floor":24},{"not_picked":["Defy Death","Perfected Strike"],"picked":"Havoc","floor":28},{"not_picked":["Abandon","Clash"],"picked":"Cleave","floor":30},{"not_picked":["Sword Boomerang","Evolve"],"picked":"Power Through","floor":31}],"player_experience":753690,"relics_obtained":[{"floor":9,"key":"StrikeDummy"},{"floor":12,"key":"StoneCalendar"},{"floor":21,"key":"Blue Candle"},{"floor":26,"key":"Matryoshka"},{"floor":27,"key":"Ring of Searing"},{"floor":27,"key":"ReplayTheSpireMod:Ring of Collecting"}],"event_choices":[{"damage_healed":0,"gold_gain":0,"player_choice":"Box","damage_taken":0,"relics_obtained":["Centennial Puzzle"],"max_hp_gain":0,"max_hp_loss":0,"event_name":"Big Fish","floor":14,"gold_loss":0,"cards_obtained":["Regret"]},{"damage_healed":0,"gold_gain":0,"player_choice":"Simplicity","damage_taken":0,"max_hp_gain":0,"max_hp_loss":0,"event_name":"Back to Basics","floor":19,"gold_loss":0,"cards_upgraded":[]}],"is_beta":false,"boss_relics":[{"not_picked":["Abe\u0027s Treasure","Black Star"],"picked":"sneckomod:SneckoTalon"}],"items_purged_floors":[],"is_endless":false,"potions_floor_spawned":[1,4,5,22,24,28,30],"killed_by":"Automaton","ascension_level":0}}