{"host":"jpol0bbzretdyr3c","time":1608374193,"event":{"mods":["Act Like it!","BaseMod","Colored Map","Downfall","Gensokyo","Googly Eyes","Hallownest","Koishi","Marisa????????","Minty Spire (QoL Compilation)","Replay The Spire","StSLib","The Jungle","The Servant 0.9.4"],"gold_per_floor":[99,127,127,142,152,152,179,207,207,207],"floor_reached":9,"playtime":499,"items_purged":[],"score":59,"play_id":"7d8e7d6e-1887-420c-8cd4-eee8e7257f1e","local_time":"20201219023633","is_ascension_mode":false,"campfire_choices":[{"floor":1,"key":"RECALL"},{"data":"champ:RecklessLeap","floor":3,"key":"SMITH"},{"data":"champ:Taunt","floor":6,"key":"SMITH"}],"circlet_count":0,"master_deck":["champ:Strike","champ:Strike","champ:Strike","champ:Strike","champ:Defend","champ:Defend","champ:Defend","champ:Defend","champ:Execute","champ:Taunt+1","champ:FaceSlap","champ:RecklessLeap+1","champ:GladiatorsShout","champ:CrownThrow","champ:PreciseThrust"],"relics":["champ:ChampionCrown","Replay:Mystery Machine","Odd Mushroom"],"acts_visited":["Exordium"],"potions_floor_usage":[9],"damage_taken":[{"damage":45,"enemies":"3 Sentries","floor":2,"turns":9},{"damage":10,"enemies":"Jaw Worm","floor":4,"turns":3},{"damage":22,"enemies":"Small Slimes","floor":5,"turns":4},{"damage":42,"enemies":"The Mushroom Lair","floor":8,"turns":5},{"damage":38,"enemies":"Lagavulin","floor":9,"turns":3}],"seed_played":"-8088487908667260828","potions_obtained":[{"floor":5,"key":"PowerPotion"}],"is_trial":false,"path_per_floor":["R","E","R","M","M","R","T","?","E"],"character_chosen":"THE_CHAMP","items_purchased":[],"campfire_rested":0,"item_purchase_floors":[],"current_hp_per_floor":[90,60,60,55,53,53,53,37,0,0],"gold":207,"neow_bonus":"THREE_CARDS","is_daily":false,"chose_seed":false,"campfire_upgraded":2,"win_rate":0.0,"timestamp":1608374193,"path_taken":["R","E","R","M","M","R","T","?","E"],"items_purchased_type":[],"build_version":"2020-12-13","purchased_purges":0,"victory":false,"max_hp_per_floor":[90,90,90,90,90,90,90,90,90,90],"card_choices":[{"not_picked":["champ:BladeFlurry","champ:Haymaker"],"picked":"champ:FaceSlap","floor":0},{"not_picked":["champ:DancingMaster","champ:BringItOn"],"picked":"champ:RecklessLeap","floor":2},{"not_picked":["champ:BringItOn","champ:FlashCut"],"picked":"champ:GladiatorsShout","floor":4},{"not_picked":["champ:PerfectedStrike","champ:FanOfKnives"],"picked":"champ:CrownThrow","floor":5},{"not_picked":["champ:StanceDance","champ:ShieldWall"],"picked":"champ:PreciseThrust","floor":8}],"player_experience":430566,"relics_obtained":[{"floor":2,"key":"Replay:Mystery Machine"},{"floor":8,"key":"Odd Mushroom"}],"event_choices":[{"damage_healed":0,"gold_gain":0,"player_choice":"Fought Mushrooms","damage_taken":0,"max_hp_gain":0,"max_hp_loss":0,"event_name":"Mushrooms","floor":8,"gold_loss":0}],"is_beta":false,"boss_relics":[],"items_purged_floors":[],"is_endless":false,"potions_floor_spawned":[5],"killed_by":"Lagavulin","ascension_level":0}}