{"host":"yy8mitdds7tg9c5m","time":1608376344,"event":{"mods":["Act Like it!","AlwaysNeverKeys","BaseMod","Better Note","Better Third Choice","Duelist Mod","GifTheSpireLib","Infinite Spire","Minty Spire (QoL Compilation)","Permanent Neow","Quick Restart","StSLib","egg"],"gold_per_floor":[137,137,137,157,176,206,206,232,232,232,232,72,92,15,15,86,86,46,46],"floor_reached":18,"playtime":667,"items_purged":["theDuelist:ArchfiendSoldier"],"score":336,"play_id":"9c3113f4-ef69-4796-b503-dcf79ab7de37","local_time":"20201219071224","is_ascension_mode":true,"campfire_choices":[{"floor":7,"key":"REST"},{"data":"Enlightenment","floor":15,"key":"SMITH"}],"circlet_count":0,"master_deck":["theDuelist:ArmoredZombie","AscendersBane","theDuelist:CastleWalls","theDuelist:CastleWalls","theDuelist:ClownZombie","theDuelist:PatricianDarkness","theDuelist:ShallowGrave","theDuelist:Sparks","theDuelist:Sparks","theDuelist:SummonedSkull","Enlightenment+1","theDuelist:WingedKuriboh+1","infinitespire:Oblivion+1","theDuelist:SoulAbsorbingBone","theDuelist:Wasteland","theDuelist:BookLife"],"relics":["theDuelist:MillenniumPuzzle","theDuelist:CardPoolRelic","theDuelist:CardPoolBasicRelic","theDuelist:BoosterPackPoolRelic","theDuelist:CardPoolAddRelic","theDuelist:CardPoolMinusRelic","theDuelist:CardPoolSaveRelic","theDuelist:CardPoolOptionsRelic","NeowsBlessing","FaceOfCleric","Molten Egg 2","Potion Belt","theDuelist:GiftAnubis","theDuelist:GamblerChip"],"acts_visited":["Exordium","TheCity"],"potions_floor_usage":[6,8],"damage_taken":[{"damage":0,"enemies":"Small Slimes","floor":1,"turns":1},{"damage":0,"enemies":"2 Louse","floor":4,"turns":1},{"damage":0,"enemies":"Cultist","floor":5,"turns":1},{"damage":27,"enemies":"3 Sentries","floor":6,"turns":9},{"damage":16,"enemies":"Gremlin Nob","floor":8,"turns":4},{"damage":0,"enemies":"2 Fungi Beasts","floor":13,"turns":2},{"damage":31,"enemies":"Hexaghost","floor":16,"turns":6},{"damage":6,"enemies":"2 Thieves","floor":18,"turns":2}],"seed_played":"-8341129315621822696","potions_obtained":[{"floor":1,"key":"DuplicationPotion"},{"floor":6,"key":"ColorlessPotion"},{"floor":8,"key":"theDuelist:ExtraOrbsBottle"}],"is_trial":false,"path_per_floor":["M","?","?","M","M","E","R","E","T","?","?","$","M","$","R","B",null,"M"],"character_chosen":"THE_DUELIST","items_purchased":["theDuelist:SoulAbsorbingBone","theDuelist:Wasteland"],"campfire_rested":1,"item_purchase_floors":[12,14],"current_hp_per_floor":[63,63,63,64,65,39,60,45,45,28,50,50,51,51,51,21,62,56,56],"gold":46,"neow_bonus":"THREE_ENEMY_KILL","is_daily":false,"chose_seed":false,"campfire_upgraded":1,"win_rate":0.0,"timestamp":1608376344,"path_taken":["M","?","?","M","?","E","R","E","T","?","?","$","M","?","R","BOSS","M"],"items_purchased_type":["Card","Card"],"build_version":"2020-12-13","purchased_purges":1,"victory":false,"max_hp_per_floor":[70,70,70,71,72,73,73,74,74,74,74,74,75,75,75,76,76,76,76],"card_choices":[{"not_picked":["theDuelist:FiendishChain","theDuelist:Mispolymerization","theDuelist:HauntedShrine","theDuelist:GhostrickVanish","theDuelist:GhostrickScare"],"picked":"SKIP","floor":1},{"not_picked":["Impatience","Madness","Swift Strike"],"picked":"Enlightenment","floor":4},{"not_picked":["theDuelist:OvertexQoatlus","theDuelist:MammothGraveyard","theDuelist:FossilSkullknight","theDuelist:FossilSkullKing","theDuelist:Chewbone"],"picked":"SKIP","floor":5},{"not_picked":["theDuelist:FortressWarrior+1","theDuelist:Polymerization","theDuelist:GolemSentry","theDuelist:BattleFootballer"],"picked":"theDuelist:WingedKuriboh+1","floor":6},{"not_picked":["theDuelist:ZombieWarrior+1","theDuelist:GhostrickAlucard+1","theDuelist:VampireSorcerer","theDuelist:Tengu","theDuelist:MammothGraveyard+1"],"picked":"SKIP","floor":8},{"not_picked":["infinitespire:FutureSight","infinitespire:Punishment"],"picked":"infinitespire:Oblivion","floor":10},{"not_picked":["theDuelist:FossilSkullKing+1","theDuelist:LabyrinthWall","theDuelist:RainbowOverdragon+1","theDuelist:GemElephant","theDuelist:GemArmadillo"],"picked":"SKIP","floor":13},{"not_picked":["theDuelist:VendreadNightmare","theDuelist:VendreadDaybreak+1","theDuelist:RobbinZombie+1","theDuelist:InstantFusion"],"picked":"theDuelist:BookLife","floor":16}],"player_experience":267548,"relics_obtained":[{"floor":6,"key":"Molten Egg 2"},{"floor":8,"key":"Potion Belt"},{"floor":9,"key":"theDuelist:GiftAnubis"}],"event_choices":[{"damage_healed":0,"gold_gain":0,"player_choice":"Trade","damage_taken":0,"relics_obtained":["FaceOfCleric"],"max_hp_gain":0,"max_hp_loss":0,"event_name":"FaceTrader","floor":3,"gold_loss":0}],"is_beta":false,"boss_relics":[{"not_picked":["Runic Cube","HoveringKite"],"picked":"theDuelist:GamblerChip"}],"items_purged_floors":[12],"is_endless":false,"potions_floor_spawned":[1,6,8],"killed_by":"2 Thieves","ascension_level":20}}