{"host":"ja297la2wpvv1dvv","time":1608351206,"event":{"mods":["AchievementEnabler","BaseMod","Bestiary","Colored Map","Colored Powertips","Curses Come First","Minty Spire (QoL Compilation)","StSLib"],"gold_per_floor":[114,114,49,62,75,75,115,129,154,204,204,213,213,213,213,348,348,382,382,410,435,11,11,32,44,56,100,142,28,50,73,73,202,229,259,268,11,34,34,34,81,81,132,166,196,220,250,0,0,0,0],"floor_reached":50,"playtime":5295,"items_purged":["Decay","Injury"],"score":584,"play_id":"358b9f45-7dc3-4fcf-9736-d4692ee08b96","local_time":"20201218221326","is_ascension_mode":false,"campfire_choices":[{"data":"Eruption","floor":6.0,"key":"SMITH"},{"floor":11.0,"key":"REST"},{"data":"MentalFortress","floor":13.0,"key":"SMITH"},{"data":"Panache","floor":15.0,"key":"SMITH"},{"floor":25.0,"key":"RECALL"},{"floor":32.0,"key":"REST"},{"floor":40,"key":"REST"},{"floor":42,"key":"REST"},{"floor":49,"key":"REST"}],"circlet_count":0,"master_deck":["Strike_P+1","Defend_P","Defend_P","Defend_P","Eruption+1","Vigilance","Panache+1","MentalFortress+1","PathToVictory","FlurryOfBlows+1","ThirdEye","Tantrum","Protect","WheelKick","Ragnarok+1","FollowUp+1","FlurryOfBlows","Worship","Prostrate","FlyingSleeves","EmptyBody","Consecrate","BattleHymn","Halt","MentalFortress+1","Devotion","ClearTheMind","Prostrate","Devotion","Judgement+1","PathToVictory+1","BowlingBash+1","Vengeance","PathToVictory","JustLucky+1","Protect+1","EmptyBody+1","Halt","Evaluate","CrushJoints+1"],"relics":["PureWater","Golden Idol","MealTicket","Bag of Preparation","CeramicFish","Whetstone","Fusion Hammer","TheAbacus","Centennial Puzzle","MawBank","Sundial","Astrolabe","Akabeko","Bag of Marbles","Lantern","Lee\u0027s Waffle"],"acts_visited":["Exordium","TheCity","TheBeyond"],"potions_floor_usage":[50,50,50],"damage_taken":[{"damage":0.0,"enemies":"Jaw Worm","floor":1.0,"turns":2.0},{"damage":0.0,"enemies":"Cultist","floor":4.0,"turns":3.0},{"damage":11.0,"enemies":"Small Slimes","floor":5.0,"turns":4.0},{"damage":17.0,"enemies":"Gremlin Nob","floor":7.0,"turns":5.0},{"damage":0.0,"enemies":"3 Louse","floor":8.0,"turns":2.0},{"damage":9.0,"enemies":"3 Sentries","floor":10.0,"turns":4.0},{"damage":0.0,"enemies":"Slime Boss","floor":16.0,"turns":4.0},{"damage":5.0,"enemies":"3 Byrds","floor":18.0,"turns":4.0},{"damage":0.0,"enemies":"Chosen","floor":20.0,"turns":3.0},{"damage":3.0,"enemies":"Sentry and Sphere","floor":21.0,"turns":3.0},{"damage":37.0,"enemies":"Snake Plant","floor":27.0,"turns":3.0},{"damage":4.0,"enemies":"Shelled Parasite and Fungi","floor":28.0,"turns":2.0},{"damage":13.0,"enemies":"3 Cultists","floor":30.0,"turns":5.0},{"damage":21.0,"enemies":"Snake Plant","floor":31.0,"turns":3.0},{"damage":19.0,"enemies":"Collector","floor":33.0,"turns":8.0},{"damage":36.0,"enemies":"Orb Walker","floor":35.0,"turns":3.0},{"damage":0.0,"enemies":"3 Shapes","floor":38.0,"turns":2.0},{"damage":10,"enemies":"Reptomancer","floor":41,"turns":2},{"damage":21,"enemies":"Maw","floor":44,"turns":6},{"damage":38,"enemies":"Sphere and 2 Shapes","floor":45,"turns":4},{"damage":2,"enemies":"Spire Growth","floor":46,"turns":4},{"damage":0,"enemies":"Maw","floor":47,"turns":6},{"damage":88,"enemies":"Awakened One","floor":50,"turns":8}],"seed_played":"-1928700243177727672","potions_obtained":[{"floor":4.0,"key":"BlessingOfTheForge"},{"floor":7.0,"key":"Strength Potion"},{"floor":8.0,"key":"Block Potion"},{"floor":20.0,"key":"StancePotion"},{"floor":21.0,"key":"Energy Potion"},{"floor":33.0,"key":"SkillPotion"},{"floor":35.0,"key":"Block Potion"},{"floor":44,"key":"LiquidBronze"}],"is_trial":false,"path_per_floor":["M","?","?","M","M","R","E","M","T","E","R","?","R","?","R","B",null,"M","?","M","M","$","?","?","R","T","M","M","$","M","M","R","B",null,"M","?","$","M","?","R","E","R","T","M","M","M","M","$","R","B"],"character_chosen":"WATCHER","items_purchased":["TheAbacus","Centennial Puzzle","Prostrate","FlyingSleeves","EmptyBody","Consecrate","Devotion","Akabeko","PathToVictory","Lee\u0027s Waffle"],"campfire_rested":5,"item_purchase_floors":[22,22,22,22,22,22,29,37,37,48],"current_hp_per_floor":[65,65,65,65,54,54,37,37,37,28,47,47,47,52,52,52,70,65,52,52,49,64,64,64,64,64,27,23,38,25,4,26,7,75,39,39,54,54,54,75,65,75,75,54,16,14,14,82,82,0,0],"gold":0,"neow_bonus":"RANDOM_COLORLESS_2","is_daily":false,"chose_seed":false,"campfire_upgraded":3,"win_rate":0.0,"timestamp":1608351206,"path_taken":["M","?","?","M","M","R","E","?","T","E","R","?","R","?","R","BOSS","M","?","M","M","$","?","?","R","T","M","?","?","M","M","R","BOSS","M","?","$","M","?","R","E","R","T","M","M","?","M","$","R","BOSS"],"items_purchased_type":["Relic","Relic","Card","Card","Card","Card","Card","Relic","Card","Relic"],"build_version":"2020-12-13","purchased_purges":2,"victory":false,"max_hp_per_floor":[65,65,65,65,65,65,65,65,65,65,65,65,65,70,70,70,70,70,75,75,75,75,75,75,75,75,75,75,75,75,75,75,75,75,75,75,75,75,75,75,75,75,75,75,75,75,75,82,82,82,82],"card_choices":[{"not_picked":["Apotheosis","Mayhem"],"picked":"Panache","floor":0.0},{"not_picked":["ClearTheMind","SashWhip"],"picked":"MentalFortress","floor":1.0},{"not_picked":["SashWhip","EmptyBody"],"picked":"PathToVictory","floor":4.0},{"not_picked":["CarveReality","Meditate"],"picked":"FlurryOfBlows","floor":5.0},{"not_picked":["Establishment","ConjureBlade"],"picked":"ThirdEye","floor":7.0},{"not_picked":["Consecrate","EmptyFist"],"picked":"Tantrum","floor":8.0},{"not_picked":["MentalFortress","Tantrum"],"picked":"Protect","floor":10.0},{"not_picked":["Devotion","Establishment"],"picked":"Ragnarok","floor":16.0},{"not_picked":["EmptyFist","ReachHeaven"],"picked":"FollowUp+1","floor":18.0},{"not_picked":["Worship","Evaluate"],"picked":"FlurryOfBlows","floor":20.0},{"not_picked":["ClearTheMind","Protect"],"picked":"Worship","floor":21.0},{"not_picked":["Consecrate","FlurryOfBlows"],"picked":"Halt","floor":27.0},{"not_picked":["BattleHymn+1","SashWhip+1"],"picked":"MentalFortress+1","floor":28.0},{"not_picked":["EmptyMind","Omniscience"],"picked":"ClearTheMind","floor":30.0},{"not_picked":["Crescendo","ThirdEye"],"picked":"Prostrate","floor":31.0},{"not_picked":["Ragnarok","ConjureBlade"],"picked":"Devotion","floor":33.0},{"not_picked":["WheelKick+1","Swivel+1"],"picked":"Vengeance","floor":35.0},{"not_picked":["WindmillStrike","Worship+1"],"picked":"JustLucky+1","floor":38},{"not_picked":["ThirdEye","Prostrate"],"picked":"Protect+1","floor":41},{"not_picked":["Prostrate+1","WreathOfFlame"],"picked":"EmptyBody+1","floor":44},{"not_picked":["Tantrum+1","CarveReality"],"picked":"Halt","floor":45},{"not_picked":["Wallop+1","Worship+1"],"picked":"Evaluate","floor":46},{"not_picked":["ClearTheMind","Evaluate"],"picked":"CrushJoints+1","floor":47}],"player_experience":152697,"relics_obtained":[{"floor":7.0,"key":"Bag of Preparation"},{"floor":9.0,"key":"CeramicFish"},{"floor":10.0,"key":"Whetstone"},{"floor":26.0,"key":"Sundial"},{"floor":41,"key":"Bag of Marbles"},{"floor":43,"key":"Lantern"}],"event_choices":[{"damage_healed":0.0,"max_hp_gain":0.0,"max_hp_loss":0.0,"gold_gain":0.0,"event_name":"Golden Idol","player_choice":"Take Wound","floor":2.0,"gold_loss":0.0,"damage_taken":0.0,"relics_obtained":["Golden Idol"],"cards_obtained":["Injury"]},{"damage_healed":0.0,"max_hp_gain":0.0,"max_hp_loss":0.0,"gold_gain":0.0,"event_name":"WeMeetAgain","player_choice":"Paid Gold","floor":3.0,"gold_loss":65.0,"damage_taken":0.0,"relics_obtained":["MealTicket"]},{"damage_healed":0.0,"max_hp_gain":0.0,"max_hp_loss":0.0,"gold_gain":0.0,"cards_transformed":["Strike_P"],"event_name":"Living Wall","player_choice":"Change","floor":12.0,"gold_loss":0.0,"damage_taken":0.0,"cards_obtained":["WheelKick"]},{"damage_healed":0.0,"max_hp_gain":5.0,"max_hp_loss":0.0,"gold_gain":0.0,"event_name":"Big Fish","player_choice":"Donut","floor":14.0,"gold_loss":0.0,"damage_taken":0.0},{"damage_healed":0.0,"max_hp_gain":5.0,"max_hp_loss":0.0,"gold_gain":0.0,"event_name":"Forgotten Altar","player_choice":"Shed Blood","floor":19.0,"gold_loss":0.0,"damage_taken":18.0},{"damage_healed":0.0,"max_hp_gain":0.0,"max_hp_loss":0.0,"gold_gain":0.0,"event_name":"The Mausoleum","player_choice":"Opened","floor":23.0,"gold_loss":0.0,"damage_taken":0.0,"relics_obtained":["MawBank"]},{"damage_healed":0.0,"max_hp_gain":0.0,"max_hp_loss":0.0,"gold_gain":0.0,"event_name":"The Library","player_choice":"Read","floor":24.0,"gold_loss":0.0,"damage_taken":0.0,"cards_obtained":["BattleHymn"]},{"damage_healed":0.0,"max_hp_gain":0.0,"max_hp_loss":0.0,"gold_gain":0.0,"event_name":"Wheel of Change","player_choice":"Cursed","floor":36.0,"gold_loss":0.0,"damage_taken":0.0,"cards_obtained":["Decay"]},{"damage_healed":0,"gold_gain":0,"player_choice":"Forge","damage_taken":0,"max_hp_gain":0,"max_hp_loss":0,"event_name":"Accursed Blacksmith","floor":39,"gold_loss":0,"cards_upgraded":["Ragnarok"]}],"is_beta":false,"boss_relics":[{"not_picked":["Coffee Dripper","SacredBark"],"picked":"Fusion Hammer"},{"not_picked":["Black Star","Empty Cage"],"picked":"Astrolabe"}],"items_purged_floors":[37,48],"is_endless":false,"potions_floor_spawned":[4,7,8,20,21,33,35,44,45],"killed_by":"Awakened One","ascension_level":0}}