{"host":"q87smtchbkq9l0at","time":1608371093,"event":{"mods":["BaseMod","Colored Map","Colored Powertips","Minty Spire (QoL Compilation)","Quick Restart","StSLib","SuperFastMode"],"gold_per_floor":[11,23,23,39,39,68,68,102,102,102,118,130,140,152,152,257,257,269,269,284,284,295,295,295],"floor_reached":23,"playtime":696,"items_purged":[],"score":240,"play_id":"5fe6632d-6748-4b89-80ba-4400eb55c2cf","local_time":"20201219174453","is_ascension_mode":true,"campfire_choices":[{"data":"Limit Break","floor":7.0,"key":"SMITH"},{"floor":10.0,"key":"REST"},{"floor":15.0,"key":"RECALL"}],"circlet_count":0,"master_deck":["Defend_R","Defend_R","Defend_R","Bash","Limit Break+1","Flex","Clash","Reaper","Shockwave","Limit Break","Ghostly Armor","Bite","Bite","Bite","Bite","Bite","Heavy Blade","Spot Weakness"],"relics":["Burning Blood","Gremlin Horn","Blue Candle","Empty Cage"],"acts_visited":["Exordium","TheCity"],"potions_floor_usage":[22],"damage_taken":[{"damage":0.0,"enemies":"Small Slimes","floor":1.0,"turns":3.0},{"damage":5.0,"enemies":"Jaw Worm","floor":2.0,"turns":4.0},{"damage":5.0,"enemies":"Cultist","floor":4.0,"turns":4.0},{"damage":29.0,"enemies":"Gremlin Nob","floor":6.0,"turns":4.0},{"damage":13.0,"enemies":"Lagavulin","floor":8.0,"turns":3.0},{"damage":21.0,"enemies":"Exordium Wildlife","floor":11.0,"turns":4.0},{"damage":5.0,"enemies":"Large Slime","floor":12.0,"turns":7.0},{"damage":3.0,"enemies":"3 Louse","floor":13.0,"turns":3.0},{"damage":8.0,"enemies":"2 Fungi Beasts","floor":14.0,"turns":3.0},{"damage":42.0,"enemies":"The Guardian","floor":16.0,"turns":9.0},{"damage":7.0,"enemies":"Chosen","floor":18.0,"turns":5.0},{"damage":28.0,"enemies":"2 Thieves","floor":20.0,"turns":4.0},{"damage":28,"enemies":"Sentry and Sphere","floor":22,"turns":5},{"damage":71,"enemies":"Slavers","floor":23,"turns":3}],"seed_played":"-6626201293496483822","potions_obtained":[{"floor":4.0,"key":"Swift Potion"},{"floor":5.0,"key":"HeartOfIron"},{"floor":5.0,"key":"Fruit Juice"},{"floor":5.0,"key":"SkillPotion"},{"floor":6.0,"key":"DuplicationPotion"},{"floor":11.0,"key":"FearPotion"},{"floor":13.0,"key":"SpeedPotion"},{"floor":16.0,"key":"Energy Potion"},{"floor":18.0,"key":"LiquidMemories"},{"floor":22,"key":"Ancient Potion"}],"is_trial":false,"path_per_floor":["M","M","?","M","?","E","R","E","T","R","M","M","M","M","R","B",null,"M","?","M","?","M","E"],"character_chosen":"IRONCLAD","items_purchased":[],"campfire_rested":1,"item_purchase_floors":[],"current_hp_per_floor":[80,80,80,80,85,62,62,55,55,80,70,77,85,85,85,49,85,84,59,55,55,43,0,0],"gold":295,"neow_bonus":"THREE_RARE_CARDS","is_daily":false,"chose_seed":false,"campfire_upgraded":1,"win_rate":0.0,"timestamp":1608371093,"path_taken":["M","M","?","M","?","E","R","E","T","R","M","M","M","?","R","BOSS","M","?","M","?","M","E"],"items_purchased_type":[],"build_version":"2020-12-13","purchased_purges":0,"victory":false,"max_hp_per_floor":[80,80,80,80,85,85,85,85,85,85,85,85,85,85,85,85,85,85,59,59,59,59,59,59],"card_choices":[{"not_picked":["Reaper","Impervious"],"picked":"Limit Break","floor":0.0},{"not_picked":["Armaments","Cleave"],"picked":"Flex","floor":1.0},{"not_picked":["True Grit","Cleave","Fire Breathing"],"picked":"SKIP","floor":2.0},{"not_picked":["Clothesline","Double Tap"],"picked":"Clash","floor":4.0},{"not_picked":["Twin Strike","Whirlwind"],"picked":"Reaper","floor":6.0},{"not_picked":["Cleave","Sword Boomerang","Entrench"],"picked":"SKIP","floor":8.0},{"not_picked":["Evolve","Anger","Clothesline"],"picked":"SKIP","floor":11.0},{"not_picked":["Havoc","Flame Barrier"],"picked":"Shockwave","floor":12.0},{"not_picked":["Iron Wave","Body Slam","True Grit"],"picked":"SKIP","floor":13.0},{"not_picked":["Cleave","Thunderclap","Reckless Charge"],"picked":"SKIP","floor":14.0},{"not_picked":["Double Tap","Demon Form"],"picked":"Limit Break","floor":16.0},{"not_picked":["Second Wind","Bloodletting+1"],"picked":"Ghostly Armor","floor":18.0},{"not_picked":["Headbutt","Shrug It Off+1"],"picked":"Heavy Blade","floor":20.0},{"not_picked":["Pummel+1","Anger+1"],"picked":"Spot Weakness","floor":22}],"player_experience":44221,"relics_obtained":[{"floor":6.0,"key":"Gremlin Horn"},{"floor":8.0,"key":"Blue Candle"}],"event_choices":[{"damage_healed":0.0,"max_hp_gain":0.0,"max_hp_loss":0.0,"gold_gain":0.0,"cards_transformed":["Defend_R"],"event_name":"Living Wall","player_choice":"Change","floor":3.0,"gold_loss":0.0,"damage_taken":0.0,"cards_obtained":["Rupture"]},{"damage_healed":0.0,"max_hp_gain":0.0,"max_hp_loss":0.0,"gold_gain":0.0,"event_name":"Lab","player_choice":"Got Potions","floor":5.0,"gold_loss":0.0,"damage_taken":0.0},{"damage_healed":0.0,"max_hp_gain":0.0,"max_hp_loss":26.0,"gold_gain":0.0,"event_name":"Vampires","player_choice":"Became a vampire","floor":19.0,"gold_loss":0.0,"damage_taken":0.0,"cards_obtained":["Bite","Bite","Bite","Bite","Bite"]},{"damage_healed":0.0,"max_hp_gain":0.0,"max_hp_loss":0.0,"gold_gain":0.0,"event_name":"Beggar","player_choice":"Ignored","floor":21.0,"gold_loss":0.0,"damage_taken":0.0}],"is_beta":false,"boss_relics":[{"not_picked":["Tiny House","Fusion Hammer"],"picked":"Empty Cage"}],"items_purged_floors":[],"is_endless":false,"potions_floor_spawned":[4,6,11,13,16,18,22],"killed_by":"Slavers","ascension_level":1}}