{"host":"an6uhul3yec8m0jh","time":1608374764,"event":{"mods":["Act Like it!","BaseMod","Colored Map","Colored Powertips","Gensokyo","Highlight Path","Minty Spire (QoL Compilation)","Quick Restart","StSLib","Waifu the Spire","noobMod"],"gold_per_floor":[109,32,32,44,44,44,144,469,469,495,495,495,425,435,435,534,534,554,254,0,0,0,0,28,44,120,120,153,169,508,508,508,603,603,616,634,634,644,65,95,95,130,130,50,70,70,70,88,88,88,88,88,27,53,53],"floor_reached":56,"playtime":2747,"items_purged":["Strike_P","Strike_P"],"score":1514,"play_id":"c5d1a789-5be1-4155-b68a-867877faa568","local_time":"20201219184604","is_ascension_mode":true,"campfire_choices":[{"data":"BowlingBash","floor":6.0,"key":"SMITH"},{"data":"Eruption","floor":11.0,"key":"SMITH"},{"data":"Wallop","floor":15.0,"key":"SMITH"},{"data":"Scrawl","floor":23.0,"key":"SMITH"},{"floor":27.0,"key":"RECALL"},{"data":"TalkToTheHand","floor":32.0,"key":"SMITH"},{"data":"Apotheosis","floor":41.0,"key":"SMITH"},{"data":"DevaForm","floor":47.0,"key":"SMITH"},{"data":"InnerPeace","floor":49,"key":"SMITH"},{"data":"FearNoEvil","floor":52,"key":"SMITH"}],"circlet_count":0,"master_deck":["Strike_P+1","Defend_P+1","Defend_P","Defend_P","Eruption+1","Vigilance","FearNoEvil+1","BowlingBash+1","Wallop+1","CutThroughFate+1","Ragnarok+1","EmptyFist+1","Scrawl+1","InnerPeace+1","Crescendo+1","TalkToTheHand+1","DevaForm+1","Apotheosis+1","Fasting2"],"relics":["PureWater","ice","NeowsBlessing","Mango","Old Coin","Question Card","Gensokyo:OccultBall","Runic Dome","OrangePellets","Potion Belt","Letter Opener","White Beast Statue","Omamori","Gensokyo:MosesMiracle","Calling Bell","Art of War","Matryoshka","Ice Cream","Pen Nib","InkBottle","Thread and Needle","CaptainsWheel","Regal Pillow","The Courier","Bottled Tornado"],"acts_visited":["Gensokyo:Gensokyo","Gensokyo:Gensokyoer","TheBeyond","TheEnding"],"potions_floor_usage":[50,50,54],"damage_taken":[{"damage":0.0,"enemies":"Gensokyo:3_Fairies","floor":1.0,"turns":1.0},{"damage":0.0,"enemies":"Gensokyo:Gryphon","floor":4.0,"turns":1.0},{"damage":0.0,"enemies":"Gensokyo:Aya","floor":8.0,"turns":1.0},{"damage":20.0,"enemies":"Gensokyo:Cirno","floor":10.0,"turns":7.0},{"damage":2.0,"enemies":"Gensokyo:2_Kodama","floor":14.0,"turns":3.0},{"damage":1.0,"enemies":"Gensokyo:Reimu","floor":16.0,"turns":2.0},{"damage":0.0,"enemies":"Gensokyo:AngelMirror","floor":18.0,"turns":3.0},{"damage":0.0,"enemies":"Gensokyo:Koishi","floor":24.0,"turns":2.0},{"damage":0.0,"enemies":"Gensokyo:2_Gloops","floor":25.0,"turns":2.0},{"damage":15.0,"enemies":"Gensokyo:Tenshi","floor":28.0,"turns":3.0},{"damage":8.0,"enemies":"Gensokyo:Monolith_and_Dog","floor":29.0,"turns":3.0},{"damage":31.0,"enemies":"Gensokyo:Koishi","floor":30.0,"turns":2.0},{"damage":7.0,"enemies":"Gensokyo:Eiki","floor":33.0,"turns":4.0},{"damage":36.0,"enemies":"3 Darklings","floor":35.0,"turns":3.0},{"damage":7.0,"enemies":"Orb Walker","floor":36.0,"turns":3.0},{"damage":0.0,"enemies":"Maw","floor":38.0,"turns":5.0},{"damage":11.0,"enemies":"Reptomancer","floor":40.0,"turns":4.0},{"damage":28.0,"enemies":"Giant Head","floor":42.0,"turns":6.0},{"damage":1.0,"enemies":"4 Shapes","floor":45.0,"turns":3.0},{"damage":0,"enemies":"3 Darklings","floor":48,"turns":2},{"damage":50,"enemies":"Awakened One","floor":50,"turns":8},{"damage":24,"enemies":"Shield and Spear","floor":54,"turns":5},{"damage":31,"enemies":"The Heart","floor":55,"turns":7}],"seed_played":"4688298200203826193","potions_obtained":[{"floor":4.0,"key":"Strength Potion"},{"floor":10.0,"key":"GamblersBrew"},{"floor":16.0,"key":"BottledMiracle"},{"floor":25.0,"key":"LiquidBronze"},{"floor":29.0,"key":"LiquidMemories"},{"floor":30.0,"key":"PowerPotion"},{"floor":33.0,"key":"GamblersBrew"},{"floor":35.0,"key":"SpeedPotion"},{"floor":36.0,"key":"DuplicationPotion"},{"floor":38.0,"key":"Swift Potion"},{"floor":40.0,"key":"AttackPotion"},{"floor":42.0,"key":"FairyPotion"},{"floor":45.0,"key":"DuplicationPotion"},{"floor":48,"key":"GamblersBrew"},{"floor":54,"key":"Explosive Potion"}],"is_trial":false,"path_per_floor":["M","$","?","M","$","R","?","E","T","E","R","?","?","M","R","B",null,"M","$","?","?","?","R","E","M","T","R","E","M","E","?","R","B",null,"M","M","?","M","$","E","R","E","T","$","M","?","R","M","R","B",null,"R","$","E","B",null],"character_chosen":"WATCHER","items_purchased":["BattleHymn","Scrawl","OrangePellets","Apotheosis","Pen Nib","InkBottle","Fasting2"],"campfire_rested":0,"item_purchase_floors":[2,19,19,39,39,39,53],"current_hp_per_floor":[72,72,65,65,65,65,65,65,65,45,45,45,45,43,43,42,86,86,86,86,86,86,86,86,86,86,86,71,63,32,32,32,25,86,50,43,43,43,43,32,32,4,4,4,86,86,86,86,86,36,86,86,86,62,31],"gold":53,"neow_bonus":"THREE_ENEMY_KILL","is_daily":false,"chose_seed":false,"campfire_upgraded":9,"win_rate":0.0,"timestamp":1608374764,"path_taken":["M","?","?","?","$","R","?","E","T","E","R","?","?","M","R","BOSS","M","$","?","?","?","R","E","?","T","R","E","M","E","?","R","BOSS","M","M","?","M","$","E","R","E","T","$","M","?","R","?","R","BOSS","R","$","E","BOSS"],"items_purchased_type":["Card","Card","Relic","Card","Relic","Relic","Card"],"build_version":"2020-12-13","purchased_purges":2,"victory":true,"max_hp_per_floor":[72,72,86,86,86,86,86,86,86,86,86,86,86,86,86,86,86,86,86,86,86,86,86,86,86,86,86,86,86,86,86,86,86,86,86,86,86,86,86,86,86,86,86,86,86,86,86,86,86,86,86,86,86,86,86],"card_choices":[{"not_picked":["Halt","EmptyFist"],"picked":"FearNoEvil","floor":1.0},{"not_picked":["InnerPeace","FollowUp"],"picked":"BowlingBash","floor":4.0},{"not_picked":["Pray","Halt"],"picked":"Wallop","floor":8.0},{"not_picked":["Fasting2","Weave"],"picked":"CutThroughFate","floor":10.0},{"not_picked":["JustLucky","EmptyFist","Meditate","Evaluate"],"picked":"SKIP","floor":14.0},{"not_picked":["Vault","Devotion","Establishment"],"picked":"Ragnarok","floor":16.0},{"not_picked":["ThirdEye","Wireheading","EmptyMind"],"picked":"EmptyFist+1","floor":18.0},{"not_picked":["Worship+1","SashWhip","Swivel+1","Consecrate"],"picked":"SKIP","floor":24.0},{"not_picked":["EmptyFist","FlyingSleeves","Perseverance"],"picked":"Crescendo+1","floor":25.0},{"not_picked":["LikeWater","ClearTheMind","SandsOfTime","Protect"],"picked":"SKIP","floor":28.0},{"not_picked":["EmptyFist+1","CutThroughFate","Alpha","Protect"],"picked":"SKIP","floor":29.0},{"not_picked":["EmptyBody","Evaluate","Halt"],"picked":"TalkToTheHand","floor":30.0},{"not_picked":["MasterReality","Devotion","Judgement"],"picked":"DevaForm","floor":33.0},{"not_picked":["FlurryOfBlows","ThirdEye","WindmillStrike+1","Evaluate"],"picked":"SKIP","floor":35.0},{"not_picked":["EmptyBody+1","CutThroughFate","Weave","Crescendo+1"],"picked":"SKIP","floor":36.0},{"not_picked":["Consecrate","SandsOfTime","Protect","FlurryOfBlows+1"],"picked":"SKIP","floor":38.0},{"not_picked":["WaveOfTheHand","FollowUp","Evaluate","Alpha"],"picked":"SKIP","floor":40.0},{"not_picked":["BowlingBash+1","FollowUp+1","FlurryOfBlows","Wallop"],"picked":"SKIP","floor":42.0},{"not_picked":["ReachHeaven","Protect+1","PathToVictory","WheelKick+1"],"picked":"SKIP","floor":45.0},{"not_picked":["FollowUp+1","FlurryOfBlows+1","WheelKick","Sanctity"],"picked":"SKIP","floor":48},{"not_picked":["EmptyFist","Sanctity","Indignation","PathToVictory+1"],"picked":"SKIP","floor":54}],"player_experience":190480,"relics_obtained":[{"floor":8.0,"key":"Old Coin"},{"floor":10.0,"key":"Question Card"},{"floor":16.0,"key":"Gensokyo:OccultBall"},{"floor":24.0,"key":"Potion Belt"},{"floor":26.0,"key":"Letter Opener"},{"floor":28.0,"key":"White Beast Statue"},{"floor":30.0,"key":"Omamori"},{"floor":33.0,"key":"Gensokyo:OccultBall"},{"floor":34.0,"key":"Art of War"},{"floor":34.0,"key":"Matryoshka"},{"floor":34.0,"key":"Ice Cream"},{"floor":36.0,"key":"Gensokyo:MosesMiracle"},{"floor":38.0,"key":"Gensokyo:OccultBall"},{"floor":40.0,"key":"Thread and Needle"},{"floor":42.0,"key":"Gensokyo:OccultBall"},{"floor":42.0,"key":"CaptainsWheel"},{"floor":43.0,"key":"Regal Pillow"},{"floor":43.0,"key":"The Courier"},{"floor":54,"key":"Bottled Tornado"}],"event_choices":[{"damage_healed":0.0,"max_hp_gain":0.0,"max_hp_loss":0.0,"gold_gain":0.0,"event_name":"Tomb of Lord Red Mask","player_choice":"Ignored","floor":37.0,"gold_loss":0.0,"damage_taken":0.0},{"cards_removed":["Strike_P"],"damage_healed":0.0,"max_hp_gain":0.0,"max_hp_loss":0.0,"gold_gain":0.0,"event_name":"Purifier","player_choice":"Purged","floor":46.0,"gold_loss":0.0,"damage_taken":0.0}],"is_beta":false,"boss_relics":[{"not_picked":["HolyWater","Snecko Eye"],"picked":"Runic Dome"},{"not_picked":["VioletLotus","Coffee Dripper"],"picked":"Calling Bell"}],"items_purged_floors":[19,44],"is_endless":false,"potions_floor_spawned":[4,10,16,25,29,30,33,35,36,38,40,42,45,48,54],"ascension_level":1}}