{"host":"o3b7ow6d1xe49css","time":1608350570,"event":{"mods":["2.2 Compatiblity","Act Like it!","Aspiration","BaseMod","Bestiary","Better Altar","Better Match","Better Note","Better Sensory Stone","Better Skull","Better Third Choice","Colored Powertips","Conspire","Elementarium","Energized Spire","Force Act Four","GifTheSpireLib","Halation","Hermit","Hubris","Infinite Spire","Lobotomy","Minty Spire (QoL Compilation)","Quick Restart","Replay The Spire","Spicy Shops","Spikes Relics","StSLib","Stuff the Spire","The Blue Laboratory","The Jungle","Wandering Minibosses","vexMod"],"gold_per_floor":[111,124,134,149,149,182,212,246,246,59,59,62,62],"floor_reached":12,"playtime":353,"items_purged":[],"score":123,"play_id":"ee2d6a04-350a-4d1e-8ca9-eb0281eb8d35","local_time":"20201218190250","daily_mods":["Heirloom","Flight"],"is_ascension_mode":true,"campfire_choices":[],"circlet_count":0,"master_deck":["Strike_B","Strike_B","Strike_B","Strike_B","Defend_B","Defend_B","Defend_B","Defend_B","Zap","Dualcast","StuffTheSpire:GlassShard","Hologram","Leap","StuffTheSpire:Plugnplay","Glacier","Defragment"],"relics":["Cracked Core","Ring of Chaos","Durian","aspiration:FetidBarrel","StrikeDummy","halation:IllGainedPizza","The Courier"],"acts_visited":["Exordium"],"potions_floor_usage":[6,7],"damage_taken":[{"damage":1,"enemies":"Cultist","floor":1,"turns":3},{"damage":3,"enemies":"Small Slimes","floor":2,"turns":2},{"damage":2,"enemies":"Jaw Worm","floor":3,"turns":2},{"damage":10,"enemies":"Exordium Wildlife","floor":4,"turns":5},{"damage":13,"enemies":"3 Sentries","floor":6,"turns":5},{"damage":13,"enemies":"Gremlin Nob","floor":7,"turns":3},{"damage":10,"enemies":"3 Sentries","floor":8,"turns":5},{"damage":28,"enemies":"Gremlin Nob","floor":12,"turns":4}],"seed_played":"2064977434943227216","potions_obtained":[{"floor":4,"key":"EssenceOfDarkness"},{"floor":6,"key":"blueLaboratory:HorrorPotion"}],"is_trial":true,"path_per_floor":["M","M","M","M","?","E","E","E","T","$","$","E"],"character_chosen":"DEFECT","items_purchased":["Glacier","Defragment"],"campfire_rested":0,"item_purchase_floors":[10,10],"current_hp_per_floor":[79,76,74,64,64,51,38,28,28,28,28,0,0],"gold":62,"neow_bonus":"","is_daily":false,"chose_seed":false,"campfire_upgraded":0,"win_rate":0.0,"timestamp":1608350570,"path_taken":["M","M","M","M","?","E","E","E","T","$","$","E"],"items_purchased_type":["Card","Card"],"build_version":"2020-12-13","purchased_purges":0,"victory":false,"max_hp_per_floor":[80,80,80,80,80,80,80,80,80,80,80,80,80],"card_choices":[{"not_picked":["Sweeping Beam","Barrage"],"picked":"StuffTheSpire:GlassShard","floor":1},{"not_picked":["Streamline","ReplayGash","ReplayTheSpireMod:Repulse"],"picked":"SKIP","floor":2},{"not_picked":["Scrape","Doom and Gloom"],"picked":"Hologram","floor":3},{"not_picked":["Recycle","StuffTheSpire:LoadUp","Aggregate"],"picked":"SKIP","floor":4},{"not_picked":["Heatsinks","Beam Cell","Amplify"],"picked":"SKIP","floor":6},{"not_picked":["StuffTheSpire:LoadUp","BasicCrystalCard"],"picked":"Leap","floor":7},{"not_picked":["Panic Button","Meteor Strike"],"picked":"StuffTheSpire:Plugnplay","floor":8}],"player_experience":1742088,"relics_obtained":[{"floor":6,"key":"aspiration:FetidBarrel"},{"floor":7,"key":"StrikeDummy"},{"floor":8,"key":"halation:IllGainedPizza"},{"floor":9,"key":"The Courier"}],"event_choices":[],"is_beta":false,"boss_relics":[],"items_purged_floors":[],"is_endless":false,"potions_floor_spawned":[4,6],"killed_by":"Gremlin Nob","ascension_level":5}}