{"host":"gc0hqzwg2gd3zszy","time":1608366231,"event":{"mods":["BaseMod","DeckTracker","Minty Spire (QoL Compilation)","Relic Stats","SuperFastMode"],"gold_per_floor":[112,92,106,31,49,78,78,107,107,70,104,104,123,139,139,211,211,230,185,10,10,10,10],"floor_reached":22,"playtime":1132,"items_purged":["Strike_G"],"score":408,"play_id":"86569e61-ede9-44de-b8a3-26200727aae2","local_time":"20201219172351","is_ascension_mode":true,"campfire_choices":[{"floor":7,"key":"REST"},{"floor":12,"key":"REST"},{"floor":15,"key":"REST"}],"circlet_count":0,"master_deck":["AscendersBane","Strike_G","Strike_G","Defend_G","Defend_G","Defend_G","Defend_G","Survivor","Neutralize","Predator","Burst","Flechettes","PiercingWail","Backflip","Slice","Footwork","Die Die Die","Dodge and Roll","A Thousand Cuts","Poisoned Stab+1","Tactician","Dagger Throw","Noxious Fumes","Well Laid Plans"],"relics":["Ring of the Snake","Ornamental Fan","Pocketwatch","Darkstone Periapt","SacredBark"],"acts_visited":["Exordium","TheCity"],"potions_floor_usage":[6,8,16],"damage_taken":[{"damage":0,"enemies":"Small Slimes","floor":1,"turns":3},{"damage":0,"enemies":"Cultist","floor":3,"turns":3},{"damage":0,"enemies":"2 Louse","floor":5,"turns":3},{"damage":8,"enemies":"Gremlin Nob","floor":6,"turns":3},{"damage":37,"enemies":"Lagavulin","floor":8,"turns":6},{"damage":16,"enemies":"Gremlin Nob","floor":11,"turns":4},{"damage":8,"enemies":"Large Slime","floor":13,"turns":5},{"damage":0,"enemies":"Red Slaver","floor":14,"turns":4},{"damage":31,"enemies":"The Guardian","floor":16,"turns":21},{"damage":12,"enemies":"Spheric Guardian","floor":18,"turns":8},{"damage":20,"enemies":"2 Thieves","floor":19,"turns":5},{"damage":28,"enemies":"Snecko","floor":22,"turns":4}],"seed_played":"-3251911654005352443","potions_obtained":[{"floor":1,"key":"Strength Potion"},{"floor":2,"key":"ColorlessPotion"},{"floor":3,"key":"Swift Potion"},{"floor":13,"key":"Swift Potion"}],"is_trial":false,"path_per_floor":["M","?","M","?","M","E","R","E","T","$","E","R","M","M","R","B",null,"M","M","$","?","M"],"character_chosen":"THE_SILENT","items_purchased":["Footwork","Dagger Throw","Noxious Fumes"],"campfire_rested":3,"item_purchase_floors":[10,20,20],"current_hp_per_floor":[44,44,44,44,44,36,55,18,18,18,2,21,13,13,32,1,50,38,18,18,18,0,0],"gold":10,"neow_bonus":"TRANSFORM_TWO_CARDS","is_daily":false,"chose_seed":false,"campfire_upgraded":0,"win_rate":0.0,"timestamp":1608366231,"path_taken":["M","?","?","?","M","E","R","E","T","$","E","R","M","M","R","BOSS","M","M","$","?","?"],"items_purchased_type":["Card","Card","Card"],"build_version":"2020-12-13","purchased_purges":1,"victory":false,"max_hp_per_floor":[66,66,66,66,66,66,66,66,66,66,66,66,66,66,66,66,66,66,66,66,66,66,66],"relic_stats":{"Darkstone Periapt":0,"counters":[12,69],"Ornamental Fan":[72],"obtain_stats":[{"Darkstone Periapt":11,"Ornamental Fan":6,"SacredBark":17,"Ring of the Snake":0,"Pocketwatch":8},{"Darkstone Periapt":6,"Ornamental Fan":4,"SacredBark":9,"Ring of the Snake":0,"Pocketwatch":5},{"Darkstone Periapt":22,"Ornamental Fan":12,"SacredBark":52,"Ring of the Snake":0,"Pocketwatch":18}],"Ring of the Snake":[24],"Pocketwatch":[78]},"card_choices":[{"not_picked":["Outmaneuver","Dodge and Roll"],"picked":"Flechettes","floor":1},{"not_picked":["Sucker Punch","Predator"],"picked":"PiercingWail","floor":3},{"not_picked":["Endless Agony","Heel Hook","Finisher"],"picked":"SKIP","floor":5},{"not_picked":["Bane","Flying Knee"],"picked":"Backflip","floor":6},{"not_picked":["Tools of the Trade","Poisoned Stab"],"picked":"Slice","floor":8},{"not_picked":["Deflect","Prepared","Outmaneuver"],"picked":"SKIP","floor":11},{"not_picked":["Flying Knee","Poisoned Stab"],"picked":"Die Die Die","floor":13},{"not_picked":["Setup","Dash"],"picked":"Dodge and Roll","floor":14},{"not_picked":["Storm of Steel","Grand Finale"],"picked":"A Thousand Cuts","floor":16},{"not_picked":["Skewer+1","Prepared"],"picked":"Poisoned Stab+1","floor":18},{"not_picked":["Accuracy","Slice"],"picked":"Tactician","floor":19}],"player_experience":1307071,"relics_obtained":[{"floor":6,"key":"Ornamental Fan"},{"floor":8,"key":"Pocketwatch"},{"floor":11,"key":"Darkstone Periapt"}],"event_choices":[{"damage_healed":0,"gold_gain":0,"player_choice":"Bought 1 Potion","damage_taken":0,"max_hp_gain":0,"max_hp_loss":0,"event_name":"The Woman in Blue","floor":2,"gold_loss":0},{"cards_removed":["Strike_G"],"damage_healed":0,"gold_gain":0,"player_choice":"Card Removal","damage_taken":0,"max_hp_gain":0,"max_hp_loss":0,"event_name":"The Cleric","floor":4,"gold_loss":75},{"damage_healed":0,"gold_gain":0,"player_choice":"1 cards matched","damage_taken":0,"max_hp_gain":0,"max_hp_loss":0,"event_name":"Match and Keep!","floor":21,"gold_loss":0,"cards_obtained":["Well Laid Plans"]}],"is_beta":false,"boss_relics":[{"not_picked":["Velvet Choker","Runic Dome"],"picked":"SacredBark"}],"items_purged_floors":[20],"is_endless":false,"potions_floor_spawned":[1,3,13],"killed_by":"Snecko","ascension_level":20}}