{"host":"csp9nt53rootlkah","time":1608364765,"event":{"mods":["Act Like it!","BaseMod","Colored Powertips","Friendly Minions","Gensokyo","Highlight Path","Minty Spire (QoL Compilation)","Prisma Mod","Quick Restart","Replay The Spire","StSLib","TestMod","The Factory","The Jungle","UnlockEverythingMod"],"gold_per_floor":[110,110,125,525,54,79,79,79,103,103,123,123,149,49,49,121,121,134,59,94,94,109,109,122,156,183,183,214,231,261,261,261,338,338,352,352,367,392,412,442,462,497,577,577,603,619,619,619,619,619,619,619,619,230,255,255],"floor_reached":57,"playtime":3467,"items_purged":["Strike_G","Defend_G","Strike_G"],"score":2658,"play_id":"199867fd-8483-4109-91e5-5fec0113f6b2","local_time":"20201219155925","is_ascension_mode":true,"campfire_choices":[{"data":"Calculated Gamble","floor":8.0,"key":"SMITH"},{"data":"Prepared","floor":10.0,"key":"SMITH"},{"data":"Accuracy","floor":12.0,"key":"SMITH"},{"data":"Blade Dance","floor":15.0,"key":"SMITH"},{"data":"Cloak And Dagger","floor":23.0,"key":"SMITH"},{"data":"Backflip","floor":27.0,"key":"SMITH"},{"data":"Backflip","floor":32.0,"key":"SMITH"},{"data":"Hidden Blade","floor":44.0,"key":"SMITH"},{"floor":47.0,"key":"RECALL"},{"data":"Strike_G","floor":49,"key":"PURGE"},{"data":"Caltrops","floor":53,"key":"SMITH"}],"circlet_count":0,"master_deck":["AscendersBane","Defend_G","Defend_G","Defend_G","Defend_G","Survivor","Neutralize","Blur","Calculated Gamble+1","Accuracy+1","Eviscerate","Prepared+1","Blade Dance+1","Backflip+1","Burst+1","Cloak And Dagger+1","Acrobatics+1","Caltrops+1","Backflip+1","After Image+1","A Thousand Cuts+1","Hidden Blade+1","ReplayTheSpireMod:Shiv Toss+1"],"relics":["testmod-BatchProcessingSystem","NeowsBlessing","Medical Kit","Sizzling Blood","testmod-IndustrialRevolution","Pocketwatch","Philosopher\u0027s Stone","testmod-ArcanaOfDestiny","Centennial Puzzle","Frozen Egg 2","testmod-LifeArmor","Nloth\u0027s Gift","testmod-StringDisintegrator","Unceasing Top","Bronze Scales","Akabeko","Question Card","MealTicket","Bottled Tornado","Replay:Wax Seal"],"acts_visited":["Exordium","TheCity","TheBeyond","TheEnding"],"potions_floor_usage":[51,56],"damage_taken":[{"damage":0.0,"enemies":"Jaw Worm","floor":1.0,"turns":1.0},{"damage":0.0,"enemies":"2 Louse","floor":3.0,"turns":1.0},{"damage":0.0,"enemies":"3 Sentries","floor":6.0,"turns":1.0},{"damage":0.0,"enemies":"Small Slimes","floor":11.0,"turns":4.0},{"damage":5.0,"enemies":"Lagavulin","floor":13.0,"turns":7.0},{"damage":18.0,"enemies":"Hexaghost","floor":16.0,"turns":11.0},{"damage":0.0,"enemies":"Spheric Guardian","floor":18.0,"turns":2.0},{"damage":0.0,"enemies":"Chosen","floor":22.0,"turns":2.0},{"damage":0.0,"enemies":"Sentry and Sphere","floor":24.0,"turns":3.0},{"damage":33.0,"enemies":"Gremlin Leader","floor":25.0,"turns":5.0},{"damage":0.0,"enemies":"Replay:Snechameleon","floor":28.0,"turns":3.0},{"damage":0.0,"enemies":"Snecko","floor":29.0,"turns":3.0},{"damage":0.0,"enemies":"Slavers","floor":30.0,"turns":4.0},{"damage":16.0,"enemies":"Collector","floor":33.0,"turns":6.0},{"damage":1.0,"enemies":"3 Shapes","floor":35.0,"turns":3.0},{"damage":0.0,"enemies":"Orb Walker","floor":37.0,"turns":2.0},{"damage":0.0,"enemies":"Mind Bloom Boss Battle","floor":38.0,"turns":3.0},{"damage":4.0,"enemies":"Writhing Mass","floor":39.0,"turns":2.0},{"damage":0.0,"enemies":"Nemesis","floor":40.0,"turns":3.0},{"damage":0.0,"enemies":"Jaw Worm Horde","floor":41.0,"turns":2.0},{"damage":0.0,"enemies":"R_Hoarder","floor":42.0,"turns":6.0},{"damage":0.0,"enemies":"Reptomancer","floor":45.0,"turns":2.0},{"damage":0.0,"enemies":"Spire Growth","floor":46.0,"turns":2.0},{"damage":0,"enemies":"Replay:Hell Engine","floor":50,"turns":3},{"damage":14,"enemies":"Awakened One","floor":51,"turns":4},{"damage":0,"enemies":"Shield and Spear","floor":55,"turns":2},{"damage":29,"enemies":"The Heart","floor":56,"turns":5}],"seed_played":"-7859567933245560175","potions_obtained":[{"floor":6.0,"key":"Regen Potion"},{"floor":13.0,"key":"SkillPotion"},{"floor":25.0,"key":"Adrenaline Potion"},{"floor":28.0,"key":"Strength Potion"}],"is_trial":false,"path_per_floor":["M","?","M","?","$","E","?","R","T","R","M","R","E","$","R","B",null,"M","?","?","?","M","R","M","E","T","R","E","M","E","?","R","B",null,"M","?","M","?","M","E","M","E","T","R","E","M","R","?","R","B","B",null,"R","$","E","B",null],"character_chosen":"THE_SILENT","items_purchased":["Accuracy","Medical Kit","Eviscerate","Prepared","Blade Dance","Bottled Tornado"],"campfire_rested":0,"item_purchase_floors":[5,5,5,5,5,54],"current_hp_per_floor":[59,59,59,59,59,59,63,63,63,63,67,67,66,66,66,52,66,70,70,47,47,51,51,55,38,38,38,42,46,50,50,50,38,62,65,65,69,70,70,70,70,70,70,70,70,70,70,70,70,70,60,68,68,70,70,45],"gold":255,"neow_bonus":"THREE_ENEMY_KILL","is_daily":false,"chose_seed":false,"campfire_upgraded":9,"win_rate":0.0,"timestamp":1608364765,"path_taken":["M","?","M","?","$","E","?","R","T","R","M","R","E","$","R","BOSS","M","?","?","?","?","R","M","E","T","R","E","M","E","?","R","BOSS","M","?","M","?","M","E","M","E","T","R","E","M","R","?","R","BOSS","BOSS","R","$","E","BOSS"],"items_purchased_type":["Card","Relic","Card","Card","Card","Relic"],"build_version":"2020-12-13","purchased_purges":3,"victory":true,"max_hp_per_floor":[66,66,66,66,66,66,70,70,70,70,70,70,70,70,70,70,70,70,70,70,70,70,70,70,70,70,70,70,70,70,70,70,70,70,70,70,70,70,70,70,70,70,70,70,70,70,70,70,70,70,70,70,70,70,70,70],"card_choices":[{"not_picked":["Slice","ReplayTheSpireMod:Scrap Shanks"],"picked":"Blur","floor":1.0},{"not_picked":["Setup","Fluid Movement"],"picked":"Calculated Gamble","floor":3.0},{"not_picked":["Hidden Blade","Dagger Spray"],"picked":"Backflip","floor":6.0},{"not_picked":["Noxious Fumes","Outmaneuver","Draining Mist"],"picked":"SKIP","floor":11.0},{"not_picked":["Deflect","Outmaneuver","Distraction"],"picked":"SKIP","floor":13.0},{"not_picked":["Corpse Explosion","Tools of the Trade"],"picked":"Burst","floor":16.0},{"not_picked":["PiercingWail","Fluid Movement"],"picked":"Cloak And Dagger","floor":18.0},{"not_picked":["Endless Agony+1","Concentrate"],"picked":"Acrobatics+1","floor":20.0},{"not_picked":["Dagger Spray","Predator"],"picked":"Caltrops","floor":20.0},{"not_picked":["Sucker Punch","Bane"],"picked":"Backflip","floor":22.0},{"not_picked":["Underhanded Strike+1","Flying Knee","Deadly Poison"],"picked":"SKIP","floor":24.0},{"not_picked":["Flying Knee","Endless Agony","Dagger Throw"],"picked":"SKIP","floor":25.0},{"not_picked":["Poison Darts","Well Laid Plans+1","PiercingWail"],"picked":"SKIP","floor":28.0},{"not_picked":["Poison Darts","Well Laid Plans+1","PiercingWail"],"picked":"SKIP","floor":28.0},{"not_picked":["Blur","Deadly Poison","Crippling Poison"],"picked":"SKIP","floor":29.0},{"not_picked":["PiercingWail","Backflip","Hidden Blade"],"picked":"SKIP","floor":30.0},{"not_picked":["Night Terror","Poison Darts"],"picked":"After Image+1","floor":33.0},{"not_picked":["Bouncing Flask","Bane","Fluid Movement+1"],"picked":"SKIP","floor":35.0},{"not_picked":["Prepared","Blur","Tools of the Trade+1"],"picked":"SKIP","floor":37.0},{"not_picked":["Sucker Punch","Sneak Up"],"picked":"A Thousand Cuts+1","floor":38.0},{"not_picked":["Prepared+1","Sneak Up","Poisoned Stab"],"picked":"SKIP","floor":39.0},{"not_picked":["Sucker Punch+1","Grand Finale"],"picked":"Hidden Blade","floor":40.0},{"not_picked":["Flying Knee","Bouncing Flask+1","Prepared+1"],"picked":"SKIP","floor":41.0},{"not_picked":["Finisher+1","Predator","Unload"],"picked":"SKIP","floor":42.0},{"not_picked":["Outmaneuver","Storm of Steel","Poison Darts","Calculated Gamble+1"],"picked":"SKIP","floor":45.0},{"not_picked":["Bane","Masterful Stab","Reflex"],"picked":"ReplayTheSpireMod:Shiv Toss+1","floor":46.0},{"not_picked":["Expertise+1","Quick Slash","Slice","PiercingWail"],"picked":"SKIP","floor":55}],"player_experience":112897,"relics_obtained":[{"floor":6.0,"key":"Onion Ring"},{"floor":9.0,"key":"testmod-IndustrialRevolution"},{"floor":13.0,"key":"Pocketwatch"},{"floor":20.0,"key":"testmod-ArcanaOfDestiny"},{"floor":25.0,"key":"Centennial Puzzle"},{"floor":28.0,"key":"Frozen Egg 2"},{"floor":30.0,"key":"testmod-LifeArmor"},{"floor":38.0,"key":"Unceasing Top"},{"floor":40.0,"key":"Bronze Scales"},{"floor":42.0,"key":"Akabeko"},{"floor":43.0,"key":"Question Card"},{"floor":45.0,"key":"MealTicket"},{"floor":55,"key":"Replay:Wax Seal"}],"event_choices":[{"damage_healed":0.0,"max_hp_gain":0.0,"max_hp_loss":0.0,"gold_gain":0.0,"event_name":"给自己的盒子","player_choice":"Ignored","floor":2.0,"gold_loss":0.0,"damage_taken":0.0},{"damage_healed":0.0,"max_hp_gain":0.0,"max_hp_loss":0.0,"gold_gain":400.0,"event_name":"恩洛斯的盘子","player_choice":"Sell","floor":4.0,"relics_lost":["testmod-TestBox"],"gold_loss":0.0,"damage_taken":0.0},{"cards_removed":["Strike_G"],"damage_healed":0.0,"max_hp_gain":0.0,"max_hp_loss":0.0,"gold_gain":0.0,"event_name":"Beggar","player_choice":"Gave Gold","floor":19.0,"gold_loss":75.0,"damage_taken":0.0},{"damage_healed":0.0,"max_hp_gain":0.0,"max_hp_loss":0.0,"gold_gain":0.0,"event_name":"Upgrade Shrine","player_choice":"Upgraded","floor":21.0,"gold_loss":0.0,"damage_taken":0.0,"cards_upgraded":["Burst"]},{"damage_healed":0.0,"max_hp_gain":0.0,"max_hp_loss":0.0,"gold_gain":0.0,"event_name":"N\u0027loth","player_choice":"Traded Relic","floor":31.0,"relics_lost":["Onion Ring"],"gold_loss":0.0,"damage_taken":0.0,"relics_obtained":["Nloth\u0027s Gift"]},{"cards_removed":["Strike_G"],"damage_healed":0.0,"max_hp_gain":0.0,"max_hp_loss":0.0,"gold_gain":0.0,"event_name":"Falling","player_choice":"Removed Attack","floor":36.0,"gold_loss":0.0,"damage_taken":0.0},{"damage_healed":0.0,"max_hp_gain":0.0,"max_hp_loss":0.0,"gold_gain":0.0,"event_name":"MindBloom","player_choice":"Fight","floor":38.0,"gold_loss":0.0,"damage_taken":0.0},{"damage_healed":0,"gold_gain":0,"player_choice":"Memory 1","damage_taken":0,"max_hp_gain":0,"max_hp_loss":0,"event_name":"SensoryStone","floor":48,"gold_loss":0}],"is_beta":false,"boss_relics":[{"not_picked":["Runic Pyramid","Busted Crown"],"picked":"Philosopher\u0027s Stone"},{"not_picked":["Sozu","testmod-Nine"],"picked":"testmod-StringDisintegrator"}],"items_purged_floors":[5,14,54],"is_endless":false,"potions_floor_spawned":[6,13,25,28,29,35,40,41,42],"ascension_level":20}}