{"host":"og6lam4kt3nibbw0","time":1608400840,"event":{"mods":["AchievementEnabler","BaseMod","Colored Map","DeckTracker","Highlight Path","Keyboard Shortcuts","Minty Spire (QoL Compilation)","Permanent Neow","Quick Restart","StSLib","SuperFastMode"],"gold_per_floor":[13,23,23,35,46,46,80,80,80,109,124,124,157,172,172,247,247,265,282,332,79,90,90,90],"floor_reached":23,"playtime":1166,"items_purged":[],"score":426,"play_id":"5728a1ed-00b7-4e58-9a59-6f4457d9d6e3","local_time":"20201220030040","is_ascension_mode":true,"campfire_choices":[{"data":"Apotheosis","floor":6.0,"key":"SMITH"},{"floor":8.0,"key":"REST"},{"floor":15,"key":"REST"}],"circlet_count":0,"master_deck":["AscendersBane","Strike_B","Strike_B","Strike_B","Strike_B","Defend_B","Defend_B+1","Defend_B","Zap","Dualcast","Apotheosis+1","Streamline","Melter","Lockon","Echo Form","Hologram+1","Beam Cell","Aggregate","Static Discharge","Turbo","Buffer","CurseOfTheBell","Skim","Chill","Coolheaded"],"relics":["Cracked Core","Incense Burner","HornCleat","Toy Ornithopter","Calling Bell","Shovel","Ornamental Fan","War Paint","Strawberry"],"acts_visited":["Exordium","TheCity"],"potions_floor_usage":[16,23,23],"damage_taken":[{"damage":2.0,"enemies":"Jaw Worm","floor":1.0,"turns":3.0},{"damage":0.0,"enemies":"Small Slimes","floor":2.0,"turns":3.0},{"damage":0.0,"enemies":"2 Louse","floor":4.0,"turns":1.0},{"damage":0.0,"enemies":"2 Fungi Beasts","floor":5.0,"turns":3.0},{"damage":14.0,"enemies":"Gremlin Nob","floor":7.0,"turns":3.0},{"damage":20.0,"enemies":"Lagavulin","floor":10.0,"turns":5.0},{"damage":0.0,"enemies":"Large Slime","floor":11.0,"turns":4.0},{"damage":14,"enemies":"3 Sentries","floor":13,"turns":7},{"damage":14,"enemies":"Red Slaver","floor":14,"turns":2},{"damage":26,"enemies":"Hexaghost","floor":16,"turns":7},{"damage":40,"enemies":"2 Thieves","floor":18,"turns":4},{"damage":12,"enemies":"Shell Parasite","floor":19,"turns":5},{"damage":0,"enemies":"Snecko","floor":22,"turns":4},{"damage":25,"enemies":"Gremlin Leader","floor":23,"turns":3}],"seed_played":"-8051618183742058802","potions_obtained":[{"floor":1.0,"key":"AttackPotion"},{"floor":7.0,"key":"EssenceOfSteel"},{"floor":10.0,"key":"PotionOfCapacity"},{"floor":14,"key":"LiquidMemories"},{"floor":16,"key":"FocusPotion"}],"is_trial":false,"path_per_floor":["M","M","?","M","M","R","E","R","T","E","M","?","E","M","R","B",null,"M","M","?","$","M","E"],"character_chosen":"DEFECT","items_purchased":["Strawberry","Chill"],"campfire_rested":2,"item_purchase_floors":[21,21],"current_hp_per_floor":[62,62,62,62,62,62,48,69,69,49,49,49,35,21,42,21,59,19,7,7,14,14,0,0],"gold":90,"neow_bonus":"RANDOM_COLORLESS_2","is_daily":false,"chose_seed":false,"campfire_upgraded":1,"win_rate":0.0,"timestamp":1608400840,"path_taken":["M","M","?","M","M","R","E","R","T","E","M","?","E","M","R","BOSS","M","M","?","$","M","E"],"items_purchased_type":["Relic","Card"],"build_version":"2020-12-13","purchased_purges":0,"victory":false,"max_hp_per_floor":[71,71,71,71,71,71,71,71,71,71,71,71,71,71,71,71,71,71,71,71,78,78,78,78],"card_choices":[{"not_picked":["Secret Weapon","Violence"],"picked":"Apotheosis","floor":0.0},{"not_picked":["Beam Cell","Steam"],"picked":"Streamline","floor":1.0},{"not_picked":["Streamline","Go for the Eyes"],"picked":"Melter","floor":2.0},{"not_picked":["Redo","Rebound"],"picked":"Echo Form","floor":4.0},{"not_picked":["Capacitor","Rebound"],"picked":"Hologram","floor":5.0},{"not_picked":["Recycle","Ball Lightning"],"picked":"Beam Cell","floor":7.0},{"not_picked":["Sweeping Beam","Gash"],"picked":"Aggregate","floor":10.0},{"not_picked":["Redo","Gash"],"picked":"Static Discharge","floor":11.0},{"not_picked":["Gash","Force Field","Cold Snap"],"picked":"SKIP","floor":13},{"not_picked":["FTL","Barrage"],"picked":"Turbo","floor":14},{"not_picked":["Creative AI","Thunder Strike"],"picked":"Buffer","floor":16},{"not_picked":["Compile Driver","Consume+1","Beam Cell"],"picked":"SKIP","floor":18},{"not_picked":["Hologram","Redo"],"picked":"Skim","floor":19},{"not_picked":["Compile Driver","Cold Snap"],"picked":"Coolheaded","floor":22}],"player_experience":800960,"relics_obtained":[{"floor":7.0,"key":"Incense Burner"},{"floor":10.0,"key":"HornCleat"},{"floor":13,"key":"Toy Ornithopter"},{"floor":17,"key":"Shovel"},{"floor":17,"key":"Ornamental Fan"},{"floor":17,"key":"War Paint"}],"event_choices":[{"damage_healed":0.0,"max_hp_gain":0.0,"max_hp_loss":0.0,"gold_gain":0.0,"cards_transformed":["Defend_B"],"event_name":"Living Wall","player_choice":"Change","floor":3.0,"gold_loss":0.0,"damage_taken":0.0,"cards_obtained":["Lockon"]},{"damage_healed":0.0,"max_hp_gain":0.0,"max_hp_loss":0.0,"gold_gain":0.0,"event_name":"Liars Game","player_choice":"Ignored","floor":12.0,"gold_loss":0.0,"damage_taken":0.0},{"damage_healed":0,"gold_gain":50,"player_choice":"Stole From Cult","damage_taken":0,"max_hp_gain":0,"max_hp_loss":0,"event_name":"Nest","floor":20,"gold_loss":0}],"is_beta":false,"boss_relics":[{"not_picked":["FrozenCore","Inserter"],"picked":"Calling Bell"}],"items_purged_floors":[],"is_endless":false,"potions_floor_spawned":[1,7,10,14,16,22],"killed_by":"Gremlin Leader","ascension_level":20}}