{"host":"dbo0lztt1pyfwysk","time":1608407915,"event":{"mods":["Act Like it!","BaseMod","Conspire","Downfall","Gensokyo","GifTheSpireLib","Hubris","Infinite Spire","KinomotoSakuraMod(????)","Koishi","Luminous","Marisa????????","Minty Spire (QoL Compilation)","Prisma Mod","Remilia??????","Replay The Spire","Shade Mod","Shop Mod","StSLib","The Gatherer"],"gold_per_floor":[111,111,122,122,172,172,198,218,243,243,253,278,288,16,16,118,118,136,148,166,12,12,12],"floor_reached":22,"playtime":576,"items_purged":["Strike_G"],"score":354,"play_id":"499160ca-fae6-49c0-a45d-e5c2e48c3b7c","local_time":"20201219205835","is_ascension_mode":true,"campfire_choices":[{"data":"Poisoned Stab","floor":6,"key":"SMITH"},{"data":"Bane","floor":10,"key":"SMITH"},{"floor":15,"key":"REST"}],"circlet_count":0,"master_deck":["AscendersBane","Strike_G","Strike_G","Strike_G","Defend_G","Defend_G","Defend_G","Defend_G","Survivor","Neutralize","Poisoned Stab+1","Dodge and Roll","Bane+1","Fluid Movement","Dodge and Roll","Terror","Dodge and Roll","Poisoned Stab","Envenom","Dagger Spray","Noxious Fumes","Noxious Fumes"],"relics":["Ring of the Snake","NeowsBlessing","hubris:Icosahedron","ReplayFunnel","Snake Skull","Bag of Marbles","Happy Flower","Empty Cage","TwistedFunnel"],"acts_visited":["Exordium","TheCity"],"potions_floor_usage":[11,12,18,19,20,20],"damage_taken":[{"damage":0,"enemies":"2 Louse","floor":1,"turns":1},{"damage":0,"enemies":"Cultist","floor":3,"turns":1},{"damage":0,"enemies":"3 Sentries","floor":7,"turns":1},{"damage":0,"enemies":"Jaw Worm","floor":8,"turns":6},{"damage":1,"enemies":"Blue Slaver","floor":11,"turns":2},{"damage":14,"enemies":"Gremlin Nob","floor":12,"turns":4},{"damage":8,"enemies":"2 Fungi Beasts","floor":13,"turns":3},{"damage":24,"enemies":"Slime Boss","floor":16,"turns":13},{"damage":9,"enemies":"Shell Parasite","floor":18,"turns":5},{"damage":0,"enemies":"Chosen","floor":19,"turns":4},{"damage":32,"enemies":"Snake Plant","floor":20,"turns":5},{"damage":17,"enemies":"conspire:HollyBat","floor":22,"turns":4}],"seed_played":"5598729862670853407","potions_obtained":[{"floor":5,"key":"CultistPotion"},{"floor":5,"key":"Explosive Potion"},{"floor":11,"key":"sneckomod:MuddlingPotion"},{"floor":16,"key":"champ:CounterPotion"},{"floor":18,"key":"ColorlessPotion"},{"floor":19,"key":"ColorlessPotion"}],"is_trial":false,"path_per_floor":["M","?","M","?","?","R","E","M","T","R","M","E","M","$","R","B",null,"M","M","M","$","M"],"character_chosen":"THE_SILENT","items_purchased":["Poisoned Stab","Happy Flower","TwistedFunnel"],"campfire_rested":1,"item_purchase_floors":[14,14,21],"current_hp_per_floor":[63,63,63,63,46,46,46,46,46,46,45,31,23,23,44,20,58,49,49,17,17,0,0],"gold":12,"neow_bonus":"THREE_ENEMY_KILL","is_daily":false,"chose_seed":false,"campfire_upgraded":2,"win_rate":0.0,"timestamp":1608407915,"path_taken":["M","?","?","?","?","R","E","M","T","R","M","E","M","$","R","BOSS","M","M","M","$","M"],"items_purchased_type":["Card","Relic","Relic"],"build_version":"2020-12-13","purchased_purges":1,"victory":false,"max_hp_per_floor":[70,70,70,70,70,70,70,70,70,70,70,70,70,70,70,70,70,70,70,70,70,70,70],"card_choices":[{"not_picked":["ReplayTheSpireMod:The Works","hubris:TrickCloak"],"picked":"Poisoned Stab","floor":1},{"not_picked":["ReplayTheSpireMod:Scrap Shanks","Riddle With Holes"],"picked":"Dodge and Roll","floor":3},{"not_picked":["Outmaneuver","Dagger Spray"],"picked":"Bane","floor":5},{"not_picked":["Accuracy","Masterful Stab"],"picked":"Fluid Movement","floor":7},{"not_picked":["ReplayTheSpireMod:Tripwire","Prepared","Acrobatics"],"picked":"SKIP","floor":8},{"not_picked":["Reflex","Backflip"],"picked":"Dodge and Roll","floor":11},{"not_picked":["Sucker Punch","Dagger Spray"],"picked":"Terror","floor":12},{"not_picked":["Hidden Blade","Sucker Punch"],"picked":"Dodge and Roll","floor":13},{"not_picked":["Atom Bomb","Tools of the Trade"],"picked":"Envenom","floor":16},{"not_picked":["Choke","Blade Dance"],"picked":"Dagger Spray","floor":18},{"not_picked":["Dagger Throw","Outmaneuver"],"picked":"Noxious Fumes","floor":19},{"not_picked":["Skewer","Toxin Wave"],"picked":"Noxious Fumes","floor":20}],"player_experience":604662,"relics_obtained":[{"floor":7,"key":"ReplayFunnel"},{"floor":9,"key":"Snake Skull"},{"floor":12,"key":"Bag of Marbles"}],"event_choices":[{"damage_healed":0,"gold_gain":0,"cards_transformed":["Strike_G"],"player_choice":"Transformed","damage_taken":0,"max_hp_gain":0,"max_hp_loss":0,"event_name":"Transmorgrifier","floor":2,"gold_loss":0,"cards_obtained":["Wraith Form v2"]}],"is_beta":false,"boss_relics":[{"not_picked":["Philosopher\u0027s Stone","hubris:Stopwatch"],"picked":"Empty Cage"}],"items_purged_floors":[14],"is_endless":false,"potions_floor_spawned":[7,8,11,16,18,19],"killed_by":"conspire:HollyBat","ascension_level":12}}