{"host":"61r95uy0hn86b9iu","time":1608355774,"event":{"mods":["AchievementEnabler","BaseMod","Better Vampires","BetterRewards","Colored Powertips","Hubris","Minty Spire (QoL Compilation)","Shop Mod","StSLib"],"gold_per_floor":[117,127,17,35,85,85,112,132,132,132,147,147,147,21,21,92,92,105,30,30,48,48,48],"floor_reached":22,"playtime":937,"items_purged":["Regret"],"score":350,"play_id":"a3ba10cf-9b01-43de-b0c2-a3fba501c1e2","local_time":"20201218232934","is_ascension_mode":true,"campfire_choices":[{"data":"Catalyst","floor":6.0,"key":"SMITH"},{"floor":12.0,"key":"REST"},{"floor":15.0,"key":"REST"}],"circlet_count":0,"master_deck":["AscendersBane","Strike_G","Strike_G","Strike_G","Strike_G","Defend_G","Defend_G","Defend_G","Defend_G","Defend_G","Survivor","Neutralize","Noxious Fumes","Catalyst+1","Footwork","Dagger Throw","Poisoned Stab","Malaise","Bane","Footwork","Sucker Punch","Bullet Time","Caltrops"],"relics":["Ring of the Snake","NeowsBlessing","Snake Skull","Blue Candle","hubris:SlimyHat","SlaversCollar"],"acts_visited":["Exordium","TheCity"],"potions_floor_usage":[16,18],"damage_taken":[{"damage":0.0,"enemies":"Jaw Worm","floor":1.0,"turns":1.0},{"damage":0.0,"enemies":"Cultist","floor":2.0,"turns":1.0},{"damage":0.0,"enemies":"Small Slimes","floor":4.0,"turns":1.0},{"damage":12.0,"enemies":"Lagavulin","floor":7.0,"turns":7.0},{"damage":10.0,"enemies":"3 Louse","floor":8.0,"turns":4.0},{"damage":14.0,"enemies":"Looter","floor":11.0,"turns":3.0},{"damage":17,"enemies":"Hexaghost","floor":16,"turns":10},{"damage":3,"enemies":"Spheric Guardian","floor":18,"turns":5},{"damage":44,"enemies":"Chosen","floor":21,"turns":7},{"damage":19,"enemies":"Snake Plant","floor":22,"turns":1}],"seed_played":"6718603633115513484","potions_obtained":[{"floor":1.0,"key":"DuplicationPotion"},{"floor":7.0,"key":"GamblersBrew"},{"floor":16,"key":"DistilledChaos"}],"is_trial":false,"path_per_floor":["M","M","$","M","?","R","E","M","T","?","M","R","?","$","R","B",null,"M","?","?","M","M"],"character_chosen":"THE_SILENT","items_purchased":["Footwork","Dagger Throw","Sucker Punch"],"campfire_rested":2,"item_purchase_floors":[3,3,14],"current_hp_per_floor":[59,59,59,59,53,53,41,31,31,31,17,36,36,36,55,38,59,56,56,56,12,0,0],"gold":48,"neow_bonus":"THREE_ENEMY_KILL","is_daily":false,"chose_seed":false,"campfire_upgraded":1,"win_rate":0.0,"timestamp":1608355774,"path_taken":["M","M","$","M","?","R","E","?","T","?","M","R","?","$","R","BOSS","M","?","?","M","M"],"items_purchased_type":["Card","Card","Card"],"build_version":"2020-12-13","purchased_purges":1,"victory":false,"max_hp_per_floor":[66,66,66,66,66,66,66,66,66,66,66,66,66,66,66,66,66,66,66,66,66,66,66],"card_choices":[{"not_picked":["Leg Sweep","Backflip"],"picked":"Noxious Fumes","floor":1.0},{"not_picked":["Riddle With Holes","Outmaneuver"],"picked":"Catalyst","floor":2.0},{"not_picked":["Predator","Finisher"],"picked":"Poisoned Stab","floor":4.0},{"not_picked":["Dagger Throw","Acrobatics"],"picked":"Malaise","floor":7.0},{"not_picked":["Acrobatics","Poisoned Stab"],"picked":"Bane","floor":8.0},{"not_picked":["Slice","Eviscerate"],"picked":"Footwork","floor":11.0},{"not_picked":["Storm of Steel","Phantasmal Killer"],"picked":"Bullet Time","floor":16},{"not_picked":["hubris:TrickCloak","Heel Hook","Reflex+1"],"picked":"SKIP","floor":18},{"not_picked":["Underhanded Strike","Dagger Throw"],"picked":"Caltrops","floor":21}],"player_experience":3168572,"relics_obtained":[{"floor":7.0,"key":"Snake Skull"},{"floor":9.0,"key":"Blue Candle"}],"event_choices":[{"damage_healed":0.0,"max_hp_gain":0.0,"max_hp_loss":0.0,"gold_gain":50.0,"event_name":"FaceTrader","player_choice":"Touch","floor":5.0,"gold_loss":0.0,"damage_taken":6.0},{"damage_healed":0.0,"max_hp_gain":0.0,"max_hp_loss":0.0,"gold_gain":0.0,"event_name":"Scrap Ooze","player_choice":"Fled","floor":10.0,"gold_loss":0.0,"damage_taken":0.0},{"damage_healed":0.0,"max_hp_gain":0.0,"max_hp_loss":0.0,"gold_gain":0.0,"event_name":"Big Fish","player_choice":"Box","floor":13.0,"gold_loss":0.0,"damage_taken":0.0,"relics_obtained":["hubris:SlimyHat"],"cards_obtained":["Regret"]},{"cards_removed":["Strike_G"],"damage_healed":0,"gold_gain":0,"player_choice":"Gave Gold","damage_taken":0,"max_hp_gain":0,"max_hp_loss":0,"event_name":"Beggar","floor":19,"gold_loss":75},{"damage_healed":0,"gold_gain":0,"player_choice":"Ignored","damage_taken":0,"max_hp_gain":0,"max_hp_loss":0,"event_name":"Ghosts","floor":20,"gold_loss":0}],"is_beta":false,"boss_relics":[{"not_picked":["Fusion Hammer","Runic Dome"],"picked":"SlaversCollar"}],"items_purged_floors":[14],"is_endless":false,"potions_floor_spawned":[1,7,16],"killed_by":"Snake Plant","ascension_level":18}}