{"host":"ljavmhyz2e552xgo","time":1608338633,"event":{"mods":["BaseMod","Better Third Choice","Friendly Minions","GungeonMod","Minty Spire (QoL Compilation)","Permanent Neow","Spicy Shops","StSLib"],"gold_per_floor":[119,142,166,203,203,203,214,214,214,233,247,259,259,34,34,154,154,174,198,123,123,6,6,6,6,6,33,33,33,43,54,54,165,165,191,258,274,274,34,34,74,74,74,74,97,97,109,143,143,143],"floor_reached":51,"playtime":3506,"items_purged":["DemoMod:Strike_Huntress"],"score":668,"play_id":"21b35f31-56e6-4d8f-8416-8acee52e09cd","local_time":"20201218184353","is_ascension_mode":false,"campfire_choices":[{"data":"DemoMod:TableSutra","floor":6.0,"key":"SMITH"},{"data":"DemoMod:SniperShot","floor":8.0,"key":"SMITH"},{"floor":13.0,"key":"REST"},{"data":"DemoMod:ManualReload","floor":15.0,"key":"SMITH"},{"data":"DemoMod:CursedBullets","floor":23.0,"key":"SMITH"},{"data":"DemoMod:GunslingerForm","floor":25.0,"key":"SMITH"},{"floor":29.0,"key":"REST"},{"data":"DemoMod:FinishedGun","floor":32.0,"key":"SMITH"},{"floor":40.0,"key":"REST"},{"data":"DemoMod:BlackHoleGun","floor":44.0,"key":"SMITH"},{"data":"DemoMod:ConditionalReflex","floor":46,"key":"SMITH"},{"floor":49,"key":"REST"}],"circlet_count":0,"master_deck":["DemoMod:Defend_Huntress+1","DemoMod:Defend_Huntress+1","DemoMod:Defend_Huntress+1","DemoMod:Defend_Huntress+1","DemoMod:Roll","DemoMod:ManualReload+1","DemoMod:RustySidearm","DemoMod:CrossBow","DemoMod:CombinedRifle","DemoMod:TableSutra+1","DemoMod:HardPowerCard","DemoMod:SAA","DemoMod:SniperShot+1","DemoMod:SuppressiveFire","DemoMod:EasyReloadBullets","DemoMod:FinishedGun+1","DemoMod:PracticeMakesPerfect","DemoMod:GunslingerForm+1","DemoMod:CursedBullets","DemoMod:CursedBullets+1","DemoMod:FastSwitch+1","DemoMod:TripleGun","DemoMod:ConditionalReflex+1","DemoMod:BlackHoleGun+1","DemoMod:PotionOfGunFriendShip+1","DemoMod:Polaris+1","DemoMod:DoubleVision","Writhe","Parasite","DemoMod:ConditionalReflex+1","DemoMod:CursedBullets+1","DemoMod:FastSwitch+1"],"relics":["DemoMod:Dog","Turnip","Oddly Smooth Stone","DemoMod:Test1","Bottled Lightning","DemoMod:Relodestone","Cursed Key","Incense Burner","DemoMod:CrisisStone","Shuriken","Blue Candle","DemoMod:GlassGuonStoneRelic"],"acts_visited":["Exordium","TheCity","TheBeyond"],"potions_floor_usage":[50,50,50,50],"damage_taken":[{"damage":5.0,"enemies":"Small Slimes","floor":1.0,"turns":2.0},{"damage":4.0,"enemies":"Jaw Worm","floor":2.0,"turns":7.0},{"damage":1.0,"enemies":"Cultist","floor":3.0,"turns":6.0},{"damage":2.0,"enemies":"3 Louse","floor":4.0,"turns":4.0},{"damage":5.0,"enemies":"Exordium Wildlife","floor":7.0,"turns":7.0},{"damage":0.0,"enemies":"Lots of Slimes","floor":10.0,"turns":1.0},{"damage":13.0,"enemies":"Gremlin Gang","floor":11.0,"turns":5.0},{"damage":9.0,"enemies":"Exordium Wildlife","floor":12.0,"turns":4.0},{"damage":2.0,"enemies":"Hexaghost","floor":16.0,"turns":10.0},{"damage":10.0,"enemies":"Chosen","floor":18.0,"turns":3.0},{"damage":6.0,"enemies":"3 Byrds","floor":19.0,"turns":5.0},{"damage":8.0,"enemies":"3 Cultists","floor":27.0,"turns":4.0},{"damage":0.0,"enemies":"Snake Plant","floor":30.0,"turns":3.0},{"damage":3.0,"enemies":"Sentry and Sphere","floor":31.0,"turns":4.0},{"damage":18.0,"enemies":"Collector","floor":33.0,"turns":6.0},{"damage":6.0,"enemies":"3 Shapes","floor":35.0,"turns":3.0},{"damage":38.0,"enemies":"Mind Bloom Boss Battle","floor":36.0,"turns":5.0},{"damage":9.0,"enemies":"Orb Walker","floor":37.0,"turns":4.0},{"damage":4.0,"enemies":"Sphere and 2 Shapes","floor":41.0,"turns":5.0},{"damage":0,"enemies":"Spire Growth","floor":45,"turns":4},{"damage":17,"enemies":"Jaw Worm Horde","floor":47,"turns":3},{"damage":1,"enemies":"Maw","floor":48,"turns":8},{"damage":2,"enemies":"Time Eater","floor":50,"turns":5}],"seed_played":"-4168231614168702742","potions_obtained":[{"floor":1.0,"key":"Dexterity Potion"},{"floor":7.0,"key":"AttackPotion"},{"floor":10.0,"key":"LiquidMemories"},{"floor":11.0,"key":"AttackPotion"},{"floor":12.0,"key":"EssenceOfSteel"},{"floor":27.0,"key":"SteroidPotion"},{"floor":30.0,"key":"Weak Potion"},{"floor":35.0,"key":"SteroidPotion"},{"floor":37.0,"key":"Explosive Potion"},{"floor":48,"key":"EntropicBrew"}],"is_trial":false,"path_per_floor":["M","M","M","M","?","R","M","R","T","M","M","M","R","$","R","B",null,"M","M","?","?","$","R","?","R","T","M","?","R","M","M","R","B",null,"M","?","M","T","$","R","M","$","T","R","M","R","M","M","R","B",null],"character_chosen":"HUNTRESS","items_purchased":["Oddly Smooth Stone","DemoMod:CursedBullets","Shuriken"],"campfire_rested":4,"item_purchase_floors":[14,22,39],"current_hp_per_floor":[65,61,60,58,51,51,46,46,46,46,33,24,45,45,45,43,70,60,54,54,54,54,54,41,41,41,33,33,55,55,52,52,34,75,69,31,22,22,22,44,40,40,40,40,40,40,23,22,44,42],"gold":143,"neow_bonus":"THREE_CARDS","is_daily":false,"chose_seed":false,"campfire_upgraded":8,"win_rate":0.0,"timestamp":1608338633,"path_taken":["M","M","M","M","?","R","M","R","T","M","M","M","R","$","R","BOSS","M","M","?","?","$","R","?","R","T","M","?","R","M","?","R","BOSS","M","?","M","?","?","R","M","$","T","R","?","R","M","M","R","BOSS"],"items_purchased_type":["Relic","Card","Relic"],"build_version":"2020-12-13","purchased_purges":1,"victory":true,"max_hp_per_floor":[70,70,70,70,70,70,70,70,70,70,70,70,70,70,70,70,70,70,70,70,70,70,70,75,75,75,75,75,75,75,75,75,75,75,75,75,75,75,75,75,75,75,75,75,75,75,75,75,75,75],"card_choices":[{"not_picked":["DemoMod:LifeOrb","DemoMod:MegaHand"],"picked":"DemoMod:CombinedRifle","floor":0.0},{"not_picked":["DemoMod:CombinedRifle","DemoMod:DoubleSwitch"],"picked":"DemoMod:TableSutra","floor":1.0},{"not_picked":["DemoMod:PotionOfGunFriendShip","DemoMod:TeaPot"],"picked":"DemoMod:HardPowerCard","floor":2.0},{"not_picked":["DemoMod:Ejector","DemoMod:BoxingGlove"],"picked":"DemoMod:SAA","floor":3.0},{"not_picked":["DemoMod:StickyCrossBow","DemoMod:Unity"],"picked":"DemoMod:SniperShot","floor":4.0},{"not_picked":["DemoMod:DoubleSwitch","DemoMod:FeignSurrender"],"picked":"DemoMod:SuppressiveFire","floor":7.0},{"not_picked":["DemoMod:PotionOfGunFriendShip","DemoMod:Ejector"],"picked":"DemoMod:EasyReloadBullets","floor":10.0},{"not_picked":["DemoMod:FastSwitch","DemoMod:MegaHand"],"picked":"DemoMod:FinishedGun","floor":11.0},{"not_picked":["DemoMod:AC15","DemoMod:HuntsMan"],"picked":"DemoMod:PracticeMakesPerfect","floor":12.0},{"not_picked":["DemoMod:SuppressiveFire","DemoMod:BlankBullets"],"picked":"DemoMod:GunslingerForm","floor":16.0},{"not_picked":["DemoMod:JK47","DemoMod:PracticeMakesPerfect+1","DemoMod:AC15+1"],"picked":"SKIP","floor":18.0},{"not_picked":["DemoMod:Camera","DemoMod:FortunesFavor"],"picked":"DemoMod:CursedBullets","floor":19.0},{"not_picked":["DemoMod:BoxingGlove+1","DemoMod:HighKaliber"],"picked":"DemoMod:FastSwitch+1","floor":27.0},{"not_picked":["DemoMod:JK47","DemoMod:Camera"],"picked":"DemoMod:TripleGun","floor":30.0},{"not_picked":["DemoMod:HighKaliber","DemoMod:DarkMarker"],"picked":"DemoMod:ConditionalReflex+1","floor":31.0},{"not_picked":["DemoMod:BSG","DemoMod:BulletBore"],"picked":"DemoMod:BlackHoleGun","floor":33.0},{"not_picked":["DemoMod:TeaPot+1","DemoMod:AWP+1"],"picked":"DemoMod:PotionOfGunFriendShip+1","floor":35.0},{"not_picked":["DemoMod:Unity","DemoMod:HuntsMan+1"],"picked":"DemoMod:Polaris+1","floor":36.0},{"not_picked":["DemoMod:JK47","DemoMod:ProbeStrike+1"],"picked":"DemoMod:DoubleVision","floor":37.0},{"not_picked":["DemoMod:SAA","DemoMod:PotionOfGunFriendShip+1"],"picked":"DemoMod:ConditionalReflex","floor":45},{"not_picked":["DemoMod:Desperate","DemoMod:ConditionalReflex","DemoMod:GunstockTap"],"picked":"SKIP","floor":45},{"not_picked":["DemoMod:FastSwitch","DemoMod:PracticeMakesPerfect"],"picked":"DemoMod:CursedBullets+1","floor":47},{"not_picked":["DemoMod:SAA","DemoMod:DirectionalPad"],"picked":"DemoMod:FastSwitch+1","floor":48}],"player_experience":1364016,"relics_obtained":[{"floor":9.0,"key":"Turnip"},{"floor":26.0,"key":"Bottled Lightning"},{"floor":28.0,"key":"DemoMod:Relodestone"},{"floor":36.0,"key":"Incense Burner"},{"floor":38.0,"key":"DemoMod:CrisisStone"},{"floor":43.0,"key":"Blue Candle"}],"event_choices":[{"cards_removed":["DemoMod:Strike_Huntress"],"damage_healed":0.0,"max_hp_gain":0.0,"max_hp_loss":0.0,"gold_gain":0.0,"event_name":"Golden Wing","player_choice":"Card Removal","floor":5.0,"gold_loss":0.0,"damage_taken":7.0},{"cards_removed":["DemoMod:Strike_Huntress"],"damage_healed":0.0,"max_hp_gain":0.0,"max_hp_loss":0.0,"gold_gain":0.0,"event_name":"Beggar","player_choice":"Gave Gold","floor":20.0,"gold_loss":75.0,"damage_taken":0.0},{"damage_healed":0.0,"max_hp_gain":0.0,"max_hp_loss":4.0,"gold_gain":0.0,"event_name":"betterThird:BetterWriting","player_choice":"Simplicity","floor":21.0,"gold_loss":0.0,"damage_taken":0.0},{"damage_healed":0.0,"max_hp_gain":5.0,"max_hp_loss":0.0,"gold_gain":0.0,"event_name":"Forgotten Altar","player_choice":"Shed Blood","floor":24.0,"gold_loss":0.0,"damage_taken":18.0},{"damage_healed":0.0,"max_hp_gain":0.0,"max_hp_loss":0.0,"gold_gain":0.0,"event_name":"Wheel of Change","player_choice":"Relic","floor":28.0,"gold_loss":0.0,"damage_taken":0.0},{"damage_healed":0.0,"max_hp_gain":0.0,"max_hp_loss":0.0,"gold_gain":0.0,"event_name":"MindBloom","player_choice":"Fight","floor":36.0,"gold_loss":0.0,"damage_taken":0.0}],"is_beta":false,"boss_relics":[{"not_picked":["SacredBark","Calling Bell"],"picked":"DemoMod:Test1"},{"not_picked":["Black Star","Busted Crown"],"picked":"Cursed Key"}],"items_purged_floors":[14],"is_endless":false,"potions_floor_spawned":[1,7,10,11,12,27,30,35,37,48],"ascension_level":0}}