{"host":"i2ku91d5mi282ys8","time":1608383831,"event":{"mods":["AchievementEnabler","Act Like it!","Aspiration","BaseMod","Better Match","Better Note","Better Skull","Better Third Choice","Block Reminder","CatGirl Mod","Colored Map","Colored Powertips","DeckTracker","Defuse TimeMaze Blight","Displayed Cursed Tome","GifTheSpireLib","Googly Eyes","Highlight Path","Lobotomy","LobotomyExtend","Minty Spire (QoL Compilation)","Permanent Neow","Quick Restart","RNG Fix","Random Character Button","Rare Cards Sparkle","Relic Sorter","StSLib","The IronCluck","Uncapped","Unceasing Turn Reminder","Waifu the Spire","everything is the same but u backflip on backflip"],"gold_per_floor":[111,122,122,222,149,149,104,104,182,210,220,395,395,415,415,517,517,530,549,549,626,646,646,681,681,734,766,778,693,704,804,804,901,901,971,983,983,1000,179,213,213,213,213,213,229,243,243,258,258,258],"floor_reached":51,"playtime":6344,"items_purged":["AddBullet"],"score":790,"play_id":"bdf86b61-2252-49f1-bc76-c12a9df8700d","local_time":"20201219081711","is_ascension_mode":false,"campfire_choices":[{"data":"GreenStem","floor":23,"key":"SMITH"}],"circlet_count":0,"master_deck":["SpecialBullet","SpecialBullet","SpecialBullet","SpecialBullet","SpecialBullet","SpecialBullet","SpecialBullet","SpecialBullet","ExtractionCode","CentralCode","SecurityCode","Adoration","Beak","CrumblingArmor","Noise","Laetitia_ego","MeatLantern","Lamp+15","Phantasmal Killer+1","Moonlight","InformationCode","Noise","WristCuter","TodaysExpression","Horn","Doubt","RapturousDream","QueenOfHatred","GrinderMk4","SpecialBullet","GoldRush","ParadiseLost","Soda+1","GreenStem+1","Gaze","Lamp+8","Scorched","Scorched","SoundOfStar","Freischutz","Moonlight","SpecialBullet","CUTE","SpecialBullet","SpecialBullet","SpecialBullet","Justitia+1","SpecialBullet","Spore","SpecialBullet","SpecialBullet","PlagueDoctor","Soda+1","Flash of Steel","Soda","SpecialBullet","Reverberation","SpecialBullet","Regret_ego+1","NothingThere","SpecialBullet","SpecialBullet","SomewhereSpear+1","ControlCode"],"relics":["CogitoBucket","AtMidnight","LetterFromLob","Pantograph","MealTicket","aspiration:ChemicalBlood","Velvet Choker","Theresia","Mummified Hand","aspiration:FetidBarrel","Omamori","Ginger","ChangeAnything","Blue Candle","StoneCalendar","Mercury Hourglass","Empty Cage","FleshIdol","Blood Vial","CaptainsWheel","Frozen Eye","Akabeko","Anchor","Pen Nib"],"acts_visited":["Exordium","TheCity","TheBeyond"],"potions_floor_usage":[18,22,22,24,27,30,31,33,33,35,35,40,40,40,46,50,50,50,51,51,51,51,51,51,51,51,51,51,51,51,51,51,51,51],"damage_taken":[{"damage":10,"enemies":"2 Louse","floor":1,"turns":3},{"damage":12,"enemies":"Jaw Worm","floor":2,"turns":3},{"damage":20,"enemies":"Gremlin Nob","floor":10,"turns":4},{"damage":0,"enemies":"Cultist","floor":11,"turns":3},{"damage":7,"enemies":"2 Fungi Beasts","floor":14,"turns":3},{"damage":46,"enemies":"The Guardian","floor":16,"turns":14},{"damage":18,"enemies":"2 Thieves","floor":18,"turns":4},{"damage":16,"enemies":"Shell Parasite","floor":19,"turns":5},{"damage":26,"enemies":"Snake Plant","floor":22,"turns":3},{"damage":22,"enemies":"Slavers","floor":24,"turns":4},{"damage":0,"enemies":"Gremlin Leader","floor":27,"turns":5},{"damage":13,"enemies":"Centurion and Healer","floor":28,"turns":3},{"damage":1,"enemies":"Snecko","floor":30,"turns":3},{"damage":10,"enemies":"Colosseum Slavers","floor":31,"turns":2},{"damage":26,"enemies":"Colosseum Nobs","floor":31,"turns":4},{"damage":19,"enemies":"Automaton","floor":33,"turns":5},{"damage":10,"enemies":"Orb Walker","floor":35,"turns":71},{"damage":0,"enemies":"3 Darklings","floor":36,"turns":1},{"damage":0,"enemies":"Writhing Mass","floor":38,"turns":3},{"damage":40,"enemies":"Reptomancer","floor":40,"turns":4},{"damage":0,"enemies":"Spire Growth","floor":45,"turns":4},{"damage":3,"enemies":"Maw","floor":46,"turns":4},{"damage":0,"enemies":"4 Shapes","floor":48,"turns":1},{"damage":73,"enemies":"Donu and Deca","floor":50,"turns":7},{"damage":86,"enemies":"Malkuth","floor":51,"turns":6},{"damage":136,"enemies":"Netzach","floor":51,"turns":10}],"seed_played":"-2066359231415344752","potions_obtained":[{"floor":22,"key":"Weak Potion"},{"floor":22,"key":"Explosive Potion"},{"floor":24,"key":"ColorlessPotion"},{"floor":31,"key":"Block Potion"},{"floor":33,"key":"LiquidBronze"},{"floor":40,"key":"ColorlessPotion"},{"floor":40,"key":"CultistPotion"},{"floor":45,"key":"GamblersBrew"},{"floor":46,"key":"Fruit Juice"},{"floor":51,"key":"Fire Potion"},{"floor":51,"key":"Weak Potion"},{"floor":51,"key":"Weak Potion"},{"floor":51,"key":"DuplicationPotion"},{"floor":51,"key":"SneckoOil"}],"is_trial":false,"path_per_floor":["M","M","?","?","$","R","?","R","T","E","M","?","?","M","R","B",null,"M","M","?","T","M","R","E","R","T","E","M","?","M","?","R","B",null,"M","M","?","M","$","E","R","?","T","R","M","M","R","M","R","B",null],"character_chosen":"Angela","items_purchased":["Moonlight","Flash of Steel","CaptainsWheel","Frozen Eye","Akabeko","Soda"],"campfire_rested":0,"item_purchase_floors":[5,39,39,39,39,39],"current_hp_per_floor":[68,64,64,64,64,64,64,64,64,52,60,60,60,65,65,47,70,66,70,70,70,64,64,70,70,70,70,70,70,70,70,70,70,70,70,70,45,63,70,45,45,45,45,45,62,75,75,75,75,74],"gold":233,"neow_bonus":"ONE_RANDOM_RARE_CARD","is_daily":false,"chose_seed":false,"campfire_upgraded":1,"win_rate":0.0,"timestamp":1608383831,"path_taken":["M","M","?","?","?","R","?","R","T","E","M","?","?","M","R","BOSS","M","M","?","?","M","R","E","R","T","E","M","?","?","?","R","BOSS","M","M","?","M","$","E","R","?","T","R","M","?","R","M","R","BOSS"],"items_purchased_type":["Card","Card","Relic","Relic","Relic","Card"],"build_version":"2020-12-13","purchased_purges":1,"victory":true,"max_hp_per_floor":[70,70,70,70,70,70,70,70,70,70,70,70,70,70,70,70,70,70,70,70,70,70,70,70,70,70,70,70,70,70,70,70,70,70,70,70,70,70,70,70,70,70,70,70,70,75,75,75,75,75],"card_choices":[{"not_picked":["BlueScar"],"picked":"Beak","floor":1},{"not_picked":["Wellcheers","HeroicMonk"],"picked":"CrumblingArmor","floor":1},{"not_picked":["CUTE"],"picked":"Noise","floor":1},{"not_picked":["Noise"],"picked":"Laetitia_ego","floor":2},{"not_picked":["Rudolta","Porccubus"],"picked":"MeatLantern","floor":2},{"not_picked":["BearPaw"],"picked":"Lamp","floor":2},{"not_picked":["FourthMatchFlame","Hypocrisy"],"picked":"Noise","floor":10},{"not_picked":["BearPaw","CherryBlossom"],"picked":"WristCuter","floor":10},{"not_picked":["Wingbeat","Regret_ego"],"picked":"TodaysExpression","floor":11},{"not_picked":["Penitence","WristCuter"],"picked":"Horn","floor":11},{"not_picked":["Loneliness","Regret_ego"],"picked":"RapturousDream","floor":14},{"not_picked":["VoidDream","LongBird"],"picked":"QueenOfHatred","floor":14},{"not_picked":["CUTE","Loneliness"],"picked":"GrinderMk4","floor":14},{"not_picked":["DaCapo","SoundOfStar"],"picked":"GoldRush","floor":16},{"not_picked":["Twilight","Pinks"],"picked":"ParadiseLost","floor":16},{"not_picked":["Wingbeat","WristCuter"],"picked":"Soda+1","floor":18},{"not_picked":["SingingMachine","LongBird"],"picked":"Woodsman","floor":18},{"not_picked":["Noise","Wingbeat+1"],"picked":"GreenStem","floor":18},{"not_picked":["CrimsonScar","SwordSharpenedByTears"],"picked":"Gaze","floor":19},{"not_picked":["SolemnVow","FeatherOfHonor"],"picked":"Lamp","floor":19},{"not_picked":["FairyFestival","Variant"],"picked":"Scorched","floor":19},{"not_picked":["CherryBlossom","Harmony+1","Horn"],"picked":"SKIP","floor":22},{"not_picked":["Tough","Soda"],"picked":"SoundOfStar","floor":24},{"not_picked":["BlackSwan_ego","SolemnVow+1","ScreamingWedge+1"],"picked":"SKIP","floor":27},{"not_picked":["HeroicMonk","GalaxyChild"],"picked":"Freischutz","floor":28},{"not_picked":["Horn","RedEyes"],"picked":"Moonlight","floor":28},{"not_picked":["Lantern","GrinderMk4+1","Hypocrisy"],"picked":"SKIP","floor":28},{"not_picked":["GreedKing","RedShoes"],"picked":"BodiesMountain","floor":30},{"not_picked":["Noise+1","Loneliness+1"],"picked":"CUTE","floor":30},{"not_picked":["Adoration","SoundOfStar"],"picked":"Justitia","floor":33},{"not_picked":["Penitence+1","Pleasure+1"],"picked":"Spore","floor":35},{"not_picked":["FrostShard+1","CherryBlossom+1","Loneliness"],"picked":"SKIP","floor":35},{"not_picked":["FourthMatchFlame","CUTE+1","FrostShard+1"],"picked":"SKIP","floor":36},{"not_picked":["BodiesMountain","Woodsman"],"picked":"PlagueDoctor","floor":38},{"not_picked":["Wingbeat+1","CherryBlossom+1"],"picked":"Soda+1","floor":38},{"not_picked":["Hornet","RedEyes"],"picked":"Reverberation","floor":40},{"not_picked":["RedEyes+1","Tough","DaCapo"],"picked":"SKIP","floor":45},{"not_picked":["Harvest","Harmony+1"],"picked":"Regret_ego+1","floor":46},{"not_picked":["MeltingLove","BlueStar","DespairKnight"],"picked":"Singing Bowl","floor":48},{"not_picked":["GalaxyChild","LongBird"],"picked":"NothingThere","floor":48},{"not_picked":["Noise+1","MagicBullet+1"],"picked":"SomewhereSpear+1","floor":48}],"player_experience":323013,"relics_obtained":[{"floor":1,"key":"LetterFromLob"},{"floor":9,"key":"Pantograph"},{"floor":10,"key":"MealTicket"},{"floor":21,"key":"Mummified Hand"},{"floor":24,"key":"aspiration:FetidBarrel"},{"floor":26,"key":"Omamori"},{"floor":27,"key":"Ginger"},{"floor":31,"key":"StoneCalendar"},{"floor":31,"key":"Mercury Hourglass"},{"floor":35,"key":"AtMidnight"},{"floor":40,"key":"Anchor"},{"floor":43,"key":"Pen Nib"}],"event_choices":[{"cards_removed":["MeatLantern"],"damage_healed":0,"gold_gain":0,"player_choice":"Take \u0026 Give","damage_taken":0,"max_hp_gain":0,"max_hp_loss":0,"event_name":"betterNote:BetterNote","floor":3,"gold_loss":0,"cards_obtained":["Phantasmal Killer"]},{"damage_healed":0,"gold_gain":100,"player_choice":"Pray","damage_taken":0,"max_hp_gain":0,"max_hp_loss":0,"event_name":"Golden Shrine","floor":4,"gold_loss":0},{"damage_healed":0,"gold_gain":0,"player_choice":"Left","damage_taken":0,"max_hp_gain":0,"max_hp_loss":0,"event_name":"betterThird:BetterGoop","floor":7,"gold_loss":45},{"damage_healed":0,"gold_gain":175,"player_choice":"AGREE","damage_taken":220,"max_hp_gain":0,"max_hp_loss":0,"event_name":"betterThird:BetterSerpent","floor":12,"gold_loss":0},{"damage_healed":0,"gold_gain":0,"player_choice":"Searched \u00271\u0027 times","damage_taken":0,"relics_obtained":["aspiration:ChemicalBlood"],"max_hp_gain":0,"max_hp_loss":0,"event_name":"Dead Adventurer","floor":13,"gold_loss":0},{"damage_healed":0,"gold_gain":0,"player_choice":"Copied","damage_taken":0,"max_hp_gain":0,"max_hp_loss":0,"event_name":"Duplicator","floor":20,"gold_loss":0,"cards_obtained":["Scorched"]},{"damage_healed":0,"gold_gain":0,"player_choice":"Obtained Relic","damage_taken":0,"relics_obtained":["Blue Candle"],"max_hp_gain":0,"max_hp_loss":0,"event_name":"Addict","floor":29,"gold_loss":85},{"damage_healed":0,"gold_gain":0,"player_choice":"Fight","damage_taken":0,"max_hp_gain":0,"max_hp_loss":0,"event_name":"Colosseum","floor":31,"gold_loss":0},{"damage_healed":0,"gold_gain":0,"player_choice":"Fought Nobs","damage_taken":0,"max_hp_gain":0,"max_hp_loss":0,"event_name":"Colosseum","floor":31,"gold_loss":0},{"damage_healed":0,"gold_gain":0,"player_choice":"UP RE ","damage_taken":29,"relics_obtained":["Blood Vial"],"max_hp_gain":0,"max_hp_loss":0,"event_name":"betterSkull:BetterSkull","floor":37,"gold_loss":0,"cards_upgraded":["Justitia"]},{"cards_removed":["SpecialBullet"],"damage_healed":0,"gold_gain":0,"player_choice":"Removed Attack","damage_taken":0,"max_hp_gain":0,"max_hp_loss":0,"event_name":"Falling","floor":42,"gold_loss":0}],"is_beta":false,"boss_relics":[{"not_picked":["aspiration:RitualDagger","aspiration:SecretTechniqueScroll"],"picked":"Velvet Choker"},{"not_picked":["Cursed Key","Philosopher\u0027s Stone"],"picked":"Empty Cage"}],"items_purged_floors":[39],"is_endless":false,"potions_floor_spawned":[22,33,38,45,46],"ascension_level":0}}