{"host":"y76x98twjnyyxs83","time":1608382322,"event":{"mods":["BaseMod","Colored Powertips","Minty Spire (QoL Compilation)","Permanent Neow","Quick Restart","Rare Cards Sparkle","Relic Stats","StSLib"],"gold_per_floor":[118,138,138,138,63,63,92,104,104,133,133,167,167,182,182,255,255,269,269,283,187,202,231,269,297,297,338,338,369,369,43,43,149,149,195,155,226,236,321,379,464,535,586,649,649,649,676,432,432,432,432,432,432,31,66,66],"floor_reached":57,"playtime":4009,"items_purged":["Clumsy","Strike_P+1"],"score":3117,"play_id":"8a149f84-85d5-4f17-a935-785e962eb49a","local_time":"20201219205202","is_ascension_mode":true,"campfire_choices":[{"data":"Eruption","floor":6.0,"key":"SMITH"},{"floor":11.0,"key":"REST"},{"data":"BowlingBash","floor":13.0,"key":"SMITH"},{"data":"Vigilance","floor":15.0,"key":"SMITH"},{"data":"Meditate","floor":30.0,"key":"SMITH"},{"data":"WaveOfTheHand","floor":32.0,"key":"SMITH"},{"floor":49.0,"key":"RECALL"},{"data":"Protect","floor":53.0,"key":"SMITH"}],"circlet_count":0,"master_deck":["AscendersBane","Strike_P+1","Defend_P+1","Defend_P+1","Eruption+1","Vigilance+1","WindmillStrike+1","Swivel+1","Devotion+1","FollowUp+1","TalkToTheHand+1","BowlingBash+1","Wireheading+1","CarveReality+1","LessonLearned+1","WaveOfTheHand+1","Wish+1","Devotion+1","CutThroughFate+1","Meditate+1","Meditate+1","DevaForm+1","Omniscience+1","SandsOfTime+1","CarveReality+1","Protect+1","TalkToTheHand+1","Protect+1","Conclude+1","Ragnarok+1","ThirdEye+1"],"relics":["Astrolabe","HornCleat","Lantern","Bag of Preparation","Anchor","Lizard Tail","Snecko Eye","Whetstone","Regal Pillow","Yang","Tiny Chest","Potion Belt","Cursed Key","WingedGreaves","MealTicket","Happy Flower","Blood Vial","Toxic Egg 2","Oddly Smooth Stone","Bottled Lightning"],"acts_visited":["Exordium","TheCity","TheBeyond","TheEnding"],"potions_floor_usage":[55,56],"damage_taken":[{"damage":1.0,"enemies":"Jaw Worm","floor":1.0,"turns":3.0},{"damage":0.0,"enemies":"2 Louse","floor":2.0,"turns":2.0},{"damage":54.0,"enemies":"Gremlin Nob","floor":7.0,"turns":4.0},{"damage":0.0,"enemies":"Cultist","floor":8.0,"turns":3.0},{"damage":0.0,"enemies":"Lagavulin","floor":10.0,"turns":2.0},{"damage":0.0,"enemies":"3 Sentries","floor":12.0,"turns":2.0},{"damage":0.0,"enemies":"Looter","floor":14.0,"turns":2.0},{"damage":5.0,"enemies":"The Guardian","floor":16.0,"turns":8.0},{"damage":0.0,"enemies":"2 Thieves","floor":18.0,"turns":3.0},{"damage":0.0,"enemies":"Chosen","floor":20.0,"turns":3.0},{"damage":0.0,"enemies":"Centurion and Healer","floor":22.0,"turns":5.0},{"damage":4.0,"enemies":"Book of Stabbing","floor":23.0,"turns":4.0},{"damage":10.0,"enemies":"Chosen and Byrds","floor":24.0,"turns":5.0},{"damage":2.0,"enemies":"Gremlin Leader","floor":25.0,"turns":7.0},{"damage":0.0,"enemies":"Shelled Parasite and Fungi","floor":27.0,"turns":5.0},{"damage":0.0,"enemies":"Book of Stabbing","floor":29.0,"turns":5.0},{"damage":16.0,"enemies":"Collector","floor":33.0,"turns":6.0},{"damage":13.0,"enemies":"3 Shapes","floor":35.0,"turns":6.0},{"damage":1.0,"enemies":"3 Darklings","floor":37.0,"turns":5.0},{"damage":6.0,"enemies":"Spire Growth","floor":38.0,"turns":3.0},{"damage":0.0,"enemies":"Mind Bloom Boss Battle","floor":39.0,"turns":6.0},{"damage":4.0,"enemies":"Giant Head","floor":40.0,"turns":5.0},{"damage":0.0,"enemies":"Reptomancer","floor":41.0,"turns":4.0},{"damage":1.0,"enemies":"4 Shapes","floor":42.0,"turns":5.0},{"damage":0.0,"enemies":"Nemesis","floor":44.0,"turns":5.0},{"damage":31.0,"enemies":"Reptomancer","floor":47.0,"turns":4.0},{"damage":7.0,"enemies":"Donu and Deca","floor":50.0,"turns":4.0},{"damage":3.0,"enemies":"Time Eater","floor":51.0,"turns":8.0},{"damage":37,"enemies":"Shield and Spear","floor":55,"turns":5},{"damage":48,"enemies":"The Heart","floor":56,"turns":6}],"seed_played":"-134437423171018227","potions_obtained":[{"floor":8.0,"key":"SteroidPotion"},{"floor":10.0,"key":"Energy Potion"},{"floor":12.0,"key":"Energy Potion"},{"floor":16.0,"key":"Block Potion"},{"floor":20.0,"key":"SpeedPotion"},{"floor":24.0,"key":"DuplicationPotion"},{"floor":25.0,"key":"AttackPotion"},{"floor":33.0,"key":"FearPotion"},{"floor":36.0,"key":"Fruit Juice"},{"floor":36.0,"key":"AttackPotion"},{"floor":36.0,"key":"GamblersBrew"},{"floor":38.0,"key":"Ambrosia"},{"floor":39.0,"key":"Swift Potion"},{"floor":41.0,"key":"Dexterity Potion"},{"floor":44.0,"key":"SteroidPotion"}],"is_trial":false,"path_per_floor":["M","M","?","?","?","R","E","M","T","E","R","E","R","M","R","B",null,"M","?","M","$","M","E","M","E","T","M","?","E","R","$","R","B",null,"M","?","M","M","?","E","E","M","T","E","T","?","E","$","R","B","B",null,"R","$","E","B",null],"character_chosen":"WATCHER","items_purchased":["WaveOfTheHand","FearPotion","DevaForm","Potion Belt","DuplicationPotion","Ragnarok","Regen Potion","SpeedPotion","Oddly Smooth Stone"],"campfire_rested":1,"item_purchase_floors":[21,21,31,31,48,48,54,54,54],"current_hp_per_floor":[60,60,60,65,65,65,11,11,11,11,32,32,32,32,32,27,62,62,62,62,62,62,58,48,46,46,46,46,46,46,46,46,30,62,49,54,53,47,47,43,43,42,42,42,42,42,13,28,28,23,22,64,64,78,50,4],"gold":66,"neow_bonus":"BOSS_RELIC","is_daily":false,"chose_seed":false,"campfire_upgraded":6,"win_rate":0.0,"timestamp":1608382322,"path_taken":["M","M","?","?","?","R","E","?","T","E","R","E","R","M","R","BOSS","M","?","?","$","M","E","M","E","T","?","?","E","R","$","R","BOSS","M","?","M","?","?","E","E","M","T","E","?","?","E","$","R","BOSS","BOSS","R","$","E","BOSS"],"items_purchased_type":["Card","Potion","Card","Relic","Potion","Card","Potion","Potion","Relic"],"build_version":"2020-12-13","purchased_purges":2,"victory":true,"max_hp_per_floor":[68,68,68,73,73,73,73,73,73,73,73,73,73,73,73,73,73,73,73,73,73,73,73,73,73,73,73,73,73,73,73,73,73,73,73,78,78,78,78,78,78,78,78,78,78,78,78,78,78,78,78,78,78,78,78,78],"relic_stats":{"Regal Pillow":0,"Happy Flower":[12],"counters":[30,135],"Astrolabe":["WindmillStrike","Swivel","Devotion"],"Yang":[197],"Bag of Preparation":[52],"Whetstone":["FollowUp","LessonLearned"],"Cursed Key":1,"Blood Vial":8,"Lizard Tail":0,"Snecko Eye":[205,175,198,190],"Tiny Chest":1,"MealTicket":29,"obtain_stats":[{"Potion Belt":31,"Lantern":7,"Regal Pillow":25,"Happy Flower":41,"Astrolabe":0,"Oddly Smooth Stone":54,"Yang":26,"Bag of Preparation":9,"Whetstone":23,"Cursed Key":34,"Blood Vial":44,"Anchor":10,"Lizard Tail":12,"HornCleat":5,"Snecko Eye":17,"Tiny Chest":29,"MealTicket":40,"WingedGreaves":39,"Bottled Lightning":55,"PureWater":0,"Toxic Egg 2":47},{"Potion Belt":16,"Lantern":3,"Regal Pillow":14,"Happy Flower":23,"Astrolabe":0,"Oddly Smooth Stone":28,"Yang":14,"Bag of Preparation":4,"Whetstone":12,"Cursed Key":17,"Blood Vial":25,"Anchor":5,"Lizard Tail":6,"HornCleat":2,"Snecko Eye":8,"Tiny Chest":16,"MealTicket":22,"WingedGreaves":21,"Bottled Lightning":29,"PureWater":0,"Toxic Egg 2":26},{"Potion Belt":63,"Lantern":9,"Regal Pillow":53,"Happy Flower":98,"Astrolabe":0,"Oddly Smooth Stone":124,"Yang":53,"Bag of Preparation":12,"Whetstone":41,"Cursed Key":69,"Blood Vial":108,"Anchor":14,"Lizard Tail":16,"HornCleat":5,"Snecko Eye":26,"Tiny Chest":63,"MealTicket":94,"WingedGreaves":89,"Bottled Lightning":129,"PureWater":0,"Toxic Egg 2":112}]},"card_choices":[{"not_picked":["JustLucky","Sanctity"],"picked":"FollowUp","floor":1.0},{"not_picked":["WheelKick","Wallop"],"picked":"TalkToTheHand","floor":2.0},{"not_picked":["Judgement","Consecrate"],"picked":"BowlingBash","floor":7.0},{"not_picked":["SignatureMove","JustLucky","EmptyMind"],"picked":"SKIP","floor":8.0},{"not_picked":["WindmillStrike","Consecrate"],"picked":"Wireheading","floor":10.0},{"not_picked":["Nirvana","Sanctity","Indignation"],"picked":"SKIP","floor":12.0},{"not_picked":["SashWhip","WreathOfFlame"],"picked":"CarveReality","floor":14.0},{"not_picked":["Blasphemy","DeusExMachina"],"picked":"LessonLearned","floor":16.0},{"not_picked":["Adaptation+1","FlyingSleeves","BowlingBash"],"picked":"SKIP","floor":18.0},{"not_picked":["CrushJoints","EmptyBody","EmptyFist"],"picked":"SKIP","floor":20.0},{"not_picked":["Crescendo","FlyingSleeves"],"picked":"Wish","floor":22.0},{"not_picked":["CrushJoints","Consecrate"],"picked":"Devotion","floor":23.0},{"not_picked":["PathToVictory","Sanctity"],"picked":"CutThroughFate","floor":24.0},{"not_picked":["JustLucky","EmptyFist","PathToVictory"],"picked":"SKIP","floor":25.0},{"not_picked":["Vengeance","WreathOfFlame"],"picked":"Meditate","floor":27.0},{"not_picked":["ThirdEye","ClearTheMind"],"picked":"Meditate","floor":29.0},{"not_picked":["LessonLearned","Judgement"],"picked":"Omniscience","floor":33.0},{"not_picked":["FlyingSleeves","PathToVictory","FlurryOfBlows"],"picked":"SKIP","floor":35.0},{"not_picked":["PathToVictory","EmptyBody"],"picked":"SandsOfTime+1","floor":37.0},{"not_picked":["Weave","SandsOfTime","CutThroughFate"],"picked":"SKIP","floor":38.0},{"not_picked":["EmptyFist+1","ClearTheMind"],"picked":"CarveReality","floor":40.0},{"not_picked":["DeceiveReality+1","FearNoEvil"],"picked":"Protect","floor":41.0},{"not_picked":["Prostrate","EmptyFist"],"picked":"TalkToTheHand+1","floor":42.0},{"not_picked":["CrushJoints+1","CarveReality"],"picked":"Protect","floor":44.0},{"not_picked":["ClearTheMind+1","Vengeance+1"],"picked":"Conclude","floor":47.0},{"not_picked":["Nirvana","Swivel+1"],"picked":"ThirdEye+1","floor":55}],"player_experience":1098032,"relics_obtained":[{"floor":7.0,"key":"Lantern"},{"floor":9.0,"key":"Bag of Preparation"},{"floor":10.0,"key":"Anchor"},{"floor":12.0,"key":"Lizard Tail"},{"floor":23.0,"key":"Whetstone"},{"floor":25.0,"key":"Regal Pillow"},{"floor":26.0,"key":"Yang"},{"floor":29.0,"key":"Tiny Chest"},{"floor":39.0,"key":"WingedGreaves"},{"floor":40.0,"key":"MealTicket"},{"floor":41.0,"key":"Happy Flower"},{"floor":44.0,"key":"Blood Vial"},{"floor":47.0,"key":"Toxic Egg 2"},{"floor":55,"key":"Bottled Lightning"}],"event_choices":[{"damage_healed":0.0,"max_hp_gain":0.0,"max_hp_loss":0.0,"gold_gain":0.0,"event_name":"Living Wall","player_choice":"Grow","floor":3.0,"gold_loss":0.0,"damage_taken":0.0,"cards_upgraded":["TalkToTheHand"]},{"damage_healed":0.0,"max_hp_gain":5.0,"max_hp_loss":0.0,"gold_gain":0.0,"event_name":"Big Fish","player_choice":"Donut","floor":4.0,"gold_loss":0.0,"damage_taken":0.0},{"damage_healed":0.0,"max_hp_gain":0.0,"max_hp_loss":0.0,"gold_gain":0.0,"event_name":"WeMeetAgain","player_choice":"Paid Gold","floor":5.0,"gold_loss":75.0,"damage_taken":0.0,"relics_obtained":["HornCleat"]},{"cards_removed":["Strike_P"],"damage_healed":0.0,"max_hp_gain":0.0,"max_hp_loss":0.0,"gold_gain":0.0,"event_name":"Purifier","player_choice":"Purged","floor":19.0,"gold_loss":0.0,"damage_taken":0.0},{"damage_healed":0.0,"max_hp_gain":0.0,"max_hp_loss":0.0,"gold_gain":0.0,"event_name":"Back to Basics","player_choice":"Simplicity","floor":28.0,"gold_loss":0.0,"damage_taken":0.0,"cards_upgraded":[]},{"damage_healed":0.0,"max_hp_gain":0.0,"max_hp_loss":0.0,"gold_gain":0.0,"event_name":"The Woman in Blue","player_choice":"Bought 3 Potions","floor":36.0,"gold_loss":0.0,"damage_taken":0.0},{"damage_healed":0.0,"max_hp_gain":0.0,"max_hp_loss":0.0,"gold_gain":0.0,"event_name":"MindBloom","player_choice":"Fight","floor":39.0,"gold_loss":0.0,"damage_taken":0.0},{"damage_healed":0.0,"max_hp_gain":0.0,"max_hp_loss":0.0,"gold_gain":0.0,"event_name":"SecretPortal","player_choice":"Ignored","floor":46.0,"gold_loss":0.0,"damage_taken":0.0}],"is_beta":false,"boss_relics":[{"not_picked":["Philosopher\u0027s Stone","Empty Cage"],"picked":"Snecko Eye"},{"not_picked":["VioletLotus","Runic Pyramid"],"picked":"Cursed Key"}],"items_purged_floors":[48,54],"is_endless":false,"potions_floor_spawned":[8,10,12,16,20,24,25,29,33,38,39,41,44],"ascension_level":20}}