{"host":"da4a6z8aof69aasy","time":1608390062,"event":{"mods":["AchievementEnabler","BaseMod","Block Reminder","Colored Powertips","DeckTracker","Highlight Path","Minty Spire (QoL Compilation)","Permanent Neow","Relic Stats","StSLib"],"gold_per_floor":[118,136,136,153,169,169,200,200,200,220,249,264,277,292,292,370,370,389,389,179,194,205,205,236,236,290,319,182,210,8,8,8,85,85,103,103,119,119,139,166,166,201,271,348,364,364,364,389,389,389,389,389,22,52,52],"floor_reached":56,"playtime":7094,"items_purged":["Pain","Strike_R","Strike_R","Strike_R"],"score":2253,"play_id":"2b32ed7a-78fe-42a1-90df-7f1adfbae468","local_time":"20201219170101","is_ascension_mode":true,"campfire_choices":[{"data":"Bash","floor":6.0,"key":"SMITH"},{"data":"Carnage","floor":15.0,"key":"SMITH"},{"data":"Dark Embrace","floor":23.0,"key":"SMITH"},{"data":"Battle Trance","floor":25.0,"key":"SMITH"},{"data":"Fire Breathing","floor":32.0,"key":"SMITH"},{"data":"Feel No Pain","floor":41.0,"key":"SMITH"},{"floor":46.0,"key":"RECALL"},{"data":"Wild Strike","floor":49.0,"key":"SMITH"},{"data":"Blood for Blood","floor":52.0,"key":"SMITH"}],"circlet_count":0,"master_deck":["AscendersBane","Strike_R","Defend_R","Defend_R","Defend_R","Defend_R","Bash+1","Exhume","Thunderclap","Wild Strike+1","Battle Trance+1","Carnage+1","Headbutt","Power Through+1","Impervious+1","Impervious+1","Impervious+1","Dark Embrace+1","Shockwave+1","Fire Breathing+1","Feel No Pain+1","Corruption","Disarm+1","True Grit+1","Blood for Blood+1","Immolate","Fire Breathing+1","Shrug It Off+1","Evolve+1","Power Through+1","Impervious+1","Shrug It Off+1"],"relics":["Burning Blood","Ancient Tea Set","Anchor","Mango","Toxic Egg 2","Happy Flower","Velvet Choker","WarpedTongs","Art of War","Tiny Chest","The Courier","Snecko Eye","Mercury Hourglass","Omamori","Frozen Egg 2","Pantograph","Orichalcum","Bronze Scales","DollysMirror","Blood Vial"],"acts_visited":["Exordium","TheCity","TheBeyond","TheEnding"],"potions_floor_usage":[55],"damage_taken":[{"damage":8.0,"enemies":"Jaw Worm","floor":1.0,"turns":5.0},{"damage":1.0,"enemies":"Cultist","floor":2.0,"turns":3.0},{"damage":5.0,"enemies":"Small Slimes","floor":4.0,"turns":6.0},{"damage":51.0,"enemies":"Exordium Thugs","floor":5.0,"turns":10.0},{"damage":15.0,"enemies":"3 Sentries","floor":7.0,"turns":7.0},{"damage":1.0,"enemies":"Looter","floor":10.0,"turns":2.0},{"damage":30.0,"enemies":"Gremlin Nob","floor":11.0,"turns":5.0},{"damage":4.0,"enemies":"2 Fungi Beasts","floor":12.0,"turns":5.0},{"damage":0.0,"enemies":"Red Slaver","floor":13.0,"turns":3.0},{"damage":0.0,"enemies":"Blue Slaver","floor":14.0,"turns":2.0},{"damage":0.0,"enemies":"Slime Boss","floor":16.0,"turns":8.0},{"damage":1.0,"enemies":"2 Thieves","floor":18.0,"turns":3.0},{"damage":0.0,"enemies":"Spheric Guardian","floor":21.0,"turns":2.0},{"damage":7.0,"enemies":"3 Cultists","floor":22.0,"turns":7.0},{"damage":30.0,"enemies":"Book of Stabbing","floor":24.0,"turns":7.0},{"damage":32.0,"enemies":"Gremlin Leader","floor":27.0,"turns":5.0},{"damage":0.0,"enemies":"Book of Stabbing","floor":29.0,"turns":7.0},{"damage":0.0,"enemies":"Collector","floor":33.0,"turns":8.0},{"damage":0.0,"enemies":"Orb Walker","floor":35.0,"turns":2.0},{"damage":0.0,"enemies":"3 Shapes","floor":37.0,"turns":4.0},{"damage":0.0,"enemies":"Jaw Worm Horde","floor":39.0,"turns":5.0},{"damage":10.0,"enemies":"Nemesis","floor":40.0,"turns":7.0},{"damage":0.0,"enemies":"Giant Head","floor":42.0,"turns":7.0},{"damage":0.0,"enemies":"3 Darklings","floor":45.0,"turns":3.0},{"damage":7.0,"enemies":"Reptomancer","floor":48.0,"turns":6.0},{"damage":3.0,"enemies":"Donu and Deca","floor":50.0,"turns":6.0},{"damage":2,"enemies":"Shield and Spear","floor":54,"turns":5},{"damage":50,"enemies":"The Heart","floor":55,"turns":8}],"seed_played":"5388958073416812980","potions_obtained":[{"floor":2.0,"key":"Explosive Potion"},{"floor":5.0,"key":"CultistPotion"},{"floor":11.0,"key":"SkillPotion"},{"floor":14.0,"key":"DistilledChaos"},{"floor":18.0,"key":"Strength Potion"},{"floor":24.0,"key":"HeartOfIron"},{"floor":27.0,"key":"Explosive Potion"},{"floor":33.0,"key":"EssenceOfSteel"},{"floor":35.0,"key":"Fire Potion"},{"floor":45.0,"key":"SpeedPotion"}],"is_trial":false,"path_per_floor":["M","M","?","M","M","R","E","$","T","M","E","M","M","M","R","B",null,"M","?","$","M","M","R","E","R","T","E","$","E","$","?","R","B",null,"M","?","M","?","M","E","R","E","T","T","M","R","?","E","R","B",null,"R","$","E","B",null],"character_chosen":"IRONCLAD","items_purchased":["Impervious+1","Dark Embrace","Feel No Pain","Disarm+1","True Grit+1","Bronze Scales","DollysMirror"],"campfire_rested":0,"item_purchase_floors":[20,20,28,30,30,53,53],"current_hp_per_floor":[66,71,71,72,27,27,32,32,32,37,13,15,21,27,27,33,75,80,80,80,86,85,85,61,61,61,35,35,41,41,41,41,47,79,85,85,89,89,89,85,85,89,89,89,89,89,89,88,88,89,89,89,89,89,45],"gold":52,"neow_bonus":"RANDOM_COMMON_RELIC","is_daily":false,"chose_seed":false,"campfire_upgraded":8,"win_rate":0.0,"timestamp":1608390061,"path_taken":["M","M","?","M","M","R","E","$","T","M","E","M","?","M","R","BOSS","M","?","?","M","M","R","E","R","T","E","$","E","$","?","R","BOSS","M","?","M","?","M","E","R","E","T","?","?","R","?","E","R","BOSS","R","$","E","BOSS"],"items_purchased_type":["Card","Card","Card","Card","Card","Relic","Relic"],"build_version":"2020-12-13","purchased_purges":4,"victory":true,"max_hp_per_floor":[75,75,75,75,75,75,89,89,89,89,89,89,89,89,89,89,89,89,89,89,89,89,89,89,89,89,89,89,89,89,89,89,89,89,89,89,89,89,89,89,89,89,89,89,89,89,89,89,89,89,89,89,89,89,89],"relic_stats":{"Happy Flower":[36],"counters":[28,148],"Orichalcum":[6],"Burning Blood":145,"WarpedTongs":[86],"Mercury Hourglass":[135],"Blood Vial":0,"Pantograph":1,"Bronze Scales":[114],"Snecko Eye":[139,115,91,99],"Tiny Chest":1,"Art of War":[10],"obtain_stats":[{"Happy Flower":11,"Velvet Choker":17,"Mango":7,"The Courier":29,"Omamori":42,"Frozen Egg 2":43,"Orichalcum":48,"Ancient Tea Set":0,"Burning Blood":0,"WarpedTongs":19,"Mercury Hourglass":40,"Blood Vial":54,"Anchor":3,"DollysMirror":53,"Pantograph":44,"Bronze Scales":53,"Snecko Eye":34,"Tiny Chest":27,"Art of War":24,"Toxic Egg 2":9},{"Happy Flower":7,"Velvet Choker":11,"Mango":5,"The Courier":17,"Omamori":23,"Frozen Egg 2":23,"Orichalcum":25,"Ancient Tea Set":0,"Burning Blood":0,"WarpedTongs":12,"Mercury Hourglass":22,"Blood Vial":27,"Anchor":2,"DollysMirror":26,"Pantograph":23,"Bronze Scales":26,"Snecko Eye":18,"Tiny Chest":16,"Art of War":15,"Toxic Egg 2":5},{"Happy Flower":38,"Velvet Choker":56,"Mango":31,"The Courier":87,"Omamori":120,"Frozen Egg 2":120,"Orichalcum":129,"Ancient Tea Set":0,"Burning Blood":0,"WarpedTongs":59,"Mercury Hourglass":113,"Blood Vial":140,"Anchor":8,"DollysMirror":135,"Pantograph":120,"Bronze Scales":135,"Snecko Eye":95,"Tiny Chest":80,"Art of War":75,"Toxic Egg 2":31}]},"card_choices":[{"not_picked":["Twin Strike","Armaments"],"picked":"Anger","floor":1.0},{"not_picked":["Perfected Strike","Iron Wave"],"picked":"Exhume","floor":2.0},{"not_picked":["Sever Soul","Shrug It Off"],"picked":"Thunderclap","floor":4.0},{"not_picked":["Thunderclap","Rampage"],"picked":"Wild Strike","floor":5.0},{"not_picked":["Pummel","Flex"],"picked":"Battle Trance","floor":7.0},{"not_picked":["Cleave","Second Wind+1"],"picked":"Carnage","floor":10.0},{"not_picked":["Sentinel+1","Burning Pact+1"],"picked":"Headbutt","floor":11.0},{"not_picked":["Heavy Blade","Seeing Red+1","Dropkick"],"picked":"SKIP","floor":12.0},{"not_picked":["Perfected Strike","Warcry+1"],"picked":"Power Through+1","floor":13.0},{"not_picked":["Heavy Blade","Armaments+1"],"picked":"Impervious+1","floor":14.0},{"not_picked":["Double Tap+1","Brutality"],"picked":"Impervious+1","floor":16.0},{"not_picked":["Clash","Twin Strike","Havoc+1"],"picked":"SKIP","floor":18.0},{"not_picked":["Flex+1","Twin Strike","Heavy Blade"],"picked":"SKIP","floor":21.0},{"not_picked":["Sword Boomerang","Anger+1","Heavy Blade"],"picked":"SKIP","floor":22.0},{"not_picked":["Sword Boomerang","Anger+1","Heavy Blade"],"picked":"SKIP","floor":22.0},{"not_picked":["Second Wind+1","Inflame"],"picked":"Shockwave+1","floor":24.0},{"not_picked":["Cleave","Anger"],"picked":"Fire Breathing","floor":27.0},{"not_picked":["Wild Strike","Evolve"],"picked":"Corruption","floor":29.0},{"not_picked":["Double Tap+1","Limit Break+1"],"picked":"Immolate","floor":33.0},{"not_picked":["Headbutt","Whirlwind"],"picked":"Fire Breathing","floor":35.0},{"not_picked":["Anger","True Grit+1"],"picked":"Shrug It Off+1","floor":37.0},{"not_picked":["Whirlwind","Reckless Charge+1"],"picked":"Evolve+1","floor":39.0},{"not_picked":["Flex+1","Immolate","Twin Strike"],"picked":"SKIP","floor":40.0},{"not_picked":["Anger+1","Perfected Strike"],"picked":"Power Through+1","floor":42.0},{"not_picked":["Wild Strike+1","Perfected Strike","Sentinel+1"],"picked":"SKIP","floor":45.0},{"not_picked":["Double Tap+1","Twin Strike","Power Through+1"],"picked":"SKIP","floor":48.0},{"not_picked":["Body Slam","Iron Wave"],"picked":"Shrug It Off+1","floor":54}],"player_experience":1927161,"relics_obtained":[{"floor":7.0,"key":"Mango"},{"floor":9.0,"key":"Toxic Egg 2"},{"floor":11.0,"key":"Happy Flower"},{"floor":24.0,"key":"Art of War"},{"floor":27.0,"key":"Tiny Chest"},{"floor":29.0,"key":"The Courier"},{"floor":40.0,"key":"Mercury Hourglass"},{"floor":42.0,"key":"Omamori"},{"floor":43.0,"key":"Frozen Egg 2"},{"floor":44.0,"key":"Pantograph"},{"floor":48.0,"key":"Orichalcum"},{"floor":54,"key":"Blood Vial"}],"event_choices":[{"cards_removed":["Anger"],"damage_healed":0.0,"max_hp_gain":0.0,"max_hp_loss":0.0,"gold_gain":0.0,"event_name":"WeMeetAgain","player_choice":"Gave Card","floor":3.0,"gold_loss":0.0,"damage_taken":0.0,"relics_obtained":["Anchor"]},{"damage_healed":0.0,"max_hp_gain":0.0,"max_hp_loss":0.0,"gold_gain":0.0,"event_name":"Accursed Blacksmith","player_choice":"Rummage","floor":19.0,"gold_loss":0.0,"damage_taken":0.0,"relics_obtained":["WarpedTongs"],"cards_obtained":["Pain"]},{"damage_healed":0.0,"max_hp_gain":0.0,"max_hp_loss":0.0,"gold_gain":0.0,"cards_transformed":["Strike_R"],"event_name":"Transmorgrifier","player_choice":"Transformed","floor":31.0,"gold_loss":0.0,"damage_taken":0.0,"cards_obtained":["Blood for Blood"]},{"damage_healed":0.0,"max_hp_gain":0.0,"max_hp_loss":0.0,"gold_gain":0.0,"event_name":"Tomb of Lord Red Mask","player_choice":"Ignored","floor":36.0,"gold_loss":0.0,"damage_taken":0.0},{"damage_healed":0.0,"max_hp_gain":0.0,"max_hp_loss":0.0,"gold_gain":0.0,"event_name":"SecretPortal","player_choice":"Ignored","floor":38.0,"gold_loss":0.0,"damage_taken":0.0},{"damage_healed":0.0,"max_hp_gain":0.0,"max_hp_loss":0.0,"gold_gain":0.0,"event_name":"Upgrade Shrine","player_choice":"Upgraded","floor":47.0,"gold_loss":0.0,"damage_taken":0.0,"cards_upgraded":["Fire Breathing"]}],"is_beta":false,"boss_relics":[{"not_picked":["Black Blood","Black Star"],"picked":"Velvet Choker"},{"not_picked":["Empty Cage","SlaversCollar"],"picked":"Snecko Eye"}],"items_purged_floors":[20,28,30,53],"is_endless":false,"potions_floor_spawned":[2,5,11,14,18,24,27,33,35,45,54],"ascension_level":15}}