{"host":"y3h3n3f7seyagppx","time":1608348444,"event":{"mods":["AlwaysNeverKeys","BaseMod","Better Vampires","Colored Powertips","DeckTracker","Emptier Cage","Minty Spire (QoL Compilation)","Permanent Neow","Quick Restart","Rare Cards Sparkle","Relic Sorter","Relic Stats","StSLib","Transform Curses"],"gold_per_floor":[115,115,134,151,17,46,46,0,24,24,54,54,82,96,96,169,169,189,104,104,104],"floor_reached":20,"playtime":1048,"items_purged":[],"score":380,"play_id":"2fc11629-0153-432d-b157-7eb440f2e26b","local_time":"20201218222724","is_ascension_mode":true,"campfire_choices":[{"data":"Uppercut","floor":7,"key":"SMITH"},{"data":"Blood for Blood","floor":10,"key":"SMITH"},{"data":"1","floor":15,"key":"LIFT"}],"circlet_count":0,"master_deck":["AscendersBane","Strike_R","Strike_R","Strike_R","Defend_R","Defend_R","Defend_R","Defend_R","Bash","Twin Strike","Anger","Blood for Blood+1","Uppercut+1","Battle Trance","Fiend Fire"],"relics":["Mark of Pain","Strawberry","Pen Nib","Girya","Oddly Smooth Stone","Philosopher\u0027s Stone","TungstenRod"],"acts_visited":["Exordium","TheCity"],"potions_floor_usage":[6,13,16,18],"damage_taken":[{"damage":4.0,"enemies":"Jaw Worm","floor":1.0,"turns":4.0},{"damage":0.0,"enemies":"Cultist","floor":3.0,"turns":2.0},{"damage":9.0,"enemies":"Small Slimes","floor":4.0,"turns":3.0},{"damage":25,"enemies":"3 Sentries","floor":6,"turns":8},{"damage":8,"enemies":"Gremlin Nob","floor":11,"turns":3},{"damage":10,"enemies":"3 Sentries","floor":13,"turns":4},{"damage":4,"enemies":"2 Fungi Beasts","floor":14,"turns":2},{"damage":6,"enemies":"Hexaghost","floor":16,"turns":6},{"damage":18,"enemies":"2 Thieves","floor":18,"turns":3},{"damage":45,"enemies":"3 Byrds","floor":20,"turns":4}],"seed_played":"-2620334942828278546","potions_obtained":[{"floor":3.0,"key":"LiquidMemories"},{"floor":6,"key":"LiquidMemories"},{"floor":11,"key":"DistilledChaos"},{"floor":13,"key":"AttackPotion"},{"floor":16,"key":"BlessingOfTheForge"}],"is_trial":false,"path_per_floor":["M","?","M","M","$","E","R","?","T","R","E","?","E","M","R","B",null,"M","?","M"],"character_chosen":"IRONCLAD","items_purchased":["Uppercut","PowerPotion"],"campfire_rested":0,"item_purchase_floors":[5,5],"current_hp_per_floor":[64,64,64,55,55,37,37,37,37,37,29,22,12,8,8,2,62,44,44,0,0],"gold":104,"neow_bonus":"BOSS_RELIC","is_daily":false,"chose_seed":false,"campfire_upgraded":2,"win_rate":0.0,"timestamp":1608348444,"path_taken":["M","?","M","M","?","E","R","?","T","R","E","?","E","M","R","BOSS","M","?","M"],"items_purchased_type":["Card","Potion"],"build_version":"2020-12-13","purchased_purges":0,"victory":false,"max_hp_per_floor":[75,75,75,75,75,82,82,82,82,82,82,82,82,82,82,82,82,82,82,82,82],"relic_stats":{"counters":[10,39],"Pen Nib":[5],"obtain_stats":[{"Girya":11,"Strawberry":6,"Oddly Smooth Stone":13,"Philosopher\u0027s Stone":17,"Mark of Pain":0,"Pen Nib":9,"Burning Blood":0,"TungstenRod":19},{"Girya":5,"Strawberry":4,"Oddly Smooth Stone":6,"Philosopher\u0027s Stone":8,"Mark of Pain":0,"Pen Nib":4,"Burning Blood":0,"TungstenRod":9},{"Girya":20,"Strawberry":17,"Oddly Smooth Stone":24,"Philosopher\u0027s Stone":32,"Mark of Pain":0,"Pen Nib":17,"Burning Blood":0,"TungstenRod":35}],"TungstenRod":18},"card_choices":[{"not_picked":["Flex","Havoc"],"picked":"Twin Strike","floor":1.0},{"not_picked":["Infernal Blade","Havoc"],"picked":"Anger","floor":3.0},{"not_picked":["Heavy Blade","Body Slam"],"picked":"Blood for Blood","floor":4.0},{"not_picked":["Clothesline","Sword Boomerang","Juggernaut"],"picked":"SKIP","floor":6},{"not_picked":["Disarm","Double Tap"],"picked":"Battle Trance","floor":11},{"not_picked":["Rupture","Body Slam","Rage"],"picked":"SKIP","floor":13},{"not_picked":["Flex","Cleave","Uppercut"],"picked":"SKIP","floor":14},{"not_picked":["Offering","Double Tap"],"picked":"Fiend Fire","floor":16},{"not_picked":["Pommel Strike","Dropkick","Headbutt"],"picked":"SKIP","floor":18}],"player_experience":20006749,"relics_obtained":[{"floor":6,"key":"Strawberry"},{"floor":9,"key":"Pen Nib"},{"floor":11,"key":"Girya"},{"floor":13,"key":"Oddly Smooth Stone"}],"event_choices":[{"cards_removed":["Strike_R"],"damage_healed":0.0,"max_hp_gain":0.0,"max_hp_loss":0.0,"gold_gain":0.0,"event_name":"Purifier","player_choice":"Purged","floor":2.0,"gold_loss":0.0,"damage_taken":0.0},{"damage_healed":0,"gold_gain":0,"player_choice":"Left Gold","damage_taken":0,"max_hp_gain":0,"max_hp_loss":0,"event_name":"World of Goop","floor":8,"gold_loss":46},{"cards_removed":["Strike_R"],"damage_healed":0,"gold_gain":0,"player_choice":"Card Removal","damage_taken":7,"max_hp_gain":0,"max_hp_loss":0,"event_name":"Golden Wing","floor":12,"gold_loss":0},{"damage_healed":0,"gold_gain":0,"player_choice":"Obtained Relic","damage_taken":0,"relics_obtained":["TungstenRod"],"max_hp_gain":0,"max_hp_loss":0,"event_name":"Addict","floor":19,"gold_loss":85}],"is_beta":false,"boss_relics":[{"not_picked":["SlaversCollar","Ectoplasm"],"picked":"Philosopher\u0027s Stone"}],"items_purged_floors":[],"is_endless":false,"potions_floor_spawned":[3,6,11,13,14,16],"killed_by":"3 Byrds","ascension_level":20}}