{"host":"x1qj4d8ympd5jdqh","time":1608379555,"event":{"mods":["AchievementEnabler","AlwaysNeverKeys","BaseMod","Colored Map","Custom Start","DeckTracker","Highlight Path","Minty Spire (QoL Compilation)","StSLib","SuperFastMode"],"gold_per_floor":[116,131,146,146,146,146,171,171,171,171,96,124,137,154,154,228,228,238,153,153,172,1,30,30,50,77,106,106,6,33,53,53,125,125,140,154,68,68,81,112,31,57,57,57,82,94,104,120,120,120,120,120,120,65,96,96,96],"floor_reached":56,"playtime":2276,"items_purged":["Strike_R","Strike_R"],"score":2185,"play_id":"8ba0194f-0a8d-4e76-a8c8-15e33549f902","local_time":"20201219210555","is_ascension_mode":true,"campfire_choices":[{"data":"Wild Strike","floor":6.0,"key":"SMITH"},{"data":"Shockwave","floor":8.0,"key":"SMITH"},{"floor":10.0,"key":"REST"},{"data":"Battle Trance","floor":15.0,"key":"SMITH"},{"data":"Spot Weakness","floor":24.0,"key":"SMITH"},{"data":"Dark Embrace","floor":28.0,"key":"SMITH"},{"data":"Flex","floor":32.0,"key":"SMITH"},{"floor":49.0,"key":"RECALL"},{"data":"Dual Wield","floor":53.0,"key":"SMITH"}],"circlet_count":0,"master_deck":["AscendersBane","Strike_R","Defend_R","Defend_R","Defend_R+1","Defend_R+1","Bash","Immolate+1","Wild Strike+1","Shockwave+1","Battle Trance+1","Shrug It Off","Fiend Fire","Bloodletting","Spot Weakness+1","Dark Embrace+1","Offering","Power Through","Reaper+1","Demon Form","Dual Wield+1","Heavy Blade+1","Feel No Pain","Shrug It Off"],"relics":["Burning Blood","Singing Bowl","Pantograph","Gremlin Horn","Velvet Choker","Oddly Smooth Stone","ClockworkSouvenir","InkBottle","Anchor","Molten Egg 2","Tiny Chest","Coffee Dripper","War Paint","Self Forming Clay","Bronze Scales","Blue Candle","Pen Nib","Pocketwatch"],"acts_visited":["Exordium","TheCity","TheBeyond","TheEnding"],"potions_floor_usage":[56],"damage_taken":[{"damage":7.0,"enemies":"Jaw Worm","floor":1.0,"turns":3.0},{"damage":1.0,"enemies":"Cultist","floor":2.0,"turns":3.0},{"damage":10.0,"enemies":"2 Louse","floor":3.0,"turns":3.0},{"damage":35.0,"enemies":"Lagavulin","floor":7.0,"turns":6.0},{"damage":13.0,"enemies":"3 Sentries","floor":12.0,"turns":3.0},{"damage":0.0,"enemies":"Exordium Wildlife","floor":13.0,"turns":1.0},{"damage":4.0,"enemies":"Exordium Thugs","floor":14.0,"turns":3.0},{"damage":48.0,"enemies":"Slime Boss","floor":16.0,"turns":9.0},{"damage":6.0,"enemies":"2 Thieves","floor":18.0,"turns":2.0},{"damage":14.0,"enemies":"Spheric Guardian","floor":21.0,"turns":4.0},{"damage":38.0,"enemies":"Book of Stabbing","floor":23.0,"turns":5.0},{"damage":8.0,"enemies":"Centurion and Healer","floor":25.0,"turns":3.0},{"damage":6.0,"enemies":"Slavers","floor":27.0,"turns":3.0},{"damage":6.0,"enemies":"Gremlin Leader","floor":30.0,"turns":2.0},{"damage":6.0,"enemies":"Cultist and Chosen","floor":31.0,"turns":3.0},{"damage":21.0,"enemies":"Collector","floor":33.0,"turns":4.0},{"damage":22.0,"enemies":"3 Darklings","floor":35.0,"turns":3.0},{"damage":7.0,"enemies":"Orb Walker","floor":36.0,"turns":3.0},{"damage":20.0,"enemies":"3 Darklings","floor":39.0,"turns":3.0},{"damage":0.0,"enemies":"Reptomancer","floor":40.0,"turns":4.0},{"damage":54.0,"enemies":"Giant Head","floor":42.0,"turns":6.0},{"damage":40.0,"enemies":"Reptomancer","floor":45.0,"turns":6.0},{"damage":22.0,"enemies":"Sphere and 2 Shapes","floor":46.0,"turns":4.0},{"damage":20.0,"enemies":"Writhing Mass","floor":47.0,"turns":5.0},{"damage":21.0,"enemies":"4 Shapes","floor":48.0,"turns":2.0},{"damage":118.0,"enemies":"Awakened One","floor":50.0,"turns":11.0},{"damage":24.0,"enemies":"Time Eater","floor":51.0,"turns":9.0},{"damage":147.0,"enemies":"Shield and Spear","floor":55.0,"turns":7.0},{"damage":42,"enemies":"The Heart","floor":56,"turns":6}],"seed_played":"-4622863344126817413","potions_obtained":[{"floor":2.0,"key":"BloodPotion"},{"floor":7.0,"key":"EssenceOfSteel"},{"floor":13.0,"key":"Strength Potion"},{"floor":16.0,"key":"Fruit Juice"},{"floor":18.0,"key":"AttackPotion"},{"floor":27.0,"key":"DuplicationPotion"},{"floor":31.0,"key":"Regen Potion"},{"floor":35.0,"key":"HeartOfIron"},{"floor":40.0,"key":"Fruit Juice"},{"floor":47.0,"key":"FairyPotion"},{"floor":55.0,"key":"Weak Potion"}],"is_trial":false,"path_per_floor":["M","M","M","?","$","R","E","R","T","R","$","E","M","M","R","B",null,"M","?","?","M","$","E","R","M","T","E","R","$","E","M","R","B",null,"M","M","$","?","M","E","$","E","T","T","E","M","M","M","R","B","B",null,"R","$","E","B"],"character_chosen":"IRONCLAD","items_purchased":["ClockworkSouvenir","Dual Wield","GamblersBrew","Energy Potion"],"campfire_rested":1,"item_purchase_floors":[22,37,41,54],"current_hp_per_floor":[67,68,64,64,64,64,35,35,35,55,55,48,56,58,58,42,63,65,65,65,57,57,30,30,30,30,30,30,30,30,42,42,52,72,81,82,82,82,83,88,88,48,48,48,92,84,70,73,73,38,66,89,89,89,24,26,26],"gold":96,"neow_bonus":"THREE_RARE_CARDS","is_daily":false,"chose_seed":false,"campfire_upgraded":7,"win_rate":0.0,"timestamp":1608379555,"path_taken":["M","M","M","?","?","R","E","R","T","R","$","E","?","M","R","BOSS","M","?","?","?","$","E","R","M","T","E","R","?","E","M","R","BOSS","M","M","?","?","M","E","?","E","T","?","E","M","M","M","R","BOSS","BOSS","R","$","E","BOSS"],"items_purchased_type":["Relic","Card","Potion","Potion"],"build_version":"2020-12-13","purchased_purges":2,"victory":false,"max_hp_per_floor":[68,68,68,68,68,68,68,68,68,68,68,68,70,70,70,70,70,72,72,72,72,72,77,77,79,79,79,79,79,79,79,79,79,79,81,83,83,83,83,88,88,90,90,90,92,94,94,96,96,96,96,96,96,96,98,98,98],"card_choices":[{"not_picked":["Bludgeon","Impervious"],"picked":"Immolate","floor":0.0},{"not_picked":["Cleave","Flame Barrier"],"picked":"Wild Strike","floor":1.0},{"not_picked":["Perfected Strike","Wild Strike","Pummel"],"picked":"SKIP","floor":2.0},{"not_picked":["Wild Strike","True Grit","Clothesline"],"picked":"SKIP","floor":3.0},{"not_picked":["Shrug It Off","Iron Wave"],"picked":"Shockwave","floor":7.0},{"not_picked":["Dropkick","Armaments"],"picked":"Battle Trance","floor":12.0},{"not_picked":["Flex","Clash","Whirlwind"],"picked":"Singing Bowl","floor":13.0},{"not_picked":["Flex","Battle Trance"],"picked":"Shrug It Off","floor":14.0},{"not_picked":["Immolate","Juggernaut"],"picked":"Fiend Fire","floor":16.0},{"not_picked":["Uppercut","Armaments","Anger"],"picked":"Singing Bowl","floor":18.0},{"not_picked":["Headbutt","Iron Wave"],"picked":"Dark Embrace","floor":21.0},{"not_picked":["Rage","Entrench"],"picked":"Offering","floor":23.0},{"not_picked":["Warcry","Cleave+1","Pommel Strike"],"picked":"Singing Bowl","floor":25.0},{"not_picked":["Reckless Charge+1","Offering"],"picked":"Power Through","floor":27.0},{"not_picked":["Uppercut+1","Flex"],"picked":"Reaper+1","floor":30.0},{"not_picked":["Warcry","Shockwave"],"picked":"Flex","floor":31.0},{"not_picked":["Exhume","Bludgeon+1"],"picked":"Demon Form","floor":33.0},{"not_picked":["Combust+1","Thunderclap+1","Flame Barrier"],"picked":"Singing Bowl","floor":35.0},{"not_picked":["Hemokinesis+1","Shockwave+1","Flex"],"picked":"Singing Bowl","floor":36.0},{"not_picked":["Cleave+1","Anger+1"],"picked":"Heavy Blade+1","floor":39.0},{"not_picked":["Ghostly Armor","Sword Boomerang+1"],"picked":"Feel No Pain","floor":40.0},{"not_picked":["Rage","Thunderclap+1","Havoc+1"],"picked":"Singing Bowl","floor":42.0},{"not_picked":["True Grit","Demon Form","Clothesline+1"],"picked":"Singing Bowl","floor":45.0},{"not_picked":["Twin Strike+1","Havoc","Clash+1"],"picked":"Singing Bowl","floor":46.0},{"not_picked":["Perfected Strike+1","Flex"],"picked":"Shrug It Off","floor":47.0},{"not_picked":["Sword Boomerang+1","Anger+1","Metallicize"],"picked":"Singing Bowl","floor":48.0},{"not_picked":["Sword Boomerang+1","Dual Wield+1","Spot Weakness+1"],"picked":"Singing Bowl","floor":55.0}],"player_experience":1239320,"relics_obtained":[{"floor":7.0,"key":"Singing Bowl"},{"floor":9.0,"key":"Pantograph"},{"floor":12.0,"key":"Gremlin Horn"},{"floor":23.0,"key":"InkBottle"},{"floor":26.0,"key":"Anchor"},{"floor":27.0,"key":"Molten Egg 2"},{"floor":30.0,"key":"Tiny Chest"},{"floor":40.0,"key":"Self Forming Clay"},{"floor":42.0,"key":"Bronze Scales"},{"floor":44.0,"key":"Blue Candle"},{"floor":45.0,"key":"Pen Nib"},{"floor":55.0,"key":"Pocketwatch"}],"event_choices":[{"damage_healed":0.0,"max_hp_gain":0.0,"max_hp_loss":0.0,"gold_gain":0.0,"event_name":"Upgrade Shrine","player_choice":"Upgraded","floor":4.0,"gold_loss":0.0,"damage_taken":0.0,"cards_upgraded":["Immolate"]},{"damage_healed":0.0,"max_hp_gain":0.0,"max_hp_loss":0.0,"gold_gain":0.0,"event_name":"Addict","player_choice":"Obtained Relic","floor":19.0,"gold_loss":85.0,"damage_taken":0.0,"relics_obtained":["Oddly Smooth Stone"]},{"damage_healed":0.0,"max_hp_gain":0.0,"max_hp_loss":0.0,"gold_gain":0.0,"cards_transformed":["Strike_R","Strike_R"],"event_name":"Drug Dealer","player_choice":"Became Test Subject","floor":20.0,"gold_loss":0.0,"damage_taken":0.0,"cards_obtained":["Bloodletting","Spot Weakness"]},{"cards_removed":["Flex"],"damage_healed":0.0,"max_hp_gain":0.0,"max_hp_loss":0.0,"gold_gain":0.0,"event_name":"WeMeetAgain","player_choice":"Gave Card","floor":38.0,"gold_loss":0.0,"damage_taken":0.0,"relics_obtained":["War Paint"]}],"is_beta":false,"boss_relics":[{"not_picked":["Philosopher\u0027s Stone","Runic Dome"],"picked":"Velvet Choker"},{"not_picked":["Snecko Eye","Black Blood"],"picked":"Coffee Dripper"}],"items_purged_floors":[11,29],"is_endless":false,"potions_floor_spawned":[2,7,13,16,18,27,31,35,40,42,47,55],"killed_by":"The Heart","ascension_level":20}}