{"host":"inzxg65gu6nvov1v","time":1608378159,"event":{"mods":["AchievementEnabler","Act Like it!","Aspiration","BaseMod","Better Third Choice","CapriCore","Card Forge","Colored Map","Colored Powertips","Conspire","Downfall","Energized Spire","Hallownest","Highlight Path","Hubris","Infinite Spire","Jedi Mod","Koishi","Lobotomy","LobotomyExtend","Marisa????????","Mimic Mod","Minty Spire (QoL Compilation)","Reimu??????","Remilia??????","Replay The Spire","Spicy Shops","StSLib","The Administrix","The Bug Knight","The Cursed","The Elementalist","The Gatherer","The Hierophant","The Immortal","The Jungle","The Necromancer","The Servant 0.9.4","Wandering Minibosses","Youmu??????","???????????mod"],"gold_per_floor":[99,113,130,163,195,195,233,158,158,158],"floor_reached":9,"playtime":956,"items_purged":[],"score":62,"play_id":"351d32f9-5426-4023-93be-5e15e488bc97","local_time":"20201219134239","is_ascension_mode":true,"campfire_choices":[{"floor":1,"key":"DIG"},{"floor":8,"key":"REST"}],"circlet_count":0,"master_deck":["hexamod:Strike+1","hexamod:Strike+1","hexamod:Strike+1","hexamod:Strike+1","hexamod:Defend+1","hexamod:Defend+1","hexamod:Defend+1","hexamod:Defend+1","hexamod:Sear+1","hexamod:Float+1","hexamod:GiftsFromTheDead+1","hexamod:ExtraCrispy+1","hexamod:EmpoweredFlame+1","hexamod:EmpoweringStance+1","hexamod:HexaLevel+1","hexamod:PhantomCloak+1","hexamod:RadiantFlame+1","hexamod:RainOfEmbers+1","hexamod:FifthSeal","hexamod:VolcanoVisage+1","hexamod:WildfireWeapon+1","hexamod:SixthSeal","hexamod:EmpoweredFlame+1","hexamod:FourthSeal","hexamod:ExtraCrispy+1","hexamod:StepThrough+1","hexamod:FirstSeal","hexamod:HauntingEcho+1"],"relics":["Hammer of Thor","Seething Fire","Anvil of the Gods","Nunchaku","Pen Nib","Vajra","downfall:HeartBlessingBlue"],"acts_visited":["Exordium"],"potions_floor_usage":[],"damage_taken":[{"damage":3,"enemies":"Jaw Worm","floor":2,"turns":5},{"damage":13,"enemies":"2 Louse","floor":3,"turns":5},{"damage":9,"enemies":"Replay:BlueRogue","floor":4,"turns":5},{"damage":41,"enemies":"Lagavulin Event","floor":5,"turns":7},{"damage":5,"enemies":"Small Slimes","floor":7,"turns":8},{"damage":37,"enemies":"Lagavulin","floor":9,"turns":6}],"seed_played":"-8645269507092759795","potions_obtained":[{"floor":4,"key":"champ:CounterPotion"}],"is_trial":false,"path_per_floor":["R_BF","M","M","E","?","?","MIM","R","E"],"character_chosen":"THE_SPIRIT","items_purchased":[],"campfire_rested":1,"item_purchase_floors":[],"current_hp_per_floor":[70,67,54,45,4,7,2,36,0,0],"gold":158,"neow_bonus":"ONE_RANDOM_RARE_CARD","is_daily":false,"chose_seed":false,"campfire_upgraded":0,"win_rate":0.0,"timestamp":1608378159,"path_taken":["R_BF","M","M","E","?","?","MIM","R","E"],"items_purchased_type":[],"build_version":"2020-12-13","purchased_purges":0,"victory":false,"max_hp_per_floor":[70,70,70,70,70,73,73,83,83,83],"card_choices":[{"not_picked":["hexamod:ThirdSeal","hexamod:FourthSeal"],"picked":"hexamod:SixthSeal","floor":2},{"not_picked":["hexamod:BacktrackSmack","hexamod:CatchUp"],"picked":"hexamod:EmpoweredFlame","floor":2},{"not_picked":["hexamod:SecondSeal","hexamod:FirstSeal"],"picked":"hexamod:FourthSeal","floor":3},{"not_picked":["hexamod:FlamesFromBeyond","hexamod:SpectersWail","hexamod:GhostShield"],"picked":"SKIP","floor":3},{"not_picked":["hexamod:FlamesFromBeyond","hexamod:UnleashSpirits"],"picked":"hexamod:ExtraCrispy","floor":4},{"not_picked":["hexamod:SpectersWail","hexamod:Hexaguard"],"picked":"hexamod:StepThrough","floor":5},{"not_picked":["hexamod:SixthSeal","hexamod:SecondSeal"],"picked":"hexamod:FirstSeal","floor":7},{"not_picked":["hexamod:GhostOfSpirePresent","hexamod:BacktrackSmack"],"picked":"hexamod:HauntingEcho","floor":7}],"player_experience":144643,"relics_obtained":[{"floor":1,"key":"Nunchaku"},{"floor":4,"key":"Pen Nib"},{"floor":5,"key":"Vajra"}],"event_choices":[],"is_beta":false,"boss_relics":[],"items_purged_floors":[],"is_endless":false,"potions_floor_spawned":[4],"killed_by":"Lagavulin","ascension_level":1}}