{"host":"sav7uxregyirlf69","time":1608385671,"event":{"mods":["AchievementEnabler","BaseMod","Colored Map","DeckTracker","Keyboard Shortcuts","Minty Spire (QoL Compilation)","READ ME - Guardian Mod","StSLib","SuperFastMode"],"gold_per_floor":[114,114,114,114,127,127,143,159,239,255,271,282,282,314,314,410,410,426,73,84,94,94,110,138,138,138,164,178,178,178,204,204,303,353,365,365,63,80,80,80],"floor_reached":39,"playtime":747,"items_purged":["Strike_R"],"score":448,"play_id":"00aba346-eb11-4ea3-b26f-d9f92f147500","local_time":"20201219224751","is_ascension_mode":false,"campfire_choices":[{"data":"Perfected Strike","floor":6.0,"key":"SMITH"},{"data":"Wild Strike","floor":13.0,"key":"SMITH"},{"data":"Bloodletting","floor":15.0,"key":"SMITH"},{"floor":25.0,"key":"REST"},{"data":"Ghostly","floor":29.0,"key":"SMITH"},{"data":"Ghostly","floor":32.0,"key":"SMITH"}],"circlet_count":0,"master_deck":["Strike_R+1","Strike_R+1","Strike_R+1","Strike_R","Defend_R","Defend_R","Defend_R","Defend_R","Bash","Perfected Strike+1","Bloodletting+1","Intimidate","Wild Strike+1","Twin Strike","Pommel Strike+1","Flash of Steel","Wild Strike","Flame Barrier","Wild Strike","Ghostly+1","Ghostly+1","Ghostly","Ghostly","Ghostly","Shrug It Off+1","Battle Trance","Corruption+1","Power Through","Second Wind","Master of Strategy","Power Through+1"],"relics":["Burning Blood","Eternal Feather","White Beast Statue","Happy Flower","Black Star","Medical Kit","Peace Pipe","Blood Vial","Whetstone","Darkstone Periapt","Boot","Tiny House"],"acts_visited":["Exordium","TheCity","TheBeyond"],"potions_floor_usage":[33,39],"damage_taken":[{"damage":2.0,"enemies":"2 Louse","floor":1.0,"turns":4.0},{"damage":1.0,"enemies":"Jaw Worm","floor":5.0,"turns":3.0},{"damage":0.0,"enemies":"Small Slimes","floor":7.0,"turns":2.0},{"damage":10.0,"enemies":"Exordium Wildlife","floor":8.0,"turns":4.0},{"damage":0.0,"enemies":"Looter","floor":10.0,"turns":1.0},{"damage":11.0,"enemies":"3 Louse","floor":11.0,"turns":4.0},{"damage":7.0,"enemies":"Blue Slaver","floor":12.0,"turns":2.0},{"damage":19.0,"enemies":"Lagavulin","floor":14.0,"turns":4.0},{"damage":19.0,"enemies":"Slime Boss","floor":16.0,"turns":6.0},{"damage":1.0,"enemies":"Chosen","floor":18.0,"turns":3.0},{"damage":29.0,"enemies":"Shell Parasite","floor":20.0,"turns":5.0},{"damage":10.0,"enemies":"Cultist and Chosen","floor":21.0,"turns":4.0},{"damage":3.0,"enemies":"Centurion and Healer","floor":23.0,"turns":7.0},{"damage":41.0,"enemies":"Gremlin Leader","floor":24.0,"turns":9.0},{"damage":6.0,"enemies":"Snake Plant","floor":28.0,"turns":6.0},{"damage":3.0,"enemies":"Book of Stabbing","floor":31.0,"turns":5.0},{"damage":52,"enemies":"Automaton","floor":33,"turns":14},{"damage":14,"enemies":"3 Shapes","floor":35,"turns":6},{"damage":12,"enemies":"3 Darklings","floor":38,"turns":10},{"damage":59,"enemies":"2 Orb Walkers","floor":39,"turns":7}],"seed_played":"-6190163272263755274","potions_obtained":[{"floor":1.0,"key":"FearPotion"},{"floor":8.0,"key":"GamblersBrew"},{"floor":10.0,"key":"Explosive Potion"},{"floor":11.0,"key":"EssenceOfSteel"},{"floor":12.0,"key":"Block Potion"},{"floor":14.0,"key":"FairyPotion"},{"floor":16.0,"key":"Fire Potion"},{"floor":24.0,"key":"SkillPotion"},{"floor":31.0,"key":"SteroidPotion"},{"floor":33,"key":"ElixirPotion"},{"floor":34,"key":"BlessingOfTheForge"},{"floor":35,"key":"FearPotion"}],"is_trial":false,"path_per_floor":["M","?","T","?","M","R","M","M","T","M","M","M","R","E","R","B",null,"M","$","M","M","?","M","E","R","T","T","M","R","?","E","R","B",null,"M","?","$","M","?"],"character_chosen":"IRONCLAD","items_purchased":["Flash of Steel","Wild Strike","Medical Kit","Flame Barrier","Second Wind","Master of Strategy"],"campfire_rested":1,"item_purchase_floors":[19,19,19,19,37,37],"current_hp_per_floor":[88,70,70,70,75,81,87,83,83,88,83,82,88,75,84,71,88,88,88,65,61,44,44,9,37,37,37,39,44,38,43,49,17,54,46,46,46,42,0,0],"gold":80,"neow_bonus":"TEN_PERCENT_HP_BONUS","is_daily":false,"chose_seed":false,"campfire_upgraded":5,"win_rate":0.0,"timestamp":1608385671,"path_taken":["M","?","?","?","M","R","M","M","T","M","M","?","R","E","R","BOSS","M","$","M","M","?","M","E","R","T","?","M","R","?","E","R","BOSS","M","?","$","M","?"],"items_purchased_type":["Card","Card","Relic","Card","Card","Card"],"build_version":"2020-12-13","purchased_purges":1,"victory":false,"max_hp_per_floor":[88,88,88,88,88,88,88,88,88,88,88,88,88,88,88,88,88,88,88,88,88,44,44,44,44,44,44,44,44,49,49,49,49,54,54,54,54,54,54,54],"card_choices":[{"not_picked":["Flame Barrier","Warcry"],"picked":"Perfected Strike","floor":1.0},{"not_picked":["Ghostly Armor","Burning Pact","Flex"],"picked":"SKIP","floor":5.0},{"not_picked":["Whirlwind","Armaments"],"picked":"Bloodletting","floor":7.0},{"not_picked":["Dropkick","Thunderclap"],"picked":"Intimidate","floor":8.0},{"not_picked":["Rampage","Battle Trance"],"picked":"Wild Strike","floor":10.0},{"not_picked":["Searing Blow","Cleave"],"picked":"Twin Strike","floor":11.0},{"not_picked":["Berserk","Rupture"],"picked":"Pommel Strike","floor":12.0},{"not_picked":["Clash","Flame Barrier","Heavy Blade"],"picked":"SKIP","floor":14.0},{"not_picked":["Heavy Blade","Cleave+1","Inflame"],"picked":"SKIP","floor":18.0},{"not_picked":["Headbutt","Iron Wave"],"picked":"Wild Strike","floor":20.0},{"not_picked":["Whirlwind","Reckless Charge","Blood for Blood"],"picked":"SKIP","floor":21.0},{"not_picked":["Metallicize","Thunderclap"],"picked":"Shrug It Off+1","floor":23.0},{"not_picked":["Havoc+1","True Grit"],"picked":"Battle Trance","floor":24.0},{"not_picked":["Anger+1","Entrench","Bloodletting"],"picked":"SKIP","floor":28.0},{"not_picked":["Immolate","Feed","Clothesline"],"picked":"SKIP","floor":31.0},{"not_picked":["Barricade","Bludgeon"],"picked":"Corruption","floor":33},{"not_picked":["Anger+1","Shockwave"],"picked":"Power Through","floor":34},{"not_picked":["Havoc+1","Sword Boomerang","Combust+1"],"picked":"SKIP","floor":35},{"not_picked":["Iron Wave+1","Bloodletting+1"],"picked":"Power Through+1","floor":38}],"player_experience":958385,"relics_obtained":[{"floor":3.0,"key":"Eternal Feather"},{"floor":9.0,"key":"White Beast Statue"},{"floor":14.0,"key":"Happy Flower"},{"floor":24.0,"key":"Peace Pipe"},{"floor":24.0,"key":"Blood Vial"},{"floor":27.0,"key":"Whetstone"},{"floor":31.0,"key":"Darkstone Periapt"},{"floor":31.0,"key":"Boot"}],"event_choices":[{"damage_healed":0.0,"max_hp_gain":0.0,"max_hp_loss":0.0,"gold_gain":0.0,"event_name":"Shining Light","player_choice":"Entered Light","floor":2.0,"gold_loss":0.0,"damage_taken":18.0,"cards_upgraded":["Strike_R","Strike_R"]},{"damage_healed":0.0,"max_hp_gain":0.0,"max_hp_loss":0.0,"gold_gain":0.0,"event_name":"Liars Game","player_choice":"Ignored","floor":4.0,"gold_loss":0.0,"damage_taken":0.0},{"damage_healed":0.0,"max_hp_gain":0.0,"max_hp_loss":44.0,"gold_gain":0.0,"event_name":"Ghosts","player_choice":"Became a Ghost","floor":22.0,"gold_loss":0.0,"damage_taken":0.0,"cards_obtained":["Ghostly","Ghostly","Ghostly","Ghostly","Ghostly"]},{"damage_healed":0.0,"max_hp_gain":5.0,"max_hp_loss":0.0,"gold_gain":0.0,"event_name":"Forgotten Altar","player_choice":"Shed Blood","floor":30.0,"gold_loss":0.0,"damage_taken":11.0},{"damage_healed":0,"gold_gain":0,"player_choice":"Ignored","damage_taken":0,"max_hp_gain":0,"max_hp_loss":0,"event_name":"Tomb of Lord Red Mask","floor":36,"gold_loss":0},{"damage_healed":0,"gold_gain":0,"player_choice":"Fight","damage_taken":0,"max_hp_gain":0,"max_hp_loss":0,"event_name":"Mysterious Sphere","floor":39,"gold_loss":0}],"is_beta":false,"boss_relics":[{"not_picked":["SlaversCollar","Mark of Pain"],"picked":"Black Star"},{"not_picked":["SacredBark","Runic Cube"],"picked":"Tiny House"}],"items_purged_floors":[37],"is_endless":false,"potions_floor_spawned":[1,8,10,11,12,14,16,18,20,21,23,24,28,31,33,35,38],"killed_by":"2 Orb Walkers","ascension_level":0}}