{"host":"7al4aiicz9n8t8fq","time":1608336418,"event":{"mods":["2.2 Compatiblity","Act Like it!","BaseMod","Downfall","Duelist Mod","GifTheSpireLib","Minty Spire (QoL Compilation)","Rare Cards Sparkle","Replay The Spire","StSLib","The Animator","The Bug Knight"],"gold_per_floor":[109,121,121,139,158,184,184,203,203,203,203,234,234,254,254,349,349,366,152,167,187,13,48,61,72,95,114,114,127,127,127],"floor_reached":30,"playtime":3562,"items_purged":[],"score":266,"play_id":"bb588f4d-3043-42f8-a2cc-78a1191b68f2","local_time":"20201218170658","is_ascension_mode":false,"campfire_choices":[{"floor":7.0,"key":"REST"},{"floor":10.0,"key":"REST"},{"floor":13.0,"key":"REST"},{"floor":15.0,"key":"REST"},{"floor":28,"key":"REST"}],"circlet_count":0,"master_deck":["HollowMod:NailStrikeStart","HollowMod:NailStrikeStart","HollowMod:NailStrikeStart","HollowMod:NailStrikeStart","HollowMod:QuickDashStart","HollowMod:QuickDashStart","HollowMod:QuickDashStart","HollowMod:QuickDashStart","HollowMod:FocusHealStart","HollowMod:PogoStrike","expansioncontent:DecasProtection","HollowMod:CloakDash","HollowMod:MonarchWings","HollowMod:PerfectDash","HollowMod:SoulSplash","HollowMod:FallenFury","HollowMod:DoubleDash","HollowMod:FastStrike","HollowMod:SlysStrikes","HollowMod:DashSlash+1","HollowMod:MonomonsArchive","HollowMod:MonarchWings","HollowMod:SoulStrike","HollowMod:SiblingsSouls","HollowMod:ChannelNail","Metamorphosis","HollowMod:PerfectDash","HollowMod:GrimmsGift","HollowMod:DreamGate","HollowMod:SoulEater"],"relics":["HollowMod:VesselMask","Matryoshka","Vajra","Bag of Marbles","White Beast Statue","Fusion Hammer","Ancient Tea Set","HollowMod:LumaflyLanternRelic","Replay:Wax Seal"],"acts_visited":["Exordium","TheCity"],"potions_floor_usage":[27],"damage_taken":[{"damage":5.0,"enemies":"Cultist","floor":1.0,"turns":5.0},{"damage":0.0,"enemies":"2 Louse","floor":2.0,"turns":4.0},{"damage":13.0,"enemies":"Small Slimes","floor":4.0,"turns":4.0},{"damage":8.0,"enemies":"Red Slaver","floor":5.0,"turns":5.0},{"damage":40.0,"enemies":"Lagavulin","floor":6.0,"turns":11.0},{"damage":13.0,"enemies":"Large Slime","floor":8.0,"turns":9.0},{"damage":10.0,"enemies":"Gremlin Nob","floor":12.0,"turns":4.0},{"damage":7.0,"enemies":"Blue Slaver","floor":14.0,"turns":2.0},{"damage":54.0,"enemies":"HollowMod:FalseKnight","floor":16.0,"turns":12.0},{"damage":0.0,"enemies":"Chosen","floor":18.0,"turns":4.0},{"damage":6.0,"enemies":"Spheric Guardian","floor":20.0,"turns":4.0},{"damage":15.0,"enemies":"Snecko","floor":21.0,"turns":6.0},{"damage":24.0,"enemies":"Gremlin Leader","floor":23.0,"turns":7.0},{"damage":7.0,"enemies":"Snake Plant","floor":24.0,"turns":5.0},{"damage":26.0,"enemies":"Chosen and Byrds","floor":25.0,"turns":8.0},{"damage":5,"enemies":"Sentry and Sphere","floor":27,"turns":5},{"damage":26,"enemies":"3 Cultists","floor":29,"turns":5},{"damage":0,"enemies":"Centurion and Healer","floor":30,"turns":1}],"seed_played":"-614708839794015397","potions_obtained":[{"floor":4.0,"key":"AttackPotion"},{"floor":5.0,"key":"BlessingOfTheForge"},{"floor":8.0,"key":"Block Potion"},{"floor":14.0,"key":"Adrenaline Potion"},{"floor":16.0,"key":"Flashbang"},{"floor":18.0,"key":"SteroidPotion"},{"floor":20.0,"key":"SteroidPotion"},{"floor":21.0,"key":"Fire Potion"},{"floor":23.0,"key":"AttackPotion"},{"floor":24.0,"key":"Elixir"},{"floor":27,"key":"sneckomod:MuddlingPotion"}],"is_trial":false,"path_per_floor":["M","M","$","M","M","E","R","M","T","R","?","E","R","M","R","B",null,"M","$","M","M","$","E","M","M","T","M","R","M","M"],"character_chosen":"THE_BUGKNIGHT","items_purchased":["HollowMod:MonomonsArchive","HollowMod:MonarchWings","HollowMod:SoulStrike","ColorlessPotion","Metamorphosis"],"campfire_rested":5,"item_purchase_floors":[19,19,19,19,22],"current_hp_per_floor":[72,72,72,59,57,23,45,38,38,60,60,50,72,65,75,21,75,75,75,69,54,54,30,23,7,7,8,30,10,10,10],"gold":127,"neow_bonus":"RANDOM_COLORLESS","is_daily":false,"chose_seed":false,"campfire_upgraded":0,"win_rate":0.0,"timestamp":1608336418,"path_taken":["M","M","$","?","M","E","R","M","T","R","?","E","R","M","R","BOSS","M","$","M","M","$","E","M","?","T","M","R","M","M"],"items_purchased_type":["Card","Card","Card","Potion","Card"],"build_version":"2020-12-13","purchased_purges":0,"victory":false,"max_hp_per_floor":[75,75,75,75,75,75,75,75,75,75,75,75,75,75,75,75,75,75,75,75,75,75,75,75,75,75,75,75,75,75,75],"card_choices":[{"not_picked":["Impatience","expansioncontent:GoopSpray"],"picked":"expansioncontent:DecasProtection","floor":0.0},{"not_picked":["HollowMod:SoulStrike","HollowMod:GoodIntentions"],"picked":"HollowMod:CloakDash","floor":1.0},{"not_picked":["HollowMod:MothsMistake","HollowMod:GoodIntentions"],"picked":"HollowMod:MonarchWings","floor":2.0},{"not_picked":["HollowMod:DescendingDark","HollowMod:HeavyBlow"],"picked":"HollowMod:VengefulVoid","floor":4.0},{"not_picked":["HollowMod:NewLittleFool","HollowMod:TaintedHusks"],"picked":"HollowMod:PerfectDash","floor":5.0},{"not_picked":["HollowMod:InfectedCysts","HollowMod:ShadowDash"],"picked":"HollowMod:SoulSplash","floor":6.0},{"not_picked":["HollowMod:AwokenDreamNail","HollowMod:VengefulVoid"],"picked":"HollowMod:FallenFury","floor":8.0},{"not_picked":["HollowMod:TaintedHusks","HollowMod:LifebloodCore","HollowMod:InfectionAssault"],"picked":"SKIP","floor":12.0},{"not_picked":["HollowMod:SoulSplash","HollowMod:GoodIntentions"],"picked":"HollowMod:FastStrike","floor":14.0},{"not_picked":["HollowMod:theNailsmith","HollowMod:NewInfectedGuardian"],"picked":"HollowMod:SlysStrikes","floor":16.0},{"not_picked":["HollowMod:TaintedHusks","HollowMod:MothsMistake"],"picked":"HollowMod:DashSlash+1","floor":18.0},{"not_picked":["HollowMod:MothsMistake","HollowMod:ShadowDash"],"picked":"HollowMod:SiblingsSouls","floor":20.0},{"not_picked":["HollowMod:CrystalDash","HollowMod:InfectedAttack"],"picked":"HollowMod:ChannelNail","floor":21.0},{"not_picked":["HollowMod:InfectedAttack+1","HollowMod:NewJinnsSoul"],"picked":"HollowMod:PerfectDash","floor":23.0},{"not_picked":["HollowMod:LuriensSpire","HollowMod:VengefulVoid"],"picked":"HollowMod:GrimmsGift","floor":24.0},{"not_picked":["HollowMod:TaintedHusks","HollowMod:LifebloodCocoon"],"picked":"HollowMod:DreamGate","floor":25.0},{"not_picked":["HollowMod:LifebloodCocoon+1","HollowMod:NewJinnsSoul+1","HollowMod:AwokenDreamNail"],"picked":"SKIP","floor":27},{"not_picked":["HollowMod:ShapeofUnn","HollowMod:SharpenedShadows"],"picked":"HollowMod:SoulEater","floor":29}],"player_experience":1120336,"relics_obtained":[{"floor":6.0,"key":"Matryoshka"},{"floor":9.0,"key":"Vajra"},{"floor":9.0,"key":"Bag of Marbles"},{"floor":12.0,"key":"White Beast Statue"},{"floor":23.0,"key":"Ancient Tea Set"},{"floor":26,"key":"HollowMod:LumaflyLanternRelic"},{"floor":26,"key":"Replay:Wax Seal"}],"event_choices":[{"damage_healed":0.0,"max_hp_gain":0.0,"max_hp_loss":0.0,"gold_gain":0.0,"cards_transformed":["HollowMod:VengefulVoid"],"event_name":"Transmorgrifier","player_choice":"Transformed","floor":11.0,"gold_loss":0.0,"damage_taken":0.0,"cards_obtained":["HollowMod:DoubleDash"]}],"is_beta":false,"boss_relics":[{"not_picked":["Cursed Key","ReplayTheSpireMod:DimensionalGlitch"],"picked":"Fusion Hammer"}],"items_purged_floors":[],"is_endless":false,"potions_floor_spawned":[4,5,8,14,16,18,20,21,23,24,25,27,29],"killed_by":"Centurion and Healer","ascension_level":0}}