{"host":"15dd7v8o90xso62x","time":1608404339,"event":{"mods":["BaseMod","Minty Spire (QoL Compilation)","Quick Restart","StSLib"],"gold_per_floor":[119,44,44,62,79,79,110,126,175,187,207,207,207,207,207,338,338,359,359,284,284,295,295,110,135,158,173,193,193,206,206,206,206],"floor_reached":32,"playtime":724,"items_purged":["Defend_P"],"score":287,"play_id":"4d50b262-972a-4f15-9d46-24eb5771bae4","local_time":"20201220035859","is_ascension_mode":false,"campfire_choices":[{"data":"Eruption","floor":6.0,"key":"SMITH"},{"data":"Adaptation","floor":15.0,"key":"SMITH"},{"data":"InnerPeace","floor":23.0,"key":"SMITH"}],"circlet_count":0,"master_deck":["Strike_P+1","Strike_P+1","Strike_P+1","Defend_P+1","Eruption+1","Vigilance+1","CrushJoints+1","WheelKick+1","MentalFortress+1","Adaptation+1","DeusExMachina","LessonLearned+1","InnerPeace+1"],"relics":["PureWater","White Beast Statue","War Paint","Bloody Idol","Black Star","Meat on the Bone","Membership Card","Whetstone","Mercury Hourglass","Pen Nib"],"acts_visited":["TheCity"],"potions_floor_usage":[30],"damage_taken":[{"damage":0.0,"enemies":"2 Louse","floor":1.0,"turns":2.0},{"damage":0.0,"enemies":"Cultist","floor":4.0,"turns":2.0},{"damage":0.0,"enemies":"Small Slimes","floor":5.0,"turns":2.0},{"damage":0.0,"enemies":"Lagavulin","floor":7.0,"turns":4.0},{"damage":4.0,"enemies":"Looter","floor":8.0,"turns":2.0},{"damage":13.0,"enemies":"Exordium Wildlife","floor":10.0,"turns":4.0},{"damage":0.0,"enemies":"3 Louse","floor":11.0,"turns":2.0},{"damage":29.0,"enemies":"Hexaghost","floor":16.0,"turns":8.0},{"damage":27.0,"enemies":"2 Thieves","floor":18.0,"turns":3.0},{"damage":0.0,"enemies":"Chosen","floor":22.0,"turns":3.0},{"damage":9.0,"enemies":"Book of Stabbing","floor":25.0,"turns":5.0},{"damage":13.0,"enemies":"Snake Plant","floor":27.0,"turns":3.0},{"damage":0.0,"enemies":"Sentry and Sphere","floor":28.0,"turns":3.0},{"damage":0,"enemies":"3 Cultists","floor":30,"turns":3}],"seed_played":"1464981209570687212","potions_obtained":[{"floor":4.0,"key":"EntropicBrew"},{"floor":8.0,"key":"ColorlessPotion"},{"floor":10.0,"key":"FearPotion"},{"floor":16.0,"key":"LiquidBronze"},{"floor":18.0,"key":"EssenceOfSteel"},{"floor":25.0,"key":"BottledMiracle"},{"floor":27.0,"key":"Block Potion"},{"floor":28.0,"key":"ColorlessPotion"},{"floor":30,"key":"SkillPotion"}],"is_trial":false,"path_per_floor":["M","$","?","M","M","R","E","M","T","M","M","?","?","?","R","B",null,"M","?","?","T","M","R","$","E","T","M","M","?","M","?","R"],"character_chosen":"WATCHER","items_purchased":["MentalFortress","Membership Card"],"campfire_rested":0,"item_purchase_floors":[2,24],"current_hp_per_floor":[72,72,72,72,72,72,72,68,68,55,55,55,55,37,37,8,72,45,45,45,45,50,50,50,60,65,57,62,62,67,67,67,67],"gold":206,"neow_bonus":"THREE_CARDS","is_daily":false,"chose_seed":false,"campfire_upgraded":3,"win_rate":0.0,"timestamp":1608404339,"path_taken":["M","$","?","M","M","R","E","M","T","M","?","?","?","?","R","BOSS","M","?","?","?","M","R","?","E","T","M","M","?","M","?","R"],"items_purchased_type":["Card","Relic"],"build_version":"2020-12-13","purchased_purges":1,"victory":false,"max_hp_per_floor":[72,72,72,72,72,72,72,72,72,72,72,72,72,72,72,72,72,72,72,72,72,72,72,72,72,72,72,72,72,72,72,72,72],"card_choices":[{"not_picked":["Wireheading","PathToVictory"],"picked":"CrushJoints","floor":0.0},{"not_picked":["EmptyFist","Swivel"],"picked":"WheelKick","floor":1.0},{"not_picked":["FlyingSleeves","WreathOfFlame","BattleHymn"],"picked":"SKIP","floor":4.0},{"not_picked":["ClearTheMind","Prostrate","Sanctity"],"picked":"SKIP","floor":5.0},{"not_picked":["PathToVictory","CutThroughFate"],"picked":"Adaptation","floor":7.0},{"not_picked":["Evaluate","SignatureMove","BowlingBash"],"picked":"SKIP","floor":8.0},{"not_picked":["Study","Prostrate","Sanctity"],"picked":"SKIP","floor":10.0},{"not_picked":["FlyingSleeves","JustLucky"],"picked":"DeusExMachina","floor":11.0},{"not_picked":["Vault","Brilliance"],"picked":"LessonLearned","floor":16.0},{"not_picked":["WheelKick","EmptyMind","Pray"],"picked":"SKIP","floor":18.0},{"not_picked":["FlurryOfBlows","EmptyBody"],"picked":"InnerPeace","floor":22.0},{"not_picked":["Protect+1","Devotion","Nirvana"],"picked":"SKIP","floor":25.0},{"not_picked":["Prostrate","EmptyBody","FlyingSleeves"],"picked":"SKIP","floor":27.0},{"not_picked":["EmptyMind","Prostrate","InnerPeace"],"picked":"SKIP","floor":28.0},{"not_picked":["Halt","Meditate","PathToVictory"],"picked":"SKIP","floor":30}],"player_experience":927505,"relics_obtained":[{"floor":7.0,"key":"White Beast Statue"},{"floor":9.0,"key":"War Paint"},{"floor":21.0,"key":"Meat on the Bone"},{"floor":25.0,"key":"Whetstone"},{"floor":25.0,"key":"Mercury Hourglass"},{"floor":26.0,"key":"Pen Nib"}],"event_choices":[{"cards_removed":["Defend_P"],"damage_healed":0.0,"max_hp_gain":0.0,"max_hp_loss":0.0,"gold_gain":0.0,"event_name":"Bonfire Elementals","player_choice":"Offered Basic","floor":3.0,"gold_loss":0.0,"damage_taken":0.0},{"damage_healed":0.0,"max_hp_gain":0.0,"max_hp_loss":0.0,"gold_gain":0.0,"event_name":"Liars Game","player_choice":"Ignored","floor":12.0,"gold_loss":0.0,"damage_taken":0.0},{"cards_removed":["Defend_P"],"damage_healed":0.0,"max_hp_gain":0.0,"max_hp_loss":0.0,"gold_gain":0.0,"event_name":"Living Wall","player_choice":"Forget","floor":13.0,"gold_loss":0.0,"damage_taken":0.0},{"damage_healed":0.0,"max_hp_gain":0.0,"max_hp_loss":0.0,"gold_gain":0.0,"event_name":"Golden Idol","player_choice":"Take Damage","floor":14.0,"gold_loss":0.0,"damage_taken":18.0,"relics_obtained":["Golden Idol"]},{"damage_healed":0.0,"max_hp_gain":0.0,"max_hp_loss":0.0,"gold_gain":0.0,"event_name":"Forgotten Altar","player_choice":"Gave Idol","floor":19.0,"relics_lost":["Golden Idol"],"gold_loss":0.0,"damage_taken":0.0,"relics_obtained":["Bloody Idol"]},{"cards_removed":["Strike_P"],"damage_healed":0.0,"max_hp_gain":0.0,"max_hp_loss":0.0,"gold_gain":0.0,"event_name":"Beggar","player_choice":"Gave Gold","floor":20.0,"gold_loss":75.0,"damage_taken":0.0},{"damage_healed":0,"gold_gain":0,"player_choice":"Ignored","damage_taken":0,"max_hp_gain":0,"max_hp_loss":0,"event_name":"The Mausoleum","floor":29,"gold_loss":0},{"damage_healed":0,"gold_gain":0,"player_choice":"Ignored","damage_taken":0,"max_hp_gain":0,"max_hp_loss":0,"event_name":"Ghosts","floor":31,"gold_loss":0}],"is_beta":false,"boss_relics":[{"not_picked":["Coffee Dripper","Philosopher\u0027s Stone"],"picked":"Black Star"}],"items_purged_floors":[24],"is_endless":false,"potions_floor_spawned":[4,8,10,11,16,18,22,25,27,28,30],"ascension_level":0}}