{"host":"bxdue9bkfm2khp2x","time":1608360365,"event":{"mods":["Aspiration","BaseMod","Better Vampires","Challenge The Spire","Colored Powertips","Conspire","Decade(王小明)","Dota2Spire","Downfall","Highlight Path","Marisa（F雨　魔理沙）","Minty Spire (QoL Compilation)","MostiFishMod","Remilia（蕾米莉亚）","Replay The Spire","RumiaBox-露米娅的神秘盒子","StSLib","Td1madao Mod","The Alterego","The Cursed","The Servant 0.9.4","Waifu the Spire","WarShipGirlsR/战舰少女R mod","Youmu（魂魄妖梦）","noobMod","vexMod","【功能Mod】混沌之环修复补丁","【遗物卡牌】REMEMod","篝火指南"],"gold_per_floor":[112,112,126,141,161,161,161,186,186,186,214,139,149,163,163,240,240,263,167,184,202,202,202,202,217,217,231,71,98,98,98,98,174,174,188,198,212,212,212,212,243,243,243,274,274,274,284,103,51,51],"floor_reached":51,"playtime":3156,"items_purged":["alterego_mod:Impale","alterego_mod:Strike","alterego_mod:Strike","alterego_mod:Strike+1"],"score":1775,"play_id":"95e34c61-5c95-4c52-b7e2-929ba9dc387f","local_time":"20201219144605","is_ascension_mode":true,"campfire_choices":[{"data":"alterego_mod:DiscoLights","floor":6.0,"key":"SMITH"},{"data":"alterego_mod:BrynhildrsRune","floor":10,"key":"SMITH"},{"data":"alterego_mod:DiscoLights","floor":15,"key":"SMITH"},{"data":"alterego_mod:MagicResistance","floor":23,"key":"SMITH"},{"data":"alterego_mod:ChallengeComplete","floor":30,"key":"SMITH"},{"data":"alterego_mod:Collar","floor":30,"key":"SMITH"},{"data":"alterego_mod:BreastValley","floor":32,"key":"SMITH"},{"data":"alterego_mod:BreastValley","floor":32,"key":"SMITH"},{"data":"alterego_mod:DiscoLights","floor":40,"key":"SMITH"},{"data":"alterego_mod:TrickOrTreatment","floor":40,"key":"SMITH"},{"data":"alterego_mod:TrickOrTreatment","floor":42,"key":"SMITH"},{"data":"alterego_mod:Rake","floor":42,"key":"SMITH"},{"data":"CasketOfStar","floor":45,"key":"SMITH"},{"data":"alterego_mod:Strike","floor":45,"key":"SMITH"}],"circlet_count":0,"master_deck":["AscendersBane","alterego_mod:Strike+1","alterego_mod:Defend+1","alterego_mod:Defend+1","alterego_mod:Defend+1","alterego_mod:Defend+1","alterego_mod:BigMeatyClaws+1","alterego_mod:BrynhildrsRune+1","CasketOfStar+1","alterego_mod:DiscoLights+1","alterego_mod:Collar+1","alterego_mod:MagicResistance+1","alterego_mod:DiscoLights+1","alterego_mod:Rake+1","alterego_mod:BreastValley+1","alterego_mod:Birthday+1","alterego_mod:ChallengeComplete+1","alterego_mod:BreastValley+1","alterego_mod:TrickOrTreatment+1","alterego_mod:DiscoLights+1","alterego_mod:TrickOrTreatment+1","alterego_mod:ChallengeComplete+1"],"relics":["alterego_mod:MasochisticConstitution","REME_ComplimentaryCards","DaveBox","ice","PatriotShield","Question Card","Dota2Spire:EtherealBlade","HornCleat","Odd Mushroom","ImportantClient","REME_LowDesire","MawBank","Replay:Baseball","alterego_mod:FleetingLove","Replay:Arrowhead","Gremlin Horn","vexMod:HeadHunter","Dota2Spire:RefresherOrb","PreservedInsect","Replay:Bottled Eggs","Dota2Spire:BlackKingBar","BargainBundle"],"acts_visited":["Exordium","TheCity","TheBeyond"],"potions_floor_usage":[],"damage_taken":[{"damage":0.0,"enemies":"Jaw Worm","floor":1.0,"turns":3.0},{"damage":1.0,"enemies":"conspire:RoseBush","floor":3.0,"turns":3.0},{"damage":0.0,"enemies":"Small Slimes","floor":4.0,"turns":1.0},{"damage":0.0,"enemies":"Blue Slaver","floor":5.0,"turns":1.0},{"damage":0,"enemies":"Lagavulin","floor":8,"turns":4},{"damage":2,"enemies":"The Mushroom Lair","floor":11,"turns":4},{"damage":2,"enemies":"conspire:2 RoseBushes","floor":13,"turns":5},{"damage":2,"enemies":"Large Slime","floor":14,"turns":2},{"damage":0,"enemies":"Fading Forest","floor":16,"turns":11},{"damage":0,"enemies":"Spheric Guardian","floor":18,"turns":4},{"damage":0,"enemies":"Shell Parasite","floor":20,"turns":4},{"damage":0,"enemies":"Shelled Parasite and Fungi","floor":21,"turns":4},{"damage":0,"enemies":"Centurion and Healer","floor":25,"turns":5},{"damage":0,"enemies":"Snecko","floor":27,"turns":1},{"damage":4,"enemies":"REME_1_Revenger","floor":29,"turns":2},{"damage":0,"enemies":"Automaton","floor":33,"turns":5},{"damage":1,"enemies":"Orb Walker","floor":35,"turns":1},{"damage":0,"enemies":"3 Shapes","floor":36,"turns":4},{"damage":0,"enemies":"Jaw Worm Horde","floor":37,"turns":4},{"damage":0,"enemies":"Giant Head","floor":41,"turns":4},{"damage":0,"enemies":"R_Hoarder","floor":44,"turns":6},{"damage":0,"enemies":"Spire Growth","floor":47,"turns":4},{"damage":2,"enemies":"conspire:OrnateMirror","floor":50,"turns":7}],"seed_played":"-5705986285074561663","potions_obtained":[{"floor":5.0,"key":"Milkshake"},{"floor":13,"key":"Ancient Potion"},{"floor":14,"key":"Dexterity Potion"}],"is_trial":false,"path_per_floor":["M","?","M","M","M","R","?","E","T","R","?","R","M","M","R","B",null,"M","$","M","M","?","R","?","M","T","M","$","E","R","T","R","B",null,"M","M","M","?","T","R","E","R","T","E","R","?","M","$","R","B",null],"character_chosen":"The_Alterego","items_purchased":["alterego_mod:BreastValley","alterego_mod:BreastValley","BargainBundle","alterego_mod:ChallengeComplete+1"],"campfire_rested":0,"item_purchase_floors":[19,28,48,49],"current_hp_per_floor":[59,55,62,62,62,62,62,62,62,62,61,61,60,59,59,69,69,69,69,69,69,69,69,69,69,69,69,69,66,66,66,66,69,70,70,71,71,71,71,71,71,71,71,71,71,71,71,71,71,70],"gold":51,"neow_bonus":"UPGRADE_CARD","is_daily":false,"chose_seed":false,"campfire_upgraded":14,"win_rate":0.0,"timestamp":1608360365,"path_taken":["M","?","M","M","M","R","?","E","T","R","?","R","M","M","R","BOSS","M","$","M","M","?","R","?","M","T","M","$","E","R","?","R","BOSS","M","M","M","?","?","R","E","R","T","E","R","?","?","$","R","BOSS"],"items_purchased_type":["Card","Card","Relic","Card"],"build_version":"2020-12-13","purchased_purges":4,"victory":true,"max_hp_per_floor":[65,65,66,66,66,66,66,66,66,66,67,67,68,69,69,69,69,69,69,69,69,69,69,69,69,69,69,69,70,70,70,70,70,70,71,71,71,71,71,71,71,71,71,71,71,71,71,71,71,72],"card_choices":[{"not_picked":["alterego_mod:Schoolgirl","alterego_mod:Maid","alterego_mod:Skirt"],"picked":"SKIP","floor":1.0},{"not_picked":["alterego_mod:PerceptionDisorder","alterego_mod:Santa","alterego_mod:Cooking","alterego_mod:Lingerie"],"picked":"SKIP","floor":3.0},{"not_picked":["alterego_mod:Weigh","alterego_mod:PresenceConcealment","alterego_mod:DustData","alterego_mod:Skirt"],"picked":"SKIP","floor":4.0},{"not_picked":["alterego_mod:Cushion","alterego_mod:RocketPunch","alterego_mod:Bunnysuit"],"picked":"alterego_mod:DiscoLights","floor":5.0},{"not_picked":["alterego_mod:SakuraLabyrinth","alterego_mod:Crossover","alterego_mod:Rip"],"picked":"alterego_mod:Collar","floor":8},{"not_picked":["alterego_mod:Jiggle","alterego_mod:Swimsuit","alterego_mod:Valentines"],"picked":"alterego_mod:MagicResistance","floor":11},{"not_picked":["alterego_mod:DeftHands","alterego_mod:Pet","alterego_mod:PainIsPleasure","alterego_mod:Bounce"],"picked":"SKIP","floor":13},{"not_picked":["alterego_mod:Mirror","alterego_mod:Stockings","alterego_mod:MaintainEyeContact"],"picked":"alterego_mod:DiscoLights","floor":14},{"not_picked":["alterego_mod:Palingenesis","alterego_mod:Vow","alterego_mod:RingBreak"],"picked":"alterego_mod:Rake","floor":16},{"not_picked":["alterego_mod:Rip","alterego_mod:Complex","alterego_mod:DeftHands","alterego_mod:TrashNCrash","Discovery+1"],"picked":"SKIP","floor":18},{"not_picked":["alterego_mod:Cycle","alterego_mod:PresenceConcealment","alterego_mod:RocketPunch","alterego_mod:Complex","REME_ProfessionalPlagiarism"],"picked":"SKIP","floor":20},{"not_picked":["alterego_mod:Swimsuit+1","alterego_mod:Collar","alterego_mod:BiFurious","alterego_mod:Jiggle","Good Instincts"],"picked":"SKIP","floor":21},{"not_picked":["alterego_mod:1TonWallop","alterego_mod:TrashNCrash","alterego_mod:BiFurious","vexMod:EmailVexCard"],"picked":"alterego_mod:Birthday+1","floor":25},{"not_picked":["alterego_mod:MagicResistance","alterego_mod:Belle","alterego_mod:Punishment","ReplayUltimateDefense"],"picked":"alterego_mod:ChallengeComplete","floor":27},{"not_picked":["alterego_mod:Maid","alterego_mod:BrynhildrRomantia","alterego_mod:Rip+1","alterego_mod:RidiculouslyBig","Midas Touch"],"picked":"SKIP","floor":29},{"not_picked":["alterego_mod:Vow","alterego_mod:Alter","alterego_mod:Palingenesis","Impatience"],"picked":"alterego_mod:TrickOrTreatment","floor":33},{"not_picked":["alterego_mod:Pet+1","alterego_mod:Rip","alterego_mod:Punishment+1","Violence"],"picked":"alterego_mod:DiscoLights","floor":35},{"not_picked":["alterego_mod:Birthday+1","alterego_mod:Cycle+1","alterego_mod:Exercise","alterego_mod:Lingerie","Deep Breath"],"picked":"SKIP","floor":36},{"not_picked":["alterego_mod:PurpleHair+1","alterego_mod:Bounce","alterego_mod:Exercise","alterego_mod:PerceptionDisorder","Deep Breath"],"picked":"SKIP","floor":37},{"not_picked":["alterego_mod:Alter","alterego_mod:AlterEgo","alterego_mod:PainIsPleasure"],"picked":"alterego_mod:TrickOrTreatment","floor":41},{"not_picked":["alterego_mod:BustOut+1","alterego_mod:BusterCard+1","alterego_mod:DiscoLights","alterego_mod:Bloomers","Replay:Parry"],"picked":"SKIP","floor":41},{"not_picked":["alterego_mod:Weigh","alterego_mod:InsideBaseball","alterego_mod:Venus","alterego_mod:Tantrum"],"picked":"SKIP","floor":44},{"not_picked":["alterego_mod:PresenceConcealment","alterego_mod:IdEs","alterego_mod:RingBreak","alterego_mod:Table","expansioncontent:PolyBeam"],"picked":"SKIP","floor":44},{"not_picked":["alterego_mod:Jiggle","alterego_mod:DeftHands","alterego_mod:Punishment","alterego_mod:Swimsuit+1","Magnetism"],"picked":"SKIP","floor":47}],"player_experience":1397274,"relics_obtained":[{"floor":1.0,"key":"Question Card"},{"floor":8,"key":"Dota2Spire:EtherealBlade"},{"floor":9,"key":"HornCleat"},{"floor":11,"key":"Odd Mushroom"},{"floor":16,"key":"ImportantClient"},{"floor":17,"key":"MawBank"},{"floor":17,"key":"Replay:Baseball"},{"floor":26,"key":"Replay:Arrowhead"},{"floor":29,"key":"Gremlin Horn"},{"floor":31,"key":"vexMod:HeadHunter"},{"floor":41,"key":"PreservedInsect"},{"floor":43,"key":"Replay:Bottled Eggs"},{"floor":44,"key":"Dota2Spire:BlackKingBar"}],"event_choices":[{"damage_healed":0.0,"max_hp_gain":0.0,"max_hp_loss":0.0,"gold_gain":0.0,"event_name":"conspire:Investor","player_choice":"Leave","floor":2.0,"gold_loss":0.0,"damage_taken":0.0},{"damage_healed":0,"gold_gain":0,"player_choice":"Ignored","damage_taken":0,"max_hp_gain":0,"max_hp_loss":0,"event_name":"Shining Light","floor":7,"gold_loss":0},{"damage_healed":0,"gold_gain":0,"player_choice":"Fought Mushrooms","damage_taken":0,"max_hp_gain":0,"max_hp_loss":0,"event_name":"Mushrooms","floor":11,"gold_loss":0},{"damage_healed":0,"gold_gain":0,"player_choice":"Choice 1","damage_taken":0,"relics_obtained":["alterego_mod:FleetingLove"],"max_hp_gain":0,"max_hp_loss":0,"event_name":"爱的神圣花园","floor":24,"gold_loss":0},{"damage_healed":0,"gold_gain":0,"player_choice":"Upgraded","damage_taken":0,"max_hp_gain":0,"max_hp_loss":0,"event_name":"Upgrade Shrine","floor":46,"gold_loss":0,"cards_upgraded":["alterego_mod:Strike"]}],"is_beta":false,"boss_relics":[{"not_picked":["vexMod:CursedCompass","Kintsugi"],"picked":"REME_LowDesire"},{"not_picked":["RhineCircuit","MetatronsCube"],"picked":"Dota2Spire:RefresherOrb"}],"items_purged_floors":[12,19,28,48],"is_endless":false,"potions_floor_spawned":[5,13,14,16,18,21,27,29,35,41,47],"ascension_level":15}}