{"host":"j49z5jz0n7e8vjox","time":1608410655,"event":{"mods":["AchievementEnabler","BaseMod","Bestiary","Colored Map","Colored Powertips","DeckTracker","Minty Spire (QoL Compilation)"],"gold_per_floor":[115,290,309,327,327,361,361,388,415,433,433,28,28,28,28,156,156,174,193,211,211,211,250,250,284,359,359,384,384,56,74,74,204,204,228,561,580,160,160,160,206,9,9,19,38,38,55,55,55,55,55,55,3,36,36,36],"floor_reached":55,"playtime":2703,"items_purged":["Strike_R+1"],"score":988,"play_id":"20237a4e-b6b9-471c-a7cf-d911fdb2cdea","local_time":"20201219144415","is_ascension_mode":true,"campfire_choices":[{"data":"Dark Embrace","floor":7,"key":"SMITH"},{"floor":11,"key":"REST"},{"data":"Bash","floor":13,"key":"SMITH"},{"data":"Carnage","floor":15,"key":"SMITH"},{"floor":24,"key":"REST"},{"data":"Immolate","floor":27,"key":"SMITH"},{"data":"Limit Break","floor":29,"key":"SMITH"},{"floor":32,"key":"REST"},{"floor":40,"key":"RECALL"},{"floor":46,"key":"REST"},{"floor":49,"key":"REST"},{"floor":52,"key":"REST"}],"circlet_count":0,"master_deck":["Strike_R+1","Strike_R+1","Strike_R+1","Defend_R+1","Defend_R+1","Defend_R+1","Defend_R+1","Bash+1","Power Through","Doubt","Headbutt","Dark Embrace+1","Immolate+1","Carnage+1","Spot Weakness","Limit Break+1","Headbutt+1","True Grit","Inflame","Limit Break","Feel No Pain","Pummel","Inflame","Feel No Pain","Flex","Reaper","Shockwave","Heavy Blade","Sword Boomerang","Seeing Red","Demon Form"],"relics":["Burning Blood","Regal Pillow","Orichalcum","Toy Ornithopter","Paper Frog","ClockworkSouvenir","SlaversCollar","Ancient Tea Set","WingedGreaves","Bottled Flame","Anchor","Akabeko","Fusion Hammer","TungstenRod","Ice Cream","Happy Flower","Magic Flower"],"acts_visited":["Exordium","TheCity","TheBeyond","TheEnding"],"potions_floor_usage":[6,8,18,19,23,25,41,45,45,54],"damage_taken":[{"damage":2,"enemies":"Small Slimes","floor":1,"turns":5},{"damage":0,"enemies":"2 Louse","floor":3,"turns":3},{"damage":1,"enemies":"Cultist","floor":4,"turns":4},{"damage":65,"enemies":"3 Sentries","floor":6,"turns":16},{"damage":32,"enemies":"Lagavulin","floor":8,"turns":10},{"damage":1,"enemies":"Looter","floor":10,"turns":3},{"damage":0,"enemies":"Slime Boss","floor":16,"turns":7},{"damage":0,"enemies":"Spheric Guardian","floor":18,"turns":3},{"damage":13,"enemies":"3 Byrds","floor":19,"turns":4},{"damage":25,"enemies":"Cultist and Chosen","floor":20,"turns":5},{"damage":60,"enemies":"Gremlin Leader","floor":23,"turns":9},{"damage":41,"enemies":"Slavers","floor":25,"turns":5},{"damage":0,"enemies":"Sentry and Sphere","floor":28,"turns":3},{"damage":0,"enemies":"Shelled Parasite and Fungi","floor":31,"turns":2},{"damage":20,"enemies":"Champ","floor":33,"turns":7},{"damage":19,"enemies":"Orb Walker","floor":35,"turns":4},{"damage":0,"enemies":"3 Shapes","floor":37,"turns":1},{"damage":40,"enemies":"2 Orb Walkers","floor":41,"turns":6},{"damage":13,"enemies":"Jaw Worm Horde","floor":44,"turns":3},{"damage":44,"enemies":"Transient","floor":45,"turns":5},{"damage":0,"enemies":"3 Darklings","floor":47,"turns":2},{"damage":88,"enemies":"Donu and Deca","floor":50,"turns":7},{"damage":31,"enemies":"Shield and Spear","floor":54,"turns":4},{"damage":92,"enemies":"The Heart","floor":55,"turns":6}],"seed_played":"-8573967440107425551","potions_obtained":[{"floor":1,"key":"Strength Potion"},{"floor":6,"key":"Dexterity Potion"},{"floor":16,"key":"Fire Potion"},{"floor":18,"key":"Fire Potion"},{"floor":20,"key":"SkillPotion"},{"floor":23,"key":"Weak Potion"},{"floor":33,"key":"DuplicationPotion"},{"floor":35,"key":"ColorlessPotion"}],"is_trial":false,"path_per_floor":["M","?","M","M","?","E","R","E","T","M","R","$","R","?","R","B",null,"M","M","M","?","?","E","R","E","T","R","M","R","$","M","R","B",null,"M","?","M","$","?","R","?","$","T","M","M","R","M","?","R","B",null,"R","$","E","B"],"character_chosen":"IRONCLAD","items_purchased":["Paper Frog","ClockworkSouvenir","Anchor","Akabeko","Feel No Pain","TungstenRod","Swift Potion","Heavy Blade","Happy Flower","ColorlessPotion"],"campfire_rested":6,"item_purchase_floors":[12,12,30,30,30,38,38,42,42,53],"current_hp_per_floor":[84,84,88,88,93,34,34,8,8,13,55,55,55,55,55,61,80,86,79,60,60,60,11,51,21,21,21,27,27,27,33,73,59,79,77,77,83,83,83,83,64,64,64,65,45,85,86,86,86,20,70,86,86,75,0,0],"gold":36,"neow_bonus":"TEN_PERCENT_HP_BONUS","is_daily":false,"chose_seed":false,"campfire_upgraded":5,"win_rate":0.0,"timestamp":1608410655,"path_taken":["M","?","M","M","?","E","R","E","T","M","R","$","R","?","R","BOSS","M","M","M","?","?","E","R","E","T","R","M","R","$","M","R","BOSS","M","?","M","$","?","R","?","$","T","M","M","R","M","?","R","BOSS","R","$","E","BOSS"],"items_purchased_type":["Relic","Relic","Relic","Relic","Card","Relic","Potion","Card","Relic","Potion"],"build_version":"2020-12-13","purchased_purges":1,"victory":false,"max_hp_per_floor":[88,88,88,88,93,93,93,93,93,93,93,93,93,86,86,86,86,86,86,86,86,86,86,86,86,86,86,86,86,86,86,86,86,86,86,86,86,86,86,86,86,86,86,86,86,86,86,86,86,86,86,86,86,86,86,86],"card_choices":[{"not_picked":["Iron Wave","Armaments"],"picked":"Power Through","floor":1},{"not_picked":["Clothesline","Thunderclap"],"picked":"Headbutt","floor":3},{"not_picked":["Reckless Charge","Iron Wave"],"picked":"Dark Embrace","floor":4},{"not_picked":["Wild Strike","Pummel"],"picked":"Immolate","floor":6},{"not_picked":["Pummel","Heavy Blade"],"picked":"Carnage","floor":8},{"not_picked":["Twin Strike","Combust"],"picked":"Spot Weakness","floor":10},{"not_picked":["Bludgeon","Impervious"],"picked":"Limit Break","floor":16},{"not_picked":["Armaments","Rupture"],"picked":"Headbutt+1","floor":18},{"not_picked":["Clash","Warcry"],"picked":"True Grit","floor":19},{"not_picked":["Pummel","Flex"],"picked":"Inflame","floor":20},{"not_picked":["Infernal Blade","Fiend Fire"],"picked":"Feel No Pain","floor":23},{"not_picked":["Clash","Twin Strike"],"picked":"Pummel","floor":25},{"not_picked":["Iron Wave","Twin Strike"],"picked":"Inflame","floor":28},{"not_picked":["Hemokinesis","Iron Wave+1"],"picked":"Flex","floor":31},{"not_picked":["Impervious","Berserk"],"picked":"Reaper","floor":33},{"not_picked":["Shrug It Off","Uppercut+1","Wild Strike"],"picked":"SKIP","floor":35},{"not_picked":["Havoc+1","Sword Boomerang+1"],"picked":"Shockwave","floor":37},{"not_picked":["Shockwave+1","Thunderclap+1","Cleave"],"picked":"SKIP","floor":44},{"not_picked":["Thunderclap","Twin Strike+1"],"picked":"Sword Boomerang","floor":45},{"not_picked":["Intimidate","Armaments","Shockwave+1"],"picked":"SKIP","floor":47},{"not_picked":["Whirlwind","Cleave+1"],"picked":"Demon Form","floor":54}],"player_experience":716312,"relics_obtained":[{"floor":6,"key":"Regal Pillow"},{"floor":8,"key":"Orichalcum"},{"floor":9,"key":"Toy Ornithopter"},{"floor":23,"key":"Ancient Tea Set"},{"floor":25,"key":"WingedGreaves"},{"floor":26,"key":"Bottled Flame"},{"floor":41,"key":"Ice Cream"},{"floor":54,"key":"Magic Flower"}],"event_choices":[{"damage_healed":0,"gold_gain":175,"player_choice":"AGREE","damage_taken":0,"max_hp_gain":0,"max_hp_loss":0,"event_name":"Liars Game","floor":2,"gold_loss":0,"cards_obtained":["Doubt"]},{"damage_healed":0,"gold_gain":0,"player_choice":"Donut","damage_taken":0,"max_hp_gain":5,"max_hp_loss":0,"event_name":"Big Fish","floor":5,"gold_loss":0},{"damage_healed":0,"gold_gain":0,"player_choice":"Lose Max HP","damage_taken":0,"relics_obtained":["Golden Idol"],"max_hp_gain":0,"max_hp_loss":7,"event_name":"Golden Idol","floor":14,"gold_loss":0},{"damage_healed":0,"gold_gain":0,"player_choice":"Read","damage_taken":0,"max_hp_gain":0,"max_hp_loss":0,"event_name":"The Library","floor":21,"gold_loss":0,"cards_obtained":["Limit Break"]},{"damage_healed":0,"gold_gain":0,"player_choice":"Simplicity","damage_taken":0,"max_hp_gain":0,"max_hp_loss":0,"event_name":"Back to Basics","floor":22,"gold_loss":0,"cards_upgraded":["Strike_R","Strike_R","Strike_R","Strike_R","Strike_R","Defend_R","Defend_R","Defend_R","Defend_R"]},{"damage_healed":0,"gold_gain":333,"player_choice":"Gave Idol","damage_taken":0,"max_hp_gain":0,"max_hp_loss":0,"event_name":"The Moai Head","floor":36,"relics_lost":["Golden Idol"],"gold_loss":0},{"damage_healed":0,"gold_gain":0,"player_choice":"Ignored","damage_taken":0,"max_hp_gain":0,"max_hp_loss":0,"event_name":"Tomb of Lord Red Mask","floor":39,"gold_loss":0},{"damage_healed":0,"gold_gain":0,"player_choice":"Fight","damage_taken":0,"max_hp_gain":0,"max_hp_loss":0,"event_name":"Mysterious Sphere","floor":41,"gold_loss":0},{"damage_healed":0,"gold_gain":0,"cards_transformed":["Strike_R"],"player_choice":"Transformed","damage_taken":0,"max_hp_gain":0,"max_hp_loss":0,"event_name":"Transmorgrifier","floor":48,"gold_loss":0,"cards_obtained":["Seeing Red"]}],"is_beta":false,"boss_relics":[{"not_picked":["Calling Bell","Busted Crown"],"picked":"SlaversCollar"},{"not_picked":["Snecko Eye","Black Blood"],"picked":"Fusion Hammer"}],"items_purged_floors":[38],"is_endless":false,"potions_floor_spawned":[1,6,16,18,20,23,33,35],"killed_by":"The Heart","ascension_level":7}}