{"host":"egyxg9lnjq7g2hmw","time":1608337789,"event":{"mods":["AchievementEnabler","BaseMod","Block Reminder","Colored Map","Colored Powertips","Highlight Path","Minty Spire (QoL Compilation)","Rare Cards Sparkle","StSLib"],"gold_per_floor":[109,109,128,128,144,172,197,210,210,223,223,257,8,22,22,96,96,113,91,141,141,168,168,197,197,197],"floor_reached":25,"playtime":1188,"items_purged":["Strike_G"],"score":516,"play_id":"566e1655-5784-4863-9c8e-63ce1ffb4e9d","local_time":"20201218162949","is_ascension_mode":true,"campfire_choices":[{"data":"Flying Knee","floor":11.0,"key":"SMITH"},{"data":"Caltrops","floor":15.0,"key":"SMITH"},{"data":"Glass Knife","floor":23.0,"key":"SMITH"}],"circlet_count":0,"master_deck":["AscendersBane","Strike_G","Strike_G","Strike_G","Strike_G","Defend_G","Defend_G","Defend_G","Defend_G","Defend_G","Survivor","Neutralize+1","Dagger Spray","Sucker Punch+1","Deflect","Flying Knee+1","Heel Hook","Caltrops+1","Backflip","Glass Knife+1","Caltrops","PiercingWail"],"relics":["Ring of the Snake","Pocketwatch","Ancient Tea Set","Anchor","Question Card","MealTicket","Membership Card","SlaversCollar","PreservedInsect","Shuriken"],"acts_visited":["Exordium","TheCity"],"potions_floor_usage":[25],"damage_taken":[{"damage":2.0,"enemies":"2 Louse","floor":1.0,"turns":3.0},{"damage":1.0,"enemies":"Small Slimes","floor":3.0,"turns":3.0},{"damage":0.0,"enemies":"Cultist","floor":5.0,"turns":3.0},{"damage":0.0,"enemies":"3 Sentries","floor":6.0,"turns":7.0},{"damage":8.0,"enemies":"Exordium Thugs","floor":8.0,"turns":6.0},{"damage":0.0,"enemies":"Red Slaver","floor":10.0,"turns":3.0},{"damage":21.0,"enemies":"Lagavulin","floor":12.0,"turns":8.0},{"damage":2.0,"enemies":"Gremlin Gang","floor":14.0,"turns":4.0},{"damage":18.0,"enemies":"Hexaghost","floor":16.0,"turns":11.0},{"damage":4.0,"enemies":"3 Byrds","floor":18.0,"turns":4.0},{"damage":14.0,"enemies":"2 Thieves","floor":19.0,"turns":4.0},{"damage":0.0,"enemies":"Cultist and Chosen","floor":21.0,"turns":2.0},{"damage":26.0,"enemies":"Gremlin Leader","floor":24.0,"turns":6.0},{"damage":9,"enemies":"Snake Plant","floor":25,"turns":5}],"seed_played":"3651057327966393669","potions_obtained":[{"floor":1.0,"key":"DistilledChaos"},{"floor":5.0,"key":"Block Potion"},{"floor":10.0,"key":"GamblersBrew"},{"floor":12.0,"key":"ColorlessPotion"},{"floor":18.0,"key":"SmokeBomb"}],"is_trial":false,"path_per_floor":["M","?","M","?","M","E","T","M","T","M","R","E","$","M","R","B",null,"M","M","?","M","T","R","E","M"],"character_chosen":"THE_SILENT","items_purchased":["Membership Card","Caltrops"],"campfire_rested":0,"item_purchase_floors":[13,13],"current_hp_per_floor":[42,42,41,41,41,41,41,33,33,33,33,12,27,25,25,7,51,47,33,33,33,33,33,7,0,0],"gold":197,"neow_bonus":"ONE_RARE_RELIC","is_daily":false,"chose_seed":false,"campfire_upgraded":3,"win_rate":0.0,"timestamp":1608337789,"path_taken":["M","?","M","?","?","E","?","?","T","M","R","E","$","M","R","BOSS","M","?","?","?","?","R","E","M"],"items_purchased_type":["Relic","Card"],"build_version":"2020-12-13","purchased_purges":1,"victory":false,"max_hp_per_floor":[66,66,66,66,66,66,66,66,66,66,66,66,66,66,66,66,66,66,66,66,66,66,66,66,66,66],"card_choices":[{"not_picked":["Reflex","Dodge and Roll"],"picked":"Dagger Spray","floor":1.0},{"not_picked":["Prepared","PiercingWail"],"picked":"Sucker Punch","floor":3.0},{"not_picked":["Well Laid Plans","Slice"],"picked":"Deflect","floor":5.0},{"not_picked":["Calculated Gamble","PiercingWail","Cloak And Dagger"],"picked":"SKIP","floor":6.0},{"not_picked":["Poisoned Stab","Dodge and Roll"],"picked":"Flying Knee","floor":8.0},{"not_picked":["Eviscerate","Quick Slash","Reflex","Deflect"],"picked":"SKIP","floor":10.0},{"not_picked":["Infinite Blades","Dagger Spray","Die Die Die"],"picked":"Heel Hook","floor":12.0},{"not_picked":["Bane","Prepared","Expertise"],"picked":"Backflip","floor":14.0},{"not_picked":["Envenom","Tools of the Trade","Night Terror"],"picked":"Glass Knife","floor":16.0},{"not_picked":["Quick Slash","Poisoned Stab","Deadly Poison"],"picked":"Caltrops","floor":18.0},{"not_picked":["Heel Hook","Tactician","Finisher","Dagger Throw"],"picked":"SKIP","floor":19.0},{"not_picked":["Bane","Outmaneuver+1","Tactician"],"picked":"PiercingWail","floor":24.0}],"player_experience":520116,"relics_obtained":[{"floor":6.0,"key":"Ancient Tea Set"},{"floor":7.0,"key":"Anchor"},{"floor":9.0,"key":"Question Card"},{"floor":12.0,"key":"MealTicket"},{"floor":22.0,"key":"PreservedInsect"},{"floor":24.0,"key":"Shuriken"}],"event_choices":[{"damage_healed":0.0,"max_hp_gain":0.0,"max_hp_loss":0.0,"gold_gain":0.0,"event_name":"Living Wall","player_choice":"Grow","floor":2.0,"gold_loss":0.0,"damage_taken":0.0,"cards_upgraded":["Neutralize"]},{"damage_healed":0.0,"max_hp_gain":0.0,"max_hp_loss":0.0,"gold_gain":0.0,"event_name":"Upgrade Shrine","player_choice":"Upgraded","floor":4.0,"gold_loss":0.0,"damage_taken":0.0,"cards_upgraded":["Sucker Punch"]},{"damage_healed":0.0,"max_hp_gain":0.0,"max_hp_loss":0.0,"gold_gain":50.0,"event_name":"Golden Shrine","player_choice":"Pray","floor":20.0,"gold_loss":0.0,"damage_taken":0.0}],"is_beta":false,"boss_relics":[{"not_picked":["Empty Cage","Cursed Key"],"picked":"SlaversCollar"}],"items_purged_floors":[13],"is_endless":false,"potions_floor_spawned":[1,5,10,12,14,18,21],"killed_by":"Snake Plant","ascension_level":20}}