{"host":"a5lz0e76zb3fcwkm","time":1608382403,"event":{"mods":["AchievementEnabler","BaseMod","Colored Map","Colored Powertips","Minty Spire (QoL Compilation)","StSLib","SuperFastMode"],"gold_per_floor":[118,193,193,210,2,34,34,91,171,171,171,171,197,207,207,278,278,295,311,2,2,19,19,69,87,87,12,12,12],"floor_reached":28,"playtime":541,"items_purged":["Strike_R","Strike_R"],"score":478,"play_id":"bf0dd50a-f563-488b-8441-fff1bedbcadf","local_time":"20201219215323","is_ascension_mode":true,"campfire_choices":[{"data":"Fire Breathing","floor":7.0,"key":"SMITH"},{"data":"Entrench","floor":11.0,"key":"SMITH"},{"data":"Wild Strike","floor":15.0,"key":"SMITH"},{"data":"Apotheosis","floor":23.0,"key":"SMITH"}],"circlet_count":0,"master_deck":["AscendersBane","Strike_R","Defend_R","Defend_R","Defend_R+1","Defend_R","Bash","Shrug It Off","Second Wind","Power Through","Fire Breathing+1","Impervious+1","Entrench+1","Wild Strike+1","Apotheosis+1","Impervious","Rupture"],"relics":["Burning Blood","NeowsBlessing","Dream Catcher","Juzu Bracelet","Question Card","Ancient Tea Set","War Paint","Busted Crown","Gremlin Horn"],"acts_visited":["Exordium","TheCity"],"potions_floor_usage":[28,28],"damage_taken":[{"damage":0.0,"enemies":"Small Slimes","floor":1.0,"turns":1.0},{"damage":0.0,"enemies":"2 Louse","floor":4.0,"turns":2.0},{"damage":0.0,"enemies":"3 Sentries","floor":6.0,"turns":2.0},{"damage":57.0,"enemies":"Gremlin Nob","floor":8.0,"turns":7.0},{"damage":1.0,"enemies":"Cultist","floor":14.0,"turns":5.0},{"damage":14.0,"enemies":"The Guardian","floor":16.0,"turns":12.0},{"damage":21.0,"enemies":"Shell Parasite","floor":18.0,"turns":8.0},{"damage":18.0,"enemies":"Chosen","floor":19.0,"turns":5.0},{"damage":0.0,"enemies":"Snake Plant","floor":22.0,"turns":6.0},{"damage":0.0,"enemies":"Centurion and Healer","floor":25.0,"turns":8.0},{"damage":77,"enemies":"Gremlin Leader","floor":28,"turns":8}],"seed_played":"520315769280016775","potions_obtained":[{"floor":4.0,"key":"Fruit Juice"},{"floor":6.0,"key":"LiquidBronze"},{"floor":14.0,"key":"Fruit Juice"},{"floor":18.0,"key":"Energy Potion"},{"floor":25.0,"key":"GamblersBrew"}],"is_trial":false,"path_per_floor":["M","?","?","M","$","E","R","?","T","?","R","?","T","M","R","B",null,"M","M","$","?","M","R","?","M","T","?","E"],"character_chosen":"IRONCLAD","items_purchased":["Power Through","Fire Breathing","Apotheosis"],"campfire_rested":0,"item_purchase_floors":[5,5,20],"current_hp_per_floor":[74,63,68,74,74,80,80,29,29,29,29,18,18,28,28,20,69,59,47,47,47,53,53,53,59,59,59,0,0],"gold":12,"neow_bonus":"THREE_ENEMY_KILL","is_daily":false,"chose_seed":false,"campfire_upgraded":4,"win_rate":0.0,"timestamp":1608382403,"path_taken":["M","?","?","M","$","E","R","?","T","?","R","?","?","M","R","BOSS","M","M","$","?","M","R","?","M","T","?","E"],"items_purchased_type":["Card","Card","Card"],"build_version":"2020-12-13","purchased_purges":2,"victory":false,"max_hp_per_floor":[75,75,80,80,80,80,80,80,80,80,80,80,80,85,85,85,85,90,90,90,90,90,90,90,90,90,90,90,90],"card_choices":[{"not_picked":["Clothesline","Flex"],"picked":"Shrug It Off","floor":1.0},{"not_picked":["Flex","Warcry"],"picked":"Second Wind","floor":4.0},{"not_picked":["Reckless Charge","Armaments"],"picked":"Impervious","floor":6.0},{"not_picked":["Searing Blow","Iron Wave"],"picked":"Entrench","floor":8.0},{"not_picked":["Pommel Strike","Clothesline","Metallicize"],"picked":"Wild Strike","floor":14.0},{"not_picked":["Feel No Pain","Shrug It Off"],"picked":"SKIP","floor":18.0},{"not_picked":["Rupture","Sentinel"],"picked":"SKIP","floor":19.0},{"not_picked":["Wild Strike","Dark Embrace"],"picked":"SKIP","floor":22.0},{"not_picked":["Twin Strike+1","Power Through"],"picked":"SKIP","floor":25.0}],"player_experience":1612478,"relics_obtained":[{"floor":6.0,"key":"Dream Catcher"},{"floor":8.0,"key":"Juzu Bracelet"},{"floor":9.0,"key":"Question Card"},{"floor":13.0,"key":"War Paint"},{"floor":26.0,"key":"Gremlin Horn"}],"event_choices":[{"damage_healed":0.0,"max_hp_gain":0.0,"max_hp_loss":0.0,"gold_gain":75.0,"event_name":"World of Goop","player_choice":"Gather Gold","floor":2.0,"gold_loss":0.0,"damage_taken":11.0},{"damage_healed":0.0,"max_hp_gain":5.0,"max_hp_loss":0.0,"gold_gain":0.0,"event_name":"Big Fish","player_choice":"Donut","floor":3.0,"gold_loss":0.0,"damage_taken":0.0},{"damage_healed":0.0,"max_hp_gain":0.0,"max_hp_loss":0.0,"gold_gain":0.0,"event_name":"Dead Adventurer","player_choice":"Searched \u00271\u0027 times","floor":8.0,"gold_loss":0.0,"damage_taken":0.0},{"damage_healed":0.0,"max_hp_gain":0.0,"max_hp_loss":0.0,"gold_gain":0.0,"event_name":"Liars Game","player_choice":"Ignored","floor":10.0,"gold_loss":0.0,"damage_taken":0.0},{"damage_healed":0.0,"max_hp_gain":0.0,"max_hp_loss":0.0,"gold_gain":0.0,"event_name":"Scrap Ooze","player_choice":"Success","floor":12.0,"gold_loss":0.0,"damage_taken":11.0,"relics_obtained":["Ancient Tea Set"]},{"damage_healed":0.0,"max_hp_gain":0.0,"max_hp_loss":0.0,"gold_gain":50.0,"event_name":"Nest","player_choice":"Stole From Cult","floor":24.0,"gold_loss":0.0,"damage_taken":0.0},{"damage_healed":0.0,"max_hp_gain":0.0,"max_hp_loss":0.0,"gold_gain":0.0,"cards_transformed":["Strike_R","Strike_R"],"event_name":"Designer","player_choice":"Transformed Cards","floor":27.0,"gold_loss":75.0,"damage_taken":0.0,"cards_obtained":["Impervious","Rupture"]}],"is_beta":false,"boss_relics":[{"not_picked":["Pandora\u0027s Box","Mark of Pain"],"picked":"Busted Crown"}],"items_purged_floors":[5,20],"is_endless":false,"potions_floor_spawned":[4,6,14,18,19,25],"killed_by":"Gremlin Leader","ascension_level":20}}