{"host":"xcuflocadasoaqda","time":1608405069,"event":{"mods":["BaseMod","Bestiary","Filter the Spire","Minty Spire (QoL Compilation)","Relic Stats"],"gold_per_floor":[141,179,179,179,179,179,228,228,275,346,366,0,0,14,14,107,107,153,78,152,152,205,306,306,341,341,341,15,63,112,181,181,211,211,256,589,663,711,439,533,533,624,624,699,734,734,808,823,823,823,823,823,823,377,410,410],"floor_reached":57,"playtime":3412,"items_purged":["Eruption","Conclude+1"],"score":3354,"play_id":"43e624de-5386-4e45-9623-1edf5e0dec01","local_time":"20201219131109","is_ascension_mode":true,"campfire_choices":[{"data":"Wish","floor":6.0,"key":"SMITH"},{"data":"WheelKick","floor":8.0,"key":"SMITH"},{"data":"Tantrum","floor":15.0,"key":"SMITH"},{"floor":24.0,"key":"REST"},{"data":"1","floor":27.0,"key":"LIFT"},{"data":"2","floor":32.0,"key":"LIFT"},{"data":"3","floor":46.0,"key":"LIFT"},{"floor":49.0,"key":"RECALL"},{"floor":53.0,"key":"REST"}],"circlet_count":0,"master_deck":["AscendersBane","Vigilance+1","Wish+1","DevaForm+1","Omniscience+1","Worship+1","FearNoEvil+1","WheelKick+1","Vault+1","Scrawl+1","Tantrum+1","LessonLearned+1","ClearTheMind+1","Halt+1","Wallop+1","TalkToTheHand+1","Wallop+1","TalkToTheHand+1","Fasting2+1","Study+1","TalkToTheHand+1","SpiritShield+1","Fasting2+1"],"relics":["Pandora\u0027s Box","Bronze Scales","Singing Bowl","TeardropLocket","Cursed Key","Omamori","Smiling Mask","Girya","Membership Card","Mummified Hand","Unceasing Top","Fusion Hammer","Shuriken","Eternal Feather","Akabeko","Mercury Hourglass","Regal Pillow","ClockworkSouvenir","Ornamental Fan","Bottled Lightning","Lantern"],"acts_visited":["Exordium","TheCity","TheBeyond","TheEnding"],"potions_floor_usage":[56],"damage_taken":[{"damage":8.0,"enemies":"2 Louse","floor":1.0,"turns":3.0},{"damage":19.0,"enemies":"Jaw Worm","floor":2.0,"turns":5.0},{"damage":2.0,"enemies":"Cultist","floor":7.0,"turns":4.0},{"damage":0.0,"enemies":"3 Sentries","floor":10.0,"turns":2.0},{"damage":7.0,"enemies":"3 Louse","floor":11.0,"turns":3.0},{"damage":0.0,"enemies":"Red Slaver","floor":14.0,"turns":2.0},{"damage":18.0,"enemies":"Hexaghost","floor":16.0,"turns":4.0},{"damage":6.0,"enemies":"3 Byrds","floor":18.0,"turns":4.0},{"damage":11.0,"enemies":"Spheric Guardian","floor":20.0,"turns":3.0},{"damage":0.0,"enemies":"Snecko","floor":22.0,"turns":3.0},{"damage":0.0,"enemies":"Gremlin Leader","floor":23.0,"turns":7.0},{"damage":30.0,"enemies":"Slavers","floor":25.0,"turns":7.0},{"damage":0.0,"enemies":"Shelled Parasite and Fungi","floor":29.0,"turns":5.0},{"damage":0.0,"enemies":"Snake Plant","floor":30.0,"turns":2.0},{"damage":2.0,"enemies":"Gremlin Leader","floor":31.0,"turns":5.0},{"damage":0.0,"enemies":"Collector","floor":33.0,"turns":7.0},{"damage":0.0,"enemies":"3 Darklings","floor":35.0,"turns":4.0},{"damage":0.0,"enemies":"3 Shapes","floor":37.0,"turns":5.0},{"damage":0.0,"enemies":"Transient","floor":38.0,"turns":7.0},{"damage":28.0,"enemies":"Reptomancer","floor":40.0,"turns":5.0},{"damage":0.0,"enemies":"Nemesis","floor":42.0,"turns":4.0},{"damage":1.0,"enemies":"Jaw Worm Horde","floor":44.0,"turns":3.0},{"damage":0.0,"enemies":"Reptomancer","floor":45.0,"turns":2.0},{"damage":0.0,"enemies":"4 Shapes","floor":47.0,"turns":5.0},{"damage":0.0,"enemies":"Transient","floor":48.0,"turns":6.0},{"damage":0.0,"enemies":"Time Eater","floor":50.0,"turns":8.0},{"damage":0.0,"enemies":"Donu and Deca","floor":51.0,"turns":5.0},{"damage":4,"enemies":"Shield and Spear","floor":55,"turns":4},{"damage":48,"enemies":"The Heart","floor":56,"turns":6}],"seed_played":"1058832259292037664","potions_obtained":[{"floor":2.0,"key":"PowerPotion"},{"floor":7.0,"key":"AttackPotion"},{"floor":14.0,"key":"Energy Potion"},{"floor":22.0,"key":"DuplicationPotion"},{"floor":25.0,"key":"Weak Potion"},{"floor":38.0,"key":"Ambrosia"},{"floor":42.0,"key":"PowerPotion"}],"is_trial":false,"path_per_floor":["M","M","?","?","?","R","M","R","T","E","M","$","?","M","R","B",null,"M","$","M","?","M","E","R","E","T","R","$","M","M","E","R","B",null,"M","?","M","M","$","E","?","E","T","M","E","R","M","M","R","B","B",null,"R","$","E","B",null],"character_chosen":"WATCHER","items_purchased":["TeardropLocket","Tantrum","Membership Card","Mummified Hand","Block Potion","Shuriken","Eternal Feather","ClockworkSouvenir","Ornamental Fan","Bottled Lightning","Fasting2"],"campfire_rested":2,"item_purchase_floors":[12,12,28,28,28,39,39,54,54,54,54],"current_hp_per_floor":[53,34,34,34,34,34,32,32,32,32,27,27,27,29,29,11,52,46,46,35,35,35,37,57,29,29,29,29,31,33,33,33,33,65,67,67,67,69,69,41,41,41,41,40,40,52,54,56,68,68,68,80,84,84,82,34],"gold":410,"neow_bonus":"BOSS_RELIC","is_daily":false,"chose_seed":false,"campfire_upgraded":3,"win_rate":0.0,"timestamp":1608405069,"path_taken":["M","M","?","?","?","R","?","R","T","E","M","$","?","M","R","BOSS","M","$","M","?","M","E","R","E","T","R","$","M","M","E","R","BOSS","M","?","M","M","$","E","?","E","T","?","E","R","M","M","R","BOSS","BOSS","R","$","E","BOSS"],"items_purchased_type":["Relic","Card","Relic","Relic","Potion","Relic","Relic","Relic","Relic","Relic","Card"],"build_version":"2020-12-13","purchased_purges":2,"victory":true,"max_hp_per_floor":[68,68,68,62,62,62,62,62,62,62,64,64,64,66,66,66,66,66,66,66,66,66,68,68,70,70,70,70,72,74,76,76,76,76,78,78,78,80,80,80,80,80,80,80,80,80,82,84,84,84,84,84,84,84,86,86],"relic_stats":{"Regal Pillow":0,"Singing Bowl":24,"counters":[29,130],"Eternal Feather":28,"Cursed Key":2,"Smiling Mask":0,"Mercury Hourglass":[138],"Mummified Hand":[57],"Shuriken":[22],"Ornamental Fan":[20],"Bronze Scales":[321],"Pandora\u0027s Box":["FollowUp","JustLucky","Wish","DevaForm","Prostrate","Omniscience","Worship","FearNoEvil"],"obtain_stats":[{"Girya":26,"Regal Pillow":45,"Lantern":55,"Singing Bowl":10,"Golden Idol":4,"Eternal Feather":39,"Omamori":23,"TeardropLocket":12,"Cursed Key":17,"Smiling Mask":25,"Akabeko":40,"Mercury Hourglass":42,"ClockworkSouvenir":54,"Mummified Hand":28,"Shuriken":39,"Ornamental Fan":54,"Bronze Scales":9,"Pandora\u0027s Box":0,"Fusion Hammer":34,"Membership Card":28,"Bottled Lightning":54,"PureWater":0,"Unceasing Top":31},{"Girya":12,"Regal Pillow":23,"Lantern":28,"Singing Bowl":4,"Golden Idol":2,"Eternal Feather":19,"Omamori":11,"TeardropLocket":5,"Cursed Key":7,"Smiling Mask":12,"Akabeko":20,"Mercury Hourglass":21,"ClockworkSouvenir":27,"Mummified Hand":12,"Shuriken":19,"Ornamental Fan":27,"Bronze Scales":3,"Pandora\u0027s Box":0,"Fusion Hammer":16,"Membership Card":12,"Bottled Lightning":27,"PureWater":0,"Unceasing Top":15},{"Girya":47,"Regal Pillow":96,"Lantern":124,"Singing Bowl":14,"Golden Idol":8,"Eternal Feather":82,"Omamori":40,"TeardropLocket":17,"Cursed Key":23,"Smiling Mask":47,"Akabeko":87,"Mercury Hourglass":91,"ClockworkSouvenir":120,"Mummified Hand":47,"Shuriken":82,"Ornamental Fan":120,"Bronze Scales":12,"Pandora\u0027s Box":0,"Fusion Hammer":66,"Membership Card":47,"Bottled Lightning":120,"PureWater":0,"Unceasing Top":59}],"Unceasing Top":[1]},"card_choices":[{"not_picked":["EmptyFist","FearNoEvil"],"picked":"WheelKick","floor":1.0},{"not_picked":["PathToVictory","Worship"],"picked":"Conclude","floor":2.0},{"not_picked":["ClearTheMind","FlyingSleeves","LikeWater"],"picked":"SKIP","floor":7.0},{"not_picked":["EmptyBody","ForeignInfluence"],"picked":"Scrawl","floor":10.0},{"not_picked":["EmptyBody","Consecrate","BowlingBash"],"picked":"Singing Bowl","floor":11.0},{"not_picked":["CutThroughFate","Halt","Crescendo"],"picked":"Singing Bowl","floor":14.0},{"not_picked":["SpiritShield","Alpha"],"picked":"LessonLearned","floor":16.0},{"not_picked":["CrushJoints","FollowUp+1"],"picked":"ClearTheMind+1","floor":18.0},{"not_picked":["CrushJoints","BowlingBash"],"picked":"Halt+1","floor":20.0},{"not_picked":["PathToVictory","FlurryOfBlows"],"picked":"Wallop+1","floor":22.0},{"not_picked":["DevaForm","Indignation","EmptyFist"],"picked":"Singing Bowl","floor":23.0},{"not_picked":["BowlingBash","CrushJoints","ThirdEye"],"picked":"Singing Bowl","floor":25.0},{"not_picked":["PathToVictory+1","FollowUp","Evaluate"],"picked":"Singing Bowl","floor":29.0},{"not_picked":["FlyingSleeves","JustLucky","Protect"],"picked":"Singing Bowl","floor":30.0},{"not_picked":["WindmillStrike+1","FollowUp","Crescendo"],"picked":"Singing Bowl","floor":31.0},{"not_picked":["ThirdEye+1","Crescendo","Collect"],"picked":"Singing Bowl","floor":35.0},{"not_picked":["WheelKick","Fasting2+1"],"picked":"TalkToTheHand","floor":37.0},{"not_picked":["ClearTheMind","SashWhip","PathToVictory"],"picked":"Singing Bowl","floor":38.0},{"not_picked":["SashWhip","Vengeance"],"picked":"Fasting2","floor":40.0},{"not_picked":["Consecrate","Protect"],"picked":"Study+1","floor":42.0},{"not_picked":["BowlingBash+1","SashWhip"],"picked":"TalkToTheHand+1","floor":44.0},{"not_picked":["Crescendo","FlyingSleeves"],"picked":"SpiritShield","floor":45.0},{"not_picked":["ThirdEye+1","Nirvana","Worship+1"],"picked":"Singing Bowl","floor":47.0},{"not_picked":["WindmillStrike+1","FearNoEvil+1","Consecrate+1"],"picked":"Singing Bowl","floor":48.0},{"not_picked":["ThirdEye","WindmillStrike","CutThroughFate+1"],"picked":"Singing Bowl","floor":55}],"player_experience":1755343,"relics_obtained":[{"floor":9.0,"key":"Bronze Scales"},{"floor":10.0,"key":"Singing Bowl"},{"floor":23.0,"key":"Omamori"},{"floor":25.0,"key":"Smiling Mask"},{"floor":26.0,"key":"Girya"},{"floor":31.0,"key":"Unceasing Top"},{"floor":40.0,"key":"Akabeko"},{"floor":42.0,"key":"Mercury Hourglass"},{"floor":45.0,"key":"Regal Pillow"},{"floor":55,"key":"Lantern"}],"event_choices":[{"damage_healed":0.0,"max_hp_gain":0.0,"max_hp_loss":0.0,"gold_gain":0.0,"event_name":"Liars Game","player_choice":"Ignored","floor":3.0,"gold_loss":0.0,"damage_taken":0.0},{"damage_healed":0.0,"max_hp_gain":0.0,"max_hp_loss":6.0,"gold_gain":0.0,"event_name":"Golden Idol","player_choice":"Lose Max HP","floor":4.0,"gold_loss":0.0,"damage_taken":0.0,"relics_obtained":["Golden Idol"]},{"damage_healed":0.0,"max_hp_gain":0.0,"max_hp_loss":0.0,"gold_gain":0.0,"cards_transformed":["JustLucky"],"event_name":"Transmorgrifier","player_choice":"Transformed","floor":5.0,"gold_loss":0.0,"damage_taken":0.0,"cards_obtained":["Vault"]},{"damage_healed":0.0,"max_hp_gain":0.0,"max_hp_loss":0.0,"gold_gain":0.0,"event_name":"Accursed Blacksmith","player_choice":"Forge","floor":13.0,"gold_loss":0.0,"damage_taken":0.0,"cards_upgraded":["Worship"]},{"damage_healed":0.0,"max_hp_gain":0.0,"max_hp_loss":0.0,"gold_gain":0.0,"cards_transformed":["FollowUp","Prostrate"],"event_name":"Drug Dealer","player_choice":"Became Test Subject","floor":21.0,"gold_loss":0.0,"damage_taken":0.0,"cards_obtained":["Wallop","TalkToTheHand"]},{"damage_healed":0.0,"max_hp_gain":0.0,"max_hp_loss":0.0,"gold_gain":333.0,"event_name":"The Moai Head","player_choice":"Gave Idol","floor":36.0,"relics_lost":["Golden Idol"],"gold_loss":0.0,"damage_taken":0.0},{"damage_healed":0.0,"max_hp_gain":0.0,"max_hp_loss":0.0,"gold_gain":0.0,"event_name":"Upgrade Shrine","player_choice":"Upgraded","floor":41.0,"gold_loss":0.0,"damage_taken":0.0,"cards_upgraded":["Fasting2"]}],"is_beta":false,"boss_relics":[{"not_picked":["Empty Cage","Coffee Dripper"],"picked":"Cursed Key"},{"not_picked":["Velvet Choker","Calling Bell"],"picked":"Fusion Hammer"}],"items_purged_floors":[19,54],"is_endless":false,"potions_floor_spawned":[2,7,14,18,20,22,25,33,35,38,42,48],"ascension_level":20}}