{"host":"xodzlm10r37577ou","time":1608349009,"event":{"mods":["Act Like it!","BaseMod","Gensokyo","Koishi","KomeijiMod","Marisa£®ÏF”Í°°ƒß¿Ì…≥£©","Minty Spire (QoL Compilation)","Reimu£®≤©¿ˆ¡È√Œ£©","Remilia£®¿Ÿ√◊¿Ú—«£©","Replay The Spire","StSLib","The Administrix","The Servant 0.9.4","Youmu£®ªÍ∆«—˝√Œ£©"],"gold_per_floor":[110,162,176,176,189,220,220,220,244,244,244],"floor_reached":10,"playtime":409,"items_purged":[],"score":76,"play_id":"50bc3cf5-7c0c-4f70-8652-20c762291ff4","local_time":"20201219113649","is_ascension_mode":true,"campfire_choices":[{"data":"Koishi:TraumaticStroke","floor":7,"key":"SMITH"}],"circlet_count":0,"master_deck":["Koishi:BasicStrike","Koishi:BasicStrike","Koishi:BasicStrike","Koishi:BasicStrike","Koishi:BasicDefend","Koishi:BasicDefend","Koishi:BasicDefend","Koishi:BasicDefend","Koishi:Provoke","Koishi:HauntingSlash","Koishi:UnansweredLove","Koishi:CatchAndRose","Koishi:EmbryosDream","Koishi:FadingMemory","Koishi:TraumaticStroke+1","Koishi:GeneticsOfTheUnconscious"],"relics":["Koishi:ImaginaryFriend","Nunchaku","ScarletDevilRocket","Durian","Replay:Accelerometer","Regal Pillow"],"acts_visited":["Exordium"],"potions_floor_usage":[6],"damage_taken":[{"damage":0.0,"enemies":"Small Slimes","floor":1.0,"turns":4.0},{"damage":7.0,"enemies":"Jaw Worm","floor":3.0,"turns":3.0},{"damage":2,"enemies":"Cultist","floor":5,"turns":4},{"damage":9,"enemies":"Gremlin Nob","floor":6,"turns":4},{"damage":27,"enemies":"3 Sentries","floor":10,"turns":8}],"seed_played":"7371777210194011814","potions_obtained":[{"floor":1.0,"key":"GrandPatriotsElixir:ReiMu"},{"floor":2.0,"key":"SmokeBomb"},{"floor":2.0,"key":"JyouchiReiPotion"},{"floor":3.0,"key":"Energy Potion"},{"floor":6,"key":"SneckoOil"}],"is_trial":false,"path_per_floor":["M","?","M","?","M","E","R","T","T","E"],"character_chosen":"KOISHI","items_purchased":[],"campfire_rested":0,"item_purchase_floors":[],"current_hp_per_floor":[60,45,39,39,38,35,35,35,35,8,8],"gold":244,"neow_bonus":"RANDOM_COMMON_RELIC","is_daily":false,"chose_seed":false,"campfire_upgraded":1,"win_rate":0.0,"timestamp":1608349009,"path_taken":["M","?","M","?","?","E","R","?","T","E"],"items_purchased_type":[],"build_version":"2020-12-13","purchased_purges":0,"victory":false,"max_hp_per_floor":[60,60,60,60,60,65,65,65,65,65,65],"card_choices":[{"not_picked":["Koishi:Bloodlust","Koishi:ApparitionsStalkTheNight"],"picked":"Koishi:UnansweredLove","floor":1.0},{"not_picked":["Koishi:UnconsciousUrges","Koishi:SubterraneanRose"],"picked":"Koishi:CatchAndRose","floor":2.0},{"not_picked":["Koishi:UnconsciousUprising","Koishi:UnconsciousUrges"],"picked":"Koishi:EmbryosDream","floor":3.0},{"not_picked":["Koishi:DreadfulBlow","Koishi:VengefulSpirit","Koishi:JumpScare"],"picked":"SKIP","floor":5},{"not_picked":["Koishi:BloodcurdlingScream","Koishi:Prune"],"picked":"Koishi:GeneticsOfTheUnconscious","floor":6}],"player_experience":903404,"relics_obtained":[{"floor":2.0,"key":"ScarletDevilRocket"},{"floor":6,"key":"Durian"},{"floor":8,"key":"Replay:Accelerometer"},{"floor":9,"key":"Regal Pillow"}],"event_choices":[{"damage_healed":0,"gold_gain":0,"player_choice":"2 cards matched","damage_taken":0,"max_hp_gain":0,"max_hp_loss":0,"event_name":"Match and Keep!","floor":4,"gold_loss":0,"cards_obtained":["Koishi:FadingMemory","Koishi:TraumaticStroke"]}],"is_beta":false,"boss_relics":[],"items_purged_floors":[],"is_endless":false,"potions_floor_spawned":[1,3,6],"killed_by":"3 Sentries","ascension_level":3}}