{"host":"pbf6u3tyx46snqc7","time":1608401814,"event":{"mods":["AchievementEnabler","BaseMod","Colored Map","Marisa£¨Ùöéë¡¡Øª×âÞÞ£©","Minty Spire (QoL Compilation)","Rare Cards Sparkle","Shop Mod","SuperFastMode"],"gold_per_floor":[117,128,128,278,278,313,331,345,369,369,11,29,29,44,44,44,44],"floor_reached":16,"playtime":537,"items_purged":["Doubt"],"score":184,"play_id":"82be0806-35d4-4cb2-889e-863e8e563ea2","local_time":"20201220031654","is_ascension_mode":true,"campfire_choices":[{"floor":15,"key":"REST"}],"circlet_count":0,"master_deck":["AscendersBane","Strike_B","Strike_B","Strike_B","Defend_B","Defend_B","Defend_B","Defend_B","Zap","Dualcast","Chrysalis","Chill","Sweeping Beam","Conserve Battery","Rainbow","Fusion","Defragment"],"relics":["Cracked Core","PreservedInsect","Oddly Smooth Stone","Strawberry","Bottled Lightning"],"acts_visited":["Exordium"],"potions_floor_usage":[14],"damage_taken":[{"damage":1.0,"enemies":"Cultist","floor":1.0,"turns":3.0},{"damage":12.0,"enemies":"Small Slimes","floor":2.0,"turns":4.0},{"damage":19.0,"enemies":"Gremlin Nob","floor":6.0,"turns":4.0},{"damage":7.0,"enemies":"Jaw Worm","floor":7.0,"turns":7.0},{"damage":10.0,"enemies":"Exordium Wildlife","floor":8.0,"turns":6.0},{"damage":0.0,"enemies":"Blue Slaver","floor":12.0,"turns":4.0},{"damage":0,"enemies":"3 Louse","floor":14,"turns":4},{"damage":25,"enemies":"Hexaghost","floor":16,"turns":11}],"seed_played":"2025207366468313597","potions_obtained":[{"floor":2.0,"key":"ColorlessPotion"},{"floor":6.0,"key":"Swift Potion"},{"floor":12.0,"key":"SpeedPotion"}],"is_trial":false,"path_per_floor":["M","M","?","?","?","E","M","M","T","?","$","M","?","M","R","B"],"character_chosen":"DEFECT","items_purchased":["Bottled Lightning"],"campfire_rested":1,"item_purchase_floors":[11],"current_hp_per_floor":[63,51,56,56,38,19,12,2,9,2,2,2,2,2,24,0,0],"gold":44,"neow_bonus":"RANDOM_COLORLESS_2","is_daily":false,"chose_seed":false,"campfire_upgraded":0,"win_rate":0.0,"timestamp":1608401814,"path_taken":["M","M","?","?","?","E","M","M","T","?","$","M","?","M","R","BOSS"],"items_purchased_type":["Relic"],"build_version":"2020-12-13","purchased_purges":1,"victory":false,"max_hp_per_floor":[64,64,69,69,69,69,69,69,76,76,76,76,76,76,76,76,76],"card_choices":[{"not_picked":["Thinking Ahead","Secret Technique"],"picked":"Chrysalis","floor":0.0},{"not_picked":["Scrape","Conserve Battery"],"picked":"Chill","floor":1.0},{"not_picked":["Leap","Force Field"],"picked":"Sweeping Beam","floor":2.0},{"not_picked":["Barrage","Streamline"],"picked":"Conserve Battery","floor":6.0},{"not_picked":["Reprogram","Sweeping Beam","Sunder"],"picked":"SKIP","floor":7.0},{"not_picked":["Steam Power","Go for the Eyes"],"picked":"Rainbow","floor":8.0},{"not_picked":["Stack","Steam"],"picked":"Fusion","floor":12.0},{"not_picked":["Recycle","Sweeping Beam"],"picked":"Defragment","floor":14}],"player_experience":289681,"relics_obtained":[{"floor":6.0,"key":"Oddly Smooth Stone"},{"floor":9.0,"key":"Strawberry"}],"event_choices":[{"damage_healed":0.0,"max_hp_gain":5.0,"max_hp_loss":0.0,"gold_gain":0.0,"event_name":"Big Fish","player_choice":"Donut","floor":3.0,"gold_loss":0.0,"damage_taken":0.0},{"damage_healed":0.0,"max_hp_gain":0.0,"max_hp_loss":0.0,"gold_gain":150.0,"event_name":"Liars Game","player_choice":"AGREE","floor":4.0,"gold_loss":0.0,"damage_taken":0.0,"cards_obtained":["Doubt"]},{"damage_healed":0.0,"max_hp_gain":0.0,"max_hp_loss":0.0,"gold_gain":0.0,"event_name":"Scrap Ooze","player_choice":"Success","floor":5.0,"gold_loss":0.0,"damage_taken":18.0,"relics_obtained":["PreservedInsect"]},{"cards_removed":["Strike_B"],"damage_healed":0.0,"max_hp_gain":0.0,"max_hp_loss":0.0,"gold_gain":0.0,"event_name":"Golden Wing","player_choice":"Card Removal","floor":10.0,"gold_loss":0.0,"damage_taken":7.0},{"damage_healed":0.0,"max_hp_gain":0.0,"max_hp_loss":0.0,"gold_gain":0.0,"event_name":"Shining Light","player_choice":"Ignored","floor":13.0,"gold_loss":0.0,"damage_taken":0.0}],"is_beta":false,"boss_relics":[],"items_purged_floors":[11],"is_endless":false,"potions_floor_spawned":[2,6,12],"killed_by":"Hexaghost","ascension_level":16}}