{"host":"hbwa3kjetxrogfq8","time":1608407658,"event":{"mods":["AchievementEnabler","BaseMod","Block Reminder","Colored Map","Colored Powertips","Highlight Path","Minty Spire (QoL Compilation)","Rare Cards Sparkle","Relic Stats","StSLib"],"gold_per_floor":[119,135,152,164,36,36,36,51,126,82,94,110,135,85,85,184,184,198,4,14,33,33,33,33,33,33,52,52,52],"floor_reached":28,"playtime":1500,"items_purged":[],"score":300,"play_id":"510c73c1-251e-4f89-8571-1d1c8b176a5e","local_time":"20201219205418","is_ascension_mode":true,"campfire_choices":[{"data":"Deadly Poison","floor":6.0,"key":"SMITH"},{"floor":15.0,"key":"REST"},{"floor":23,"key":"REST"},{"data":"Bouncing Flask","floor":25,"key":"SMITH"}],"circlet_count":0,"master_deck":["Strike_G","Strike_G","Strike_G","Strike_G","Defend_G","Defend_G","Defend_G","Defend_G","Defend_G","Survivor","Neutralize","Bane","Bouncing Flask+1","Bane","PiercingWail","Deadly Poison+1","Footwork","Backflip","Poisoned Stab+1","Escape Plan","Backflip","Burst","CurseOfTheBell","Leg Sweep+1","Footwork","Dodge and Roll"],"relics":["Ring of the Snake","Molten Egg 2","Dead Branch","Calling Bell","Strawberry","HornCleat","Torii","TwistedFunnel","Unceasing Top"],"acts_visited":["Exordium","TheCity"],"potions_floor_usage":[27],"damage_taken":[{"damage":0.0,"enemies":"Jaw Worm","floor":1.0,"turns":5.0},{"damage":0.0,"enemies":"Cultist","floor":2.0,"turns":3.0},{"damage":0.0,"enemies":"Small Slimes","floor":3.0,"turns":3.0},{"damage":1.0,"enemies":"Looter","floor":4.0,"turns":5.0},{"damage":0.0,"enemies":"Large Slime","floor":8.0,"turns":6.0},{"damage":28.0,"enemies":"Lots of Slimes","floor":11.0,"turns":6.0},{"damage":1.0,"enemies":"Blue Slaver","floor":12.0,"turns":3.0},{"damage":20.0,"enemies":"Lagavulin","floor":13.0,"turns":4.0},{"damage":14.0,"enemies":"Slime Boss","floor":16.0,"turns":9.0},{"damage":1.0,"enemies":"Shell Parasite","floor":18.0,"turns":8.0},{"damage":10,"enemies":"3 Byrds","floor":20,"turns":6},{"damage":1,"enemies":"Shelled Parasite and Fungi","floor":21,"turns":7},{"damage":17,"enemies":"Sentry and Sphere","floor":27,"turns":5},{"damage":55,"enemies":"3 Cultists","floor":28,"turns":7}],"seed_played":"7992839086172837720","potions_obtained":[{"floor":1.0,"key":"BlessingOfTheForge"},{"floor":12.0,"key":"Explosive Potion"},{"floor":13.0,"key":"AttackPotion"},{"floor":16.0,"key":"Ancient Potion"},{"floor":20,"key":"LiquidMemories"},{"floor":27,"key":"CunningPotion"}],"is_trial":false,"path_per_floor":["M","M","M","M","$","R","?","M","T","?","M","M","E","$","R","B",null,"M","$","M","M","$","R","?","R","T","M","M"],"character_chosen":"THE_SILENT","items_purchased":["Deadly Poison","Footwork","Backflip","TwistedFunnel","Footwork"],"campfire_rested":2,"item_purchase_floors":[5,5,14,19,19],"current_hp_per_floor":[63,63,63,62,62,62,62,62,62,62,34,33,13,13,34,20,65,64,64,54,53,53,76,62,62,62,45,0,0],"gold":52,"neow_bonus":"THREE_CARDS","is_daily":false,"chose_seed":false,"campfire_upgraded":2,"win_rate":0.0,"timestamp":1608407658,"path_taken":["M","M","M","M","$","R","?","?","T","?","M","M","E","$","R","BOSS","M","$","M","M","$","R","?","R","T","M","M"],"items_purchased_type":["Card","Card","Card","Relic","Card"],"build_version":"2020-12-13","purchased_purges":0,"victory":false,"max_hp_per_floor":[70,70,70,70,70,70,70,70,70,70,70,70,70,70,70,70,77,77,77,77,77,77,77,82,82,82,82,82,82],"relic_stats":{"Torii":12,"counters":[14,77],"Dead Branch":[8],"obtain_stats":[{"Calling Bell":17,"TwistedFunnel":19,"HornCleat":17,"Torii":17,"Dead Branch":13,"Strawberry":17,"Molten Egg 2":9,"Unceasing Top":26,"Ring of the Snake":0},{"Calling Bell":9,"TwistedFunnel":10,"HornCleat":9,"Torii":9,"Dead Branch":8,"Strawberry":9,"Molten Egg 2":5,"Unceasing Top":12,"Ring of the Snake":0},{"Calling Bell":44,"TwistedFunnel":52,"HornCleat":44,"Torii":44,"Dead Branch":35,"Strawberry":44,"Molten Egg 2":22,"Unceasing Top":65,"Ring of the Snake":0}],"Unceasing Top":[0],"Ring of the Snake":[28]},"card_choices":[{"not_picked":["Acrobatics","Prepared"],"picked":"Bane","floor":0.0},{"not_picked":["Caltrops","Blade Dance"],"picked":"Bouncing Flask","floor":1.0},{"not_picked":["Outmaneuver","Choke"],"picked":"Bane","floor":2.0},{"not_picked":["Escape Plan","Blur"],"picked":"PiercingWail","floor":3.0},{"not_picked":["Sucker Punch","Terror","Setup"],"picked":"SKIP","floor":4.0},{"not_picked":["All Out Attack","Prepared"],"picked":"Backflip","floor":8.0},{"not_picked":["Infinite Blades","Slice+1"],"picked":"Poisoned Stab+1","floor":11.0},{"not_picked":["Tactician","Flying Knee+1"],"picked":"Escape Plan","floor":12.0},{"not_picked":["Quick Slash+1","Concentrate","Setup"],"picked":"SKIP","floor":13.0},{"not_picked":["Night Terror","Phantasmal Killer"],"picked":"Burst","floor":16.0},{"not_picked":["Skewer+1","Backflip"],"picked":"Leg Sweep+1","floor":18.0},{"not_picked":["Outmaneuver","Predator+1","Setup+1"],"picked":"SKIP","floor":20},{"not_picked":["Flying Knee+1","Infinite Blades+1"],"picked":"Dodge and Roll","floor":21},{"not_picked":["Underhanded Strike+1","Riddle With Holes+1","Distraction"],"picked":"SKIP","floor":27}],"player_experience":598901,"relics_obtained":[{"floor":9.0,"key":"Molten Egg 2"},{"floor":13.0,"key":"Dead Branch"},{"floor":17.0,"key":"Strawberry"},{"floor":17.0,"key":"HornCleat"},{"floor":17.0,"key":"Torii"},{"floor":26,"key":"Unceasing Top"}],"event_choices":[{"cards_removed":["Strike_G"],"damage_healed":0.0,"max_hp_gain":0.0,"max_hp_loss":0.0,"gold_gain":0.0,"event_name":"Bonfire Elementals","player_choice":"Offered Basic","floor":7.0,"gold_loss":0.0,"damage_taken":0.0},{"damage_healed":0.0,"max_hp_gain":0.0,"max_hp_loss":0.0,"gold_gain":0.0,"event_name":"World of Goop","player_choice":"Left Gold","floor":10.0,"gold_loss":44.0,"damage_taken":0.0},{"damage_healed":0,"gold_gain":0,"player_choice":"Shed Blood","damage_taken":19,"max_hp_gain":5,"max_hp_loss":0,"event_name":"Forgotten Altar","floor":24,"gold_loss":0}],"is_beta":false,"boss_relics":[{"not_picked":["Ectoplasm","Ring of the Serpent"],"picked":"Calling Bell"}],"items_purged_floors":[],"is_endless":false,"potions_floor_spawned":[1,12,13,16,20,27],"killed_by":"3 Cultists","ascension_level":7}}