{"host":"9ndbo4kgsfoemf7y","time":1608365249,"event":{"mods":["AchievementEnabler","BaseMod","Colored Map","DeckTracker","Keyboard Shortcuts","Minty Spire (QoL Compilation)","Permanent Neow","Quick Restart","Relic Stats","StSLib","SuperFastMode"],"gold_per_floor":[117,117,2,15,165,165,203,203,228,56,56,79,79,142,142,238,238,254,285,285,301,2,2,40,40,66,106,131,256,256,280,280,378,378,396,415,98,98,111,111,111,149,149,149,149,168,4,18,18,18],"floor_reached":51,"playtime":1912,"items_purged":["Strike_G","Doubt","Strike_G"],"score":1340,"play_id":"9470eadd-9580-4c77-863d-801dd100d522","local_time":"20201219170729","is_ascension_mode":true,"campfire_choices":[{"data":"Neutralize","floor":6.0,"key":"SMITH"},{"floor":8.0,"key":"REST"},{"data":"Riddle With Holes","floor":11.0,"key":"SMITH"},{"data":"Crippling Poison","floor":15.0,"key":"SMITH"},{"floor":23.0,"key":"REST"},{"floor":25.0,"key":"REST"},{"floor":30.0,"key":"REST"},{"floor":32.0,"key":"REST"},{"floor":40,"key":"REST"},{"floor":41,"key":"REST"},{"floor":44,"key":"REST"},{"floor":49,"key":"REST"}],"circlet_count":0,"master_deck":["AscendersBane","Strike_G","Strike_G","Strike_G","Defend_G","Defend_G","Defend_G","Defend_G","Defend_G","Survivor","Neutralize+1","Skewer","Footwork","Riddle With Holes+1","Crippling Poison+1","Skewer+1","Corpse Explosion","Dagger Spray+1","PiercingWail","The Bomb","Leg Sweep","Predator+1","Adrenaline","Bouncing Flask+1"],"relics":["Velvet Choker","Golden Idol","Molten Egg 2","Bronze Scales","MealTicket","Gremlin Horn","Fusion Hammer","Red Mask","Orichalcum","Lantern","Bottled Flame","WingedGreaves","Mercury Hourglass","Busted Crown","Membership Card","Potion Belt","Paper Crane","Dead Branch","TheAbacus","Anchor"],"acts_visited":["Exordium","TheCity","TheBeyond"],"potions_floor_usage":[50,50,50,50],"damage_taken":[{"damage":1.0,"enemies":"2 Louse","floor":1.0,"turns":3.0},{"damage":2.0,"enemies":"Jaw Worm","floor":4.0,"turns":2.0},{"damage":37.0,"enemies":"Gremlin Nob","floor":7.0,"turns":5.0},{"damage":0.0,"enemies":"Small Slimes","floor":12.0,"turns":2.0},{"damage":15.0,"enemies":"Lagavulin Event","floor":14.0,"turns":8.0},{"damage":24.0,"enemies":"Hexaghost","floor":16.0,"turns":10.0},{"damage":0.0,"enemies":"3 Byrds","floor":18.0,"turns":2.0},{"damage":20.0,"enemies":"Masked Bandits","floor":19.0,"turns":4.0},{"damage":3.0,"enemies":"2 Thieves","floor":21.0,"turns":3.0},{"damage":45.0,"enemies":"Slavers","floor":24.0,"turns":4.0},{"damage":12.0,"enemies":"Book of Stabbing","floor":27.0,"turns":4.0},{"damage":0.0,"enemies":"3 Cultists","floor":28.0,"turns":4.0},{"damage":6.0,"enemies":"Colosseum Slavers","floor":29.0,"turns":3.0},{"damage":6.0,"enemies":"Colosseum Nobs","floor":29.0,"turns":3.0},{"damage":0.0,"enemies":"Snake Plant","floor":31.0,"turns":3.0},{"damage":38.0,"enemies":"Automaton","floor":33.0,"turns":9.0},{"damage":2,"enemies":"Orb Walker","floor":35,"turns":2},{"damage":8,"enemies":"3 Shapes","floor":36,"turns":2},{"damage":50,"enemies":"Spire Growth","floor":39,"turns":5},{"damage":23,"enemies":"Nemesis","floor":42,"turns":7},{"damage":0,"enemies":"Jaw Worm Horde","floor":46,"turns":2},{"damage":3,"enemies":"3 Darklings","floor":48,"turns":3},{"damage":41,"enemies":"Donu and Deca","floor":50,"turns":5}],"seed_played":"7781381956125126769","potions_obtained":[{"floor":1.0,"key":"Energy Potion"},{"floor":12.0,"key":"Weak Potion"},{"floor":16.0,"key":"Dexterity Potion"},{"floor":24.0,"key":"Explosive Potion"},{"floor":28.0,"key":"Weak Potion"},{"floor":29.0,"key":"LiquidBronze"},{"floor":31.0,"key":"Block Potion"},{"floor":36,"key":"FearPotion"},{"floor":39,"key":"BlessingOfTheForge"},{"floor":45,"key":"Explosive Potion"},{"floor":45,"key":"Strength Potion"}],"is_trial":false,"path_per_floor":["M","?","$","M","?","R","E","R","T","$","R","M","$","?","R","B",null,"M","?","?","M","$","R","E","R","T","E","M","?","R","M","R","B",null,"M","M","$","?","M","R","R","E","T","R","?","M","$","M","R","B",null],"character_chosen":"THE_SILENT","items_purchased":["Footwork","MealTicket","The Bomb","Membership Card","Potion Belt","TheAbacus","Anchor"],"campfire_rested":9,"item_purchase_floors":[3,10,22,37,37,47,47],"current_hp_per_floor":[58,58,58,56,56,56,19,37,37,37,37,37,52,37,37,13,48,48,28,28,25,40,58,13,31,31,19,19,7,25,25,43,5,46,44,36,51,51,1,19,37,14,14,32,32,32,47,44,60,19],"gold":18,"neow_bonus":"BOSS_RELIC","is_daily":false,"chose_seed":false,"campfire_upgraded":3,"win_rate":0.0,"timestamp":1608365249,"path_taken":["M","?","$","M","?","R","E","R","T","?","R","M","$","?","R","BOSS","M","?","?","M","$","R","E","R","T","E","M","?","R","M","R","BOSS","M","M","$","?","M","R","R","E","T","R","?","M","$","M","R","BOSS"],"items_purchased_type":["Card","Relic","Card","Relic","Relic","Relic","Relic"],"build_version":"2020-12-13","purchased_purges":3,"victory":true,"max_hp_per_floor":[66,60,60,60,60,60,60,60,60,60,60,60,60,60,60,60,60,60,60,60,60,60,60,60,60,60,60,60,60,60,60,60,60,60,60,60,60,60,60,60,60,60,60,60,60,60,60,60,60,60],"relic_stats":{"Busted Crown":14,"TheAbacus":[6],"Gremlin Horn":[15,15],"counters":[23,93],"Golden Idol":170,"Bronze Scales":[252],"Dead Branch":[4],"MealTicket":60,"Orichalcum":[102],"obtain_stats":[{"Potion Belt":37,"Lantern":26,"Gremlin Horn":14,"Golden Idol":2,"Dead Branch":43,"Velvet Choker":0,"Orichalcum":24,"Paper Crane":42,"Mercury Hourglass":29,"Bottled Flame":27,"Anchor":47,"Busted Crown":34,"TheAbacus":47,"Bronze Scales":9,"Molten Egg 2":7,"MealTicket":10,"Fusion Hammer":17,"WingedGreaves":29,"Red Mask":19,"Membership Card":37,"Ring of the Snake":0},{"Potion Belt":18,"Lantern":10,"Gremlin Horn":4,"Golden Idol":1,"Dead Branch":20,"Velvet Choker":0,"Orichalcum":10,"Paper Crane":20,"Mercury Hourglass":14,"Bottled Flame":11,"Anchor":21,"Busted Crown":16,"TheAbacus":21,"Bronze Scales":3,"Molten Egg 2":3,"MealTicket":3,"Fusion Hammer":6,"WingedGreaves":14,"Red Mask":8,"Membership Card":18,"Ring of the Snake":0},{"Potion Belt":72,"Lantern":43,"Gremlin Horn":12,"Golden Idol":3,"Dead Branch":83,"Velvet Choker":0,"Orichalcum":43,"Paper Crane":83,"Mercury Hourglass":57,"Bottled Flame":47,"Anchor":85,"Busted Crown":68,"TheAbacus":85,"Bronze Scales":10,"Molten Egg 2":10,"MealTicket":10,"Fusion Hammer":30,"WingedGreaves":57,"Red Mask":36,"Membership Card":72,"Ring of the Snake":0}],"Mercury Hourglass":[138]},"card_choices":[{"not_picked":["Sucker Punch","Infinite Blades"],"picked":"Skewer","floor":1.0},{"not_picked":["Blade Dance","Bane"],"picked":"Riddle With Holes","floor":4.0},{"not_picked":["Distraction","Deflect","Poisoned Stab+1"],"picked":"SKIP","floor":7.0},{"not_picked":["Dodge and Roll","Blade Dance"],"picked":"Crippling Poison","floor":12.0},{"not_picked":["Distraction","Sucker Punch+1"],"picked":"Skewer+1","floor":14.0},{"not_picked":["Die Die Die+1","Venomology"],"picked":"Corpse Explosion","floor":16.0},{"not_picked":["Deadly Poison","Blade Dance"],"picked":"Dagger Spray+1","floor":18.0},{"not_picked":["Outmaneuver","Riddle With Holes+1"],"picked":"PiercingWail","floor":19.0},{"not_picked":["Bane+1","Outmaneuver","Underhanded Strike+1"],"picked":"SKIP","floor":21.0},{"not_picked":["Quick Slash+1","Deflect","Cloak And Dagger"],"picked":"SKIP","floor":24.0},{"not_picked":["Outmaneuver","Well Laid Plans"],"picked":"Leg Sweep","floor":27.0},{"not_picked":["Underhanded Strike+1","Acrobatics"],"picked":"Predator+1","floor":28.0},{"not_picked":["Backflip","Terror"],"picked":"Adrenaline","floor":29.0},{"not_picked":["Cloak And Dagger","Backstab+1","Blade Dance"],"picked":"SKIP","floor":31.0},{"not_picked":["Cloak And Dagger","Backstab+1","Blade Dance"],"picked":"SKIP","floor":31.0},{"not_picked":["PiercingWail"],"picked":"SKIP","floor":35},{"not_picked":["Dash+1"],"picked":"SKIP","floor":36},{"not_picked":["Deadly Poison"],"picked":"SKIP","floor":39},{"not_picked":["Caltrops"],"picked":"SKIP","floor":42},{"not_picked":["Infinite Blades"],"picked":"SKIP","floor":46},{"not_picked":[],"picked":"Bouncing Flask+1","floor":48}],"player_experience":704753,"relics_obtained":[{"floor":7.0,"key":"Molten Egg 2"},{"floor":9.0,"key":"Bronze Scales"},{"floor":19.0,"key":"Red Mask"},{"floor":24.0,"key":"Orichalcum"},{"floor":26.0,"key":"Lantern"},{"floor":27.0,"key":"Bottled Flame"},{"floor":29.0,"key":"WingedGreaves"},{"floor":29.0,"key":"Mercury Hourglass"},{"floor":42,"key":"Paper Crane"},{"floor":43,"key":"Dead Branch"}],"event_choices":[{"damage_healed":0.0,"max_hp_gain":0.0,"max_hp_loss":6.0,"gold_gain":0.0,"event_name":"Golden Idol","player_choice":"Lose Max HP","floor":2.0,"gold_loss":0.0,"damage_taken":0.0,"relics_obtained":["Golden Idol"]},{"damage_healed":0.0,"max_hp_gain":0.0,"max_hp_loss":0.0,"gold_gain":150.0,"event_name":"Liars Game","player_choice":"AGREE","floor":5.0,"gold_loss":0.0,"damage_taken":0.0,"cards_obtained":["Doubt"]},{"damage_healed":0.0,"max_hp_gain":0.0,"max_hp_loss":0.0,"gold_gain":30.0,"event_name":"Dead Adventurer","player_choice":"Searched \u00273\u0027 times","floor":14.0,"gold_loss":0.0,"damage_taken":0.0,"relics_obtained":["Gremlin Horn"]},{"damage_healed":0.0,"max_hp_gain":0.0,"max_hp_loss":0.0,"gold_gain":0.0,"event_name":"Masked Bandits","player_choice":"Fought Bandits","floor":19.0,"gold_loss":0.0,"damage_taken":0.0},{"damage_healed":0.0,"max_hp_gain":0.0,"max_hp_loss":0.0,"gold_gain":0.0,"event_name":"Cursed Tome","player_choice":"Ignored","floor":20.0,"gold_loss":0.0,"damage_taken":0.0},{"damage_healed":0.0,"max_hp_gain":0.0,"max_hp_loss":0.0,"gold_gain":0.0,"event_name":"Colosseum","player_choice":"Fight","floor":29.0,"gold_loss":0.0,"damage_taken":0.0},{"damage_healed":0.0,"max_hp_gain":0.0,"max_hp_loss":0.0,"gold_gain":0.0,"event_name":"Colosseum","player_choice":"Fought Nobs","floor":29.0,"gold_loss":0.0,"damage_taken":0.0},{"damage_healed":0,"gold_gain":0,"player_choice":"Memory 1","damage_taken":0,"max_hp_gain":0,"max_hp_loss":0,"event_name":"SensoryStone","floor":38,"gold_loss":0},{"damage_healed":0,"gold_gain":0,"player_choice":"Got Potions","damage_taken":0,"max_hp_gain":0,"max_hp_loss":0,"event_name":"Lab","floor":45,"gold_loss":0}],"is_beta":false,"boss_relics":[{"not_picked":["Coffee Dripper","Astrolabe"],"picked":"Fusion Hammer"},{"not_picked":["Sozu","WristBlade"],"picked":"Busted Crown"}],"items_purged_floors":[3,22,37],"is_endless":false,"potions_floor_spawned":[1,12,16,24,28,29,31,36,39],"ascension_level":17}}