{"host":"1hv1kueuvc4r3rdp","time":1608364192,"event":{"mods":["AchievementEnabler","BaseMod","DeckTracker","Highlight Path","Minty Spire (QoL Compilation)","Permanent Neow","StSLib"],"gold_per_floor":[117,83,103,203,215,247,259,259,259,276,305,305,338,351,351,456,456,466,483,72,82,82,82,111,11,11,11,26,26,39,66,66,161,161,175,187,205,205,0,20,20,20,20,67,67,18,18,33,33,33],"floor_reached":51,"playtime":3980,"items_purged":["Wraith Form v2","Writhe"],"score":1023,"play_id":"622a5c95-5236-45c5-aeb8-e00460948551","local_time":"20201219014952","is_ascension_mode":true,"campfire_choices":[{"floor":8,"key":"REST"},{"floor":12,"key":"REST"},{"data":"Blade Dance","floor":15,"key":"SMITH"},{"floor":23,"key":"REST"},{"data":"Footwork","floor":29,"key":"SMITH"},{"data":"Bullet Time","floor":32,"key":"SMITH"},{"data":"Well Laid Plans","floor":41,"key":"SMITH"},{"data":"Riddle With Holes","floor":42,"key":"SMITH"},{"floor":45,"key":"REST"},{"data":"Leg Sweep","floor":47,"key":"SMITH"},{"floor":49,"key":"REST"}],"circlet_count":0,"master_deck":["AscendersBane","Survivor","Neutralize+1","Blade Dance+1","Finisher","Backstab+1","Riddle With Holes+1","Bouncing Flask","Setup","Dodge and Roll","Bullet Time+1","Blur","Escape Plan","Deflect","Heel Hook","Infinite Blades","Flechettes","Footwork+1","Malaise","Finisher","Crippling Poison","Cloak And Dagger","Noxious Fumes","Leg Sweep+1","Backflip+1","Corpse Explosion","Well Laid Plans+1","Footwork+1"],"relics":["Ring of the Snake","Potion Belt","Whetstone","Pantograph","Toy Ornithopter","Pandora\u0027s Box","PreservedInsect","HandDrill","Darkstone Periapt","Oddly Smooth Stone","Meat on the Bone","Omamori","Calling Bell","Vajra","Mercury Hourglass","WingedGreaves","Red Mask","Frozen Egg 2","Tough Bandages"],"acts_visited":["Exordium","TheCity","TheBeyond"],"potions_floor_usage":[6,11,13,13,16,19,31,33,33,44,50,50,50,50,50,50,50,50,50],"damage_taken":[{"damage":1,"enemies":"Jaw Worm","floor":1,"turns":6},{"damage":7,"enemies":"2 Louse","floor":3,"turns":4},{"damage":1,"enemies":"Cultist","floor":5,"turns":3},{"damage":38,"enemies":"Lagavulin","floor":6,"turns":9},{"damage":0,"enemies":"3 Louse","floor":7,"turns":3},{"damage":0,"enemies":"2 Fungi Beasts","floor":10,"turns":2},{"damage":17,"enemies":"3 Sentries","floor":11,"turns":8},{"damage":13,"enemies":"Gremlin Nob","floor":13,"turns":3},{"damage":0,"enemies":"Red Slaver","floor":14,"turns":1},{"damage":42,"enemies":"Hexaghost","floor":16,"turns":9},{"damage":0,"enemies":"Chosen","floor":18,"turns":4},{"damage":20,"enemies":"2 Thieves","floor":19,"turns":4},{"damage":13,"enemies":"3 Cultists","floor":21,"turns":6},{"damage":32,"enemies":"Gremlin Leader","floor":24,"turns":5},{"damage":0,"enemies":"Snecko","floor":28,"turns":6},{"damage":16,"enemies":"Centurion and Healer","floor":30,"turns":6},{"damage":10,"enemies":"Slavers","floor":31,"turns":4},{"damage":38,"enemies":"Champ","floor":33,"turns":11},{"damage":0,"enemies":"3 Shapes","floor":35,"turns":3},{"damage":19,"enemies":"3 Darklings","floor":36,"turns":4},{"damage":14,"enemies":"Maw","floor":37,"turns":8},{"damage":15,"enemies":"Jaw Worm Horde","floor":40,"turns":4},{"damage":29,"enemies":"2 Orb Walkers","floor":44,"turns":5},{"damage":21,"enemies":"Sphere and 2 Shapes","floor":48,"turns":6},{"damage":33,"enemies":"Donu and Deca","floor":50,"turns":5}],"seed_played":"-7197268805657907697","potions_obtained":[{"floor":0,"key":"Strength Potion"},{"floor":0,"key":"Weak Potion"},{"floor":0,"key":"SkillPotion"},{"floor":6,"key":"BlessingOfTheForge"},{"floor":7,"key":"LiquidMemories"},{"floor":10,"key":"SkillPotion"},{"floor":13,"key":"AttackPotion"},{"floor":19,"key":"DuplicationPotion"},{"floor":28,"key":"Ancient Potion"},{"floor":30,"key":"Weak Potion"},{"floor":31,"key":"EntropicBrew"},{"floor":33,"key":"CunningPotion"},{"floor":40,"key":"FearPotion"},{"floor":48,"key":"Strength Potion"}],"is_trial":false,"path_per_floor":["M","?","M","?","M","E","M","R","T","M","E","R","E","M","R","B",null,"M","M","$","M","?","R","E","$","T","?","M","R","M","E","R","B",null,"M","M","M","?","?","M","R","R","T","?","R","$","R","M","R","B",null],"character_chosen":"THE_SILENT","items_purchased":["PreservedInsect","HandDrill","Cloak And Dagger","Strength Potion"],"campfire_rested":5,"item_purchase_floors":[20,20,20,46],"current_hp_per_floor":[62,62,55,55,54,16,16,37,37,37,20,41,28,28,28,16,57,57,42,42,29,35,57,25,25,25,76,76,76,60,55,55,43,68,68,49,47,66,66,51,51,51,51,39,61,61,61,40,62,43],"gold":33,"neow_bonus":"THREE_SMALL_POTIONS","is_daily":false,"chose_seed":false,"campfire_upgraded":6,"win_rate":0.0,"timestamp":1608364192,"path_taken":["M","?","M","?","M","E","M","R","T","?","E","R","E","M","R","BOSS","M","M","$","M","?","R","E","$","T","?","M","R","?","E","R","BOSS","M","M","M","?","?","M","R","R","T","?","R","?","R","M","R","BOSS"],"items_purchased_type":["Relic","Relic","Card","Potion"],"build_version":"2020-12-13","purchased_purges":2,"victory":true,"max_hp_per_floor":[70,70,70,70,70,70,70,70,70,70,70,70,70,70,70,70,70,70,70,70,70,76,76,76,76,76,76,76,76,76,76,76,76,76,76,76,76,76,76,76,76,76,76,76,76,76,76,76,76,76],"card_choices":[{"not_picked":["Underhanded Strike","PiercingWail","Bane"],"picked":"SKIP","floor":1},{"not_picked":["Catalyst","Escape Plan"],"picked":"Blade Dance","floor":3},{"not_picked":["Bane","Expertise"],"picked":"Finisher","floor":5},{"not_picked":["Footwork","Acrobatics"],"picked":"Backstab","floor":6},{"not_picked":["Deflect","Underhanded Strike","Choke"],"picked":"SKIP","floor":7},{"not_picked":["Tools of the Trade","Bane"],"picked":"Riddle With Holes","floor":10},{"not_picked":["Outmaneuver","Storm of Steel"],"picked":"Bouncing Flask","floor":11},{"not_picked":["Flying Knee","Slice"],"picked":"Setup","floor":13},{"not_picked":["Quick Slash","Eviscerate"],"picked":"Dodge and Roll","floor":14},{"not_picked":["Night Terror","Burst"],"picked":"Bullet Time","floor":16},{"not_picked":["Terror","Slice+1"],"picked":"Crippling Poison","floor":18},{"not_picked":["Accuracy+1","Expertise+1","Backstab"],"picked":"SKIP","floor":19},{"not_picked":["Distraction+1","Quick Slash"],"picked":"Noxious Fumes","floor":21},{"not_picked":["Endless Agony","Bouncing Flask+1"],"picked":"Leg Sweep","floor":24},{"not_picked":["Bane","Doppelganger","Quick Slash+1"],"picked":"SKIP","floor":28},{"not_picked":["Blade Dance","Quick Slash","Poisoned Stab+1"],"picked":"SKIP","floor":30},{"not_picked":["Infinite Blades","Heel Hook"],"picked":"Backflip+1","floor":31},{"not_picked":["Bullet Time","Night Terror"],"picked":"Corpse Explosion","floor":33},{"not_picked":["Calculated Gamble+1","Dash+1"],"picked":"Well Laid Plans","floor":35},{"not_picked":["Dagger Spray","Backflip+1","Prepared+1"],"picked":"SKIP","floor":36},{"not_picked":["Heel Hook+1","Quick Slash","Prepared"],"picked":"SKIP","floor":37},{"not_picked":["Quick Slash+1","Distraction+1"],"picked":"Footwork+1","floor":40},{"not_picked":["Flying Knee+1","Choke","Calculated Gamble"],"picked":"SKIP","floor":48}],"player_experience":1054410,"relics_obtained":[{"floor":6,"key":"Potion Belt"},{"floor":9,"key":"Whetstone"},{"floor":11,"key":"Pantograph"},{"floor":13,"key":"Toy Ornithopter"},{"floor":24,"key":"Oddly Smooth Stone"},{"floor":26,"key":"Meat on the Bone"},{"floor":31,"key":"Omamori"},{"floor":34,"key":"Vajra"},{"floor":34,"key":"Mercury Hourglass"},{"floor":34,"key":"WingedGreaves"},{"floor":43,"key":"Frozen Egg 2"},{"floor":44,"key":"Tough Bandages"}],"event_choices":[{"damage_healed":0,"gold_gain":0,"player_choice":"Left Gold","damage_taken":0,"max_hp_gain":0,"max_hp_loss":0,"event_name":"World of Goop","floor":2,"gold_loss":34},{"damage_healed":0,"gold_gain":100,"player_choice":"Pray","damage_taken":0,"max_hp_gain":0,"max_hp_loss":0,"event_name":"Golden Shrine","floor":4,"gold_loss":0},{"damage_healed":0,"gold_gain":0,"player_choice":"Opened","damage_taken":0,"relics_obtained":["Darkstone Periapt"],"max_hp_gain":0,"max_hp_loss":0,"event_name":"The Mausoleum","floor":22,"gold_loss":0,"cards_obtained":["Writhe"]},{"damage_healed":51,"gold_gain":0,"player_choice":"Full Heal","damage_taken":0,"max_hp_gain":0,"max_hp_loss":0,"event_name":"Wheel of Change","floor":27,"gold_loss":0},{"damage_healed":19,"gold_gain":0,"player_choice":"Writhe","damage_taken":0,"max_hp_gain":0,"max_hp_loss":0,"event_name":"Winding Halls","floor":38,"gold_loss":0,"cards_obtained":["Writhe"]},{"damage_healed":0,"gold_gain":0,"player_choice":"Paid","damage_taken":0,"relics_obtained":["Red Mask"],"max_hp_gain":0,"max_hp_loss":0,"event_name":"Tomb of Lord Red Mask","floor":39,"gold_loss":205},{"damage_healed":0,"gold_gain":0,"player_choice":"Fight","damage_taken":0,"max_hp_gain":0,"max_hp_loss":0,"event_name":"Mysterious Sphere","floor":44,"gold_loss":0}],"is_beta":false,"boss_relics":[{"not_picked":["Philosopher\u0027s Stone","SacredBark"],"picked":"Pandora\u0027s Box"},{"not_picked":["HoveringKite","Busted Crown"],"picked":"Calling Bell"}],"items_purged_floors":[20,25],"is_endless":false,"potions_floor_spawned":[3,6,7,10,13,19,28,30,31,33,40,48],"ascension_level":10}}