{"host":"4amcrcg6ktw8dbzk","time":1608388441,"event":{"mods":["ATMod(°¢èªMod)","BaseMod","Dota2Spire","Minty Spire (QoL Compilation)","MostiFishMod","Spicy Shops","StSLib","Waifu the Spire"],"gold_per_floor":[412,156,175,185,150,150,150,150,150,178,190,190,219,62,62,139,139,153,163,182,54,54,54,86,104,104,133,133,167,167,183,183,259,259,270,270,283,31,86,86,120,40,40,40,54,54,79,94,94,94,94,94,64,97,97],"floor_reached":56,"playtime":2399,"items_purged":["Defend_B","Strike_B"],"score":2572,"play_id":"5adab2dd-9f96-418e-ac9c-fdb372af1375","local_time":"20201219223401","is_ascension_mode":true,"campfire_choices":[{"data":"AT_ThreeBodyProblem","floor":6.0,"key":"SMITH"},{"data":"Coolheaded","floor":8.0,"key":"SMITH"},{"floor":12.0,"key":"REST"},{"floor":15.0,"key":"REST"},{"floor":23.0,"key":"REST"},{"data":"AT_ThunderBolt","floor":28.0,"key":"SMITH"},{"data":"Coolheaded","floor":30.0,"key":"SMITH"},{"data":"Chaos","floor":32.0,"key":"SMITH"},{"floor":40.0,"key":"RECALL"},{"data":"Double Energy","floor":46,"key":"SMITH"},{"floor":49,"key":"REST"},{"floor":52,"key":"REST"}],"circlet_count":0,"master_deck":["AscendersBane","Strike_B","Defend_B","Defend_B","Defend_B","Zap","Dualcast","AT_ThreeBodyProblem+1","Hologram","Coolheaded+1","MostiFishMod:StarOceanB","Turbo","AT_ThunderBolt+1","Chaos+1","MostiFishMod:GatherIntelligence","Ball Lightning","MostiFishMod:ReadyAimFire","Tempest+1","Coolheaded+1","Meteor Strike","MostiFishMod:SephirahHod+1","Fusion","Double Energy+1","Chaos","MostiFishMod:FluxCapactior","Skim+1","Recycle","Defragment","Echo Form"],"relics":["Cracked Core","DaveBox","AT_ATBox","Old Coin","Question Card","Ginger","Dota2Spire:MagicBottle","Bag of Preparation","Medical Kit","ImportantClient","Dota2Spire:Bloodstone","Dota2Spire:Butterfly","FossilizedHelix","AT_SilvercatRing","MostiFishMod:Hod","Ice Cream","Dota2Spire:Mjollnir","Shuriken","Kunai","Meat on the Bone","AT_BladeRuinedKing"],"acts_visited":["Exordium","TheCity","TheBeyond","TheEnding"],"potions_floor_usage":[55],"damage_taken":[{"damage":21.0,"enemies":"Small Slimes","floor":1.0,"turns":5.0},{"damage":14.0,"enemies":"Jaw Worm","floor":3.0,"turns":4.0},{"damage":0.0,"enemies":"Cultist","floor":4.0,"turns":4.0},{"damage":42.0,"enemies":"3 Sentries","floor":10.0,"turns":11.0},{"damage":10.0,"enemies":"2 Fungi Beasts","floor":11.0,"turns":4.0},{"damage":15.0,"enemies":"Lagavulin","floor":13.0,"turns":7.0},{"damage":37.0,"enemies":"The Guardian","floor":16.0,"turns":10.0},{"damage":10.0,"enemies":"Spheric Guardian","floor":18.0,"turns":4.0},{"damage":17.0,"enemies":"3 Byrds","floor":19.0,"turns":3.0},{"damage":5.0,"enemies":"3 Cultists","floor":20.0,"turns":4.0},{"damage":0.0,"enemies":"Gremlin Leader","floor":24.0,"turns":4.0},{"damage":15.0,"enemies":"Centurion and Healer","floor":25.0,"turns":2.0},{"damage":0.0,"enemies":"Slavers","floor":27.0,"turns":2.0},{"damage":0.0,"enemies":"Book of Stabbing","floor":29.0,"turns":2.0},{"damage":0.0,"enemies":"Sentry and Sphere","floor":31.0,"turns":3.0},{"damage":0.0,"enemies":"Champ","floor":33.0,"turns":5.0},{"damage":0.0,"enemies":"Orb Walker","floor":35.0,"turns":1.0},{"damage":0.0,"enemies":"3 Darklings","floor":37.0,"turns":2.0},{"damage":0.0,"enemies":"2 Orb Walkers","floor":39.0,"turns":1.0},{"damage":0.0,"enemies":"Giant Head","floor":41.0,"turns":1.0},{"damage":0,"enemies":"4 Shapes","floor":45,"turns":1},{"damage":0,"enemies":"Nemesis","floor":47,"turns":1},{"damage":0,"enemies":"Spire Growth","floor":48,"turns":1},{"damage":0,"enemies":"Donu and Deca","floor":50,"turns":1},{"damage":0,"enemies":"Shield and Spear","floor":54,"turns":1},{"damage":4,"enemies":"The Heart","floor":55,"turns":4}],"seed_played":"7257894680627392860","potions_obtained":[{"floor":4.0,"key":"Dota2Spire:HealingSalve"},{"floor":11.0,"key":"Strength Potion"},{"floor":13.0,"key":"Explosive Potion"},{"floor":16.0,"key":"Swift Potion"},{"floor":20.0,"key":"Weak Potion"},{"floor":24.0,"key":"BlessingOfTheForge"},{"floor":25.0,"key":"Swift Potion"}],"is_trial":false,"path_per_floor":["M","$","M","M","?","R","?","R","T","E","M","R","E","$","R","B",null,"M","M","M","$","?","R","E","M","T","E","R","E","R","M","R","B",null,"M","?","M","$","?","R","E","$","T","?","M","R","E","M","R","B",null,"R","$","E","B",null],"character_chosen":"DEFECT","items_purchased":["Coolheaded","MostiFishMod:StarOceanB","Medical Kit","MostiFishMod:ReadyAimFire","Ice Cream","Defragment"],"campfire_rested":5,"item_purchase_floors":[2,2,14,21,38,53],"current_hp_per_floor":[43,43,29,29,46,46,46,46,46,22,21,42,33,33,54,26,60,50,33,28,28,22,43,43,43,43,43,43,43,43,49,49,49,66,66,66,66,66,66,66,66,66,66,66,66,66,66,66,71,71,71,71,71,71,67],"gold":97,"neow_bonus":"REMOVE_CARD","is_daily":false,"chose_seed":false,"campfire_upgraded":6,"win_rate":0.0,"timestamp":1608388441,"path_taken":["M","$","M","M","?","R","?","R","T","E","?","R","E","$","R","BOSS","M","M","M","$","?","R","E","?","T","E","R","E","R","M","R","BOSS","M","?","M","$","?","R","E","$","T","?","M","R","E","M","R","BOSS","R","$","E","BOSS"],"items_purchased_type":["Card","Card","Relic","Card","Relic","Card"],"build_version":"2020-12-13","purchased_purges":2,"victory":true,"max_hp_per_floor":[71,71,71,71,71,71,71,71,71,71,71,71,71,71,71,71,71,71,71,71,71,71,71,71,71,71,71,71,71,71,71,71,71,71,71,71,71,71,71,71,71,71,71,71,71,71,71,71,71,71,71,71,71,71,71],"card_choices":[{"not_picked":["Beam Cell","Cold Snap"],"picked":"Hologram","floor":1.0},{"not_picked":["Leap","Stack","Go for the Eyes","AT_WarpDrive"],"picked":"SKIP","floor":3.0},{"not_picked":["Redo","Cold Snap","Ball Lightning"],"picked":"Turbo","floor":4.0},{"not_picked":["Sweeping Beam","BootSequence","Turbo"],"picked":"AT_ThunderBolt","floor":10.0},{"not_picked":["AT_HeatAcrobatics","Compile Driver","Barrage","Redo"],"picked":"SKIP","floor":11.0},{"not_picked":["Leap","Steam","Compile Driver"],"picked":"Chaos","floor":13.0},{"not_picked":["Echo Form","Electrodynamics","MostiFishMod:FourSeasons"],"picked":"MostiFishMod:GatherIntelligence","floor":16.0},{"not_picked":["Blizzard+1","MostiFishMod:ReprogramOld","Doom and Gloom","Lockon"],"picked":"SKIP","floor":18.0},{"not_picked":["Leap","FTL","Scrape"],"picked":"Ball Lightning","floor":19.0},{"not_picked":["Sweeping Beam","Rip and Tear","Redo","Storm"],"picked":"SKIP","floor":20.0},{"not_picked":["Sweeping Beam+1","Force Field","AT_HeatAcrobatics"],"picked":"Tempest+1","floor":24.0},{"not_picked":["Force Field","AT_ThunderBolt","Steam","Leap"],"picked":"SKIP","floor":25.0},{"not_picked":["Self Repair","Gash","Sunder","Scrape"],"picked":"SKIP","floor":27.0},{"not_picked":["Thunder Strike","Chill","Multi-Cast"],"picked":"Coolheaded","floor":29.0},{"not_picked":["AT_HeatAcrobatics","Blizzard+1","Gash+1","Steam+1"],"picked":"SKIP","floor":31.0},{"not_picked":["Fission","Seek","Reboot"],"picked":"Meteor Strike","floor":33.0},{"not_picked":["Aggregate","Leap","Sweeping Beam"],"picked":"Fusion","floor":35.0},{"not_picked":["Cold Snap+1","Beam Cell","Hologram"],"picked":"Double Energy","floor":37.0},{"not_picked":["Force Field+1","Loop","Gash+1","Conserve Battery"],"picked":"SKIP","floor":41.0},{"not_picked":["AT_WarpDrive","Compile Driver","Gash","MostiFishMod:Distribution"],"picked":"SKIP","floor":45},{"not_picked":["Beam Cell","Hologram","Cold Snap"],"picked":"Skim+1","floor":47},{"not_picked":["Genetic Algorithm+1","Barrage","AT_WarpDrive"],"picked":"Recycle","floor":48},{"not_picked":["Compile Driver","Conserve Battery","Stack"],"picked":"Echo Form","floor":54}],"player_experience":282302,"relics_obtained":[{"floor":1.0,"key":"Question Card"},{"floor":9.0,"key":"Ginger"},{"floor":10.0,"key":"Dota2Spire:MagicBottle"},{"floor":13.0,"key":"Bag of Preparation"},{"floor":16.0,"key":"ImportantClient"},{"floor":24.0,"key":"Dota2Spire:Butterfly"},{"floor":27.0,"key":"FossilizedHelix"},{"floor":29.0,"key":"AT_SilvercatRing"},{"floor":39.0,"key":"Dota2Spire:Mjollnir"},{"floor":41.0,"key":"Shuriken"},{"floor":43.0,"key":"Kunai"},{"floor":47,"key":"Meat on the Bone"},{"floor":54,"key":"AT_BladeRuinedKing"}],"event_choices":[{"damage_healed":17.0,"max_hp_gain":0.0,"max_hp_loss":0.0,"gold_gain":0.0,"event_name":"The Cleric","player_choice":"Healed","floor":5.0,"gold_loss":35.0,"damage_taken":0.0},{"cards_removed":["Strike_B"],"damage_healed":0.0,"max_hp_gain":0.0,"max_hp_loss":0.0,"gold_gain":0.0,"event_name":"Bonfire Elementals","player_choice":"Offered Basic","floor":7.0,"gold_loss":0.0,"damage_taken":0.0},{"damage_healed":0.0,"max_hp_gain":0.0,"max_hp_loss":0.0,"gold_gain":0.0,"event_name":"Knowing Skull","player_choice":"","floor":22.0,"potions_obtained":[],"gold_loss":0.0,"damage_taken":6.0,"cards_obtained":[]},{"damage_healed":0.0,"max_hp_gain":0.0,"max_hp_loss":0.0,"gold_gain":0.0,"event_name":"SensoryStone","player_choice":"Memory 1","floor":36.0,"gold_loss":0.0,"damage_taken":0.0},{"damage_healed":0.0,"max_hp_gain":0.0,"max_hp_loss":0.0,"gold_gain":0.0,"event_name":"Mysterious Sphere","player_choice":"Fight","floor":39.0,"gold_loss":0.0,"damage_taken":0.0},{"damage_healed":0,"gold_gain":0,"player_choice":"2 cards matched","damage_taken":0,"max_hp_gain":0,"max_hp_loss":0,"event_name":"Match and Keep!","floor":44,"gold_loss":0,"cards_obtained":["Chaos","MostiFishMod:FluxCapactior"]}],"is_beta":false,"boss_relics":[{"not_picked":["EE1DDrone","OneHitWonderSystem"],"picked":"Dota2Spire:Bloodstone"},{"not_picked":["Busted Crown","RhineFirstAidKit"],"picked":"MostiFishMod:Hod"}],"items_purged_floors":[2,42],"is_endless":false,"potions_floor_spawned":[4,11,13,16,20,24,25,27,37,47,48],"ascension_level":18}}