{"host":"z9grmtg2w0nmz8n1","time":1608340177,"event":{"mods":["Aspiration","Bard","BaseMod","Beaked The Cultist","Better Altar","Better Match","Better Note","Better Sensory Stone","Better Skull","Better Third Choice","BetterRewards","CCEM","Colored Map","Conspire","Downfall","GifTheSpireLib","Googly Eyes","Halation","Hermit","Highlight Path","Hubris","Hunter ??","Jedi Mod","Jorbs\u0027s Wanderer Trilogy","Mad Scientist","Marisa????????","Minty Spire (QoL Compilation)","Permanent Neow","Replay The Spire","Shade Mod","Shop Mod","Spicy Shops","StSLib","Stuff the Spire","The Bug Knight","The Construct","The Necromancer","The Runesmith"],"gold_per_floor":[126,154,104,122,150,189,189,189,189,14,39,60,88,132,132,264,264,294,24,24,49,73,73,73],"floor_reached":23,"playtime":1349,"items_purged":["Runesmith:Strike_RS","Runesmith:Strike_RS","Runesmith:Strike_RS"],"score":205,"play_id":"75f10d69-1bc2-4e94-8907-32a055aa60e8","local_time":"20201218230937","is_ascension_mode":false,"campfire_choices":[{"floor":8,"key":"RECALL"},{"floor":15,"key":"REST"}],"circlet_count":0,"master_deck":["Runesmith:Defend_RS","Runesmith:Defend_RS","Runesmith:Defend_RS","Runesmith:Defend_RS","Runesmith:CraftFirestone","Runesmith:Fortify","Runesmith:RuneHurl","Runesmith:ChiselStab","Runesmith:LithiumIon","Runesmith:LithiumIon","Runesmith:CraftMagma","Runesmith:Firestorm","Runesmith:ArcReactor","Runesmith:CraftMagma+1"],"relics":["Runesmith:BrokenRuby","CeramicFish","Pen Nib","Golden Idol","Mummified Hand","halation:VictoryRuler","Lantern"],"acts_visited":["Exordium","TheCity"],"potions_floor_usage":[6,14,14,21],"damage_taken":[{"damage":1,"enemies":"Jaw Worm","floor":1,"turns":4},{"damage":0,"enemies":"Small Slimes","floor":2,"turns":5},{"damage":1,"enemies":"2 Louse","floor":4,"turns":3},{"damage":4,"enemies":"2 Fungi Beasts","floor":5,"turns":4},{"damage":10,"enemies":"Lagavulin","floor":6,"turns":5},{"damage":7,"enemies":"Large Slime","floor":11,"turns":6},{"damage":0,"enemies":"Blue Slaver","floor":12,"turns":3},{"damage":6,"enemies":"Exordium Wildlife","floor":13,"turns":4},{"damage":21,"enemies":"Gremlin Nob","floor":14,"turns":3},{"damage":18,"enemies":"Slime Boss","floor":16,"turns":10},{"damage":3,"enemies":"Chosen","floor":18,"turns":4},{"damage":17,"enemies":"Centurion and Healer","floor":21,"turns":6},{"damage":18,"enemies":"Snake Plant","floor":22,"turns":4},{"damage":28,"enemies":"Slavers","floor":23,"turns":2}],"seed_played":"-6302445675606683339","potions_obtained":[{"floor":1,"key":"champ:CounterPotion"},{"floor":2,"key":"Death Potion"},{"floor":12,"key":"Explosive Potion"},{"floor":16,"key":"hexamod:EctoCoolerPotion"}],"is_trial":false,"path_per_floor":["M","M","?","M","M","E","?","R","T","$","M","M","M","E","R","B",null,"M","$","?","M","M","E"],"character_chosen":"RUNESMITH_CLASS","items_purchased":["Lantern"],"campfire_rested":1,"item_purchase_floors":[19],"current_hp_per_floor":[69,69,69,68,64,54,54,54,54,54,47,47,41,20,39,21,65,62,62,62,45,27,0,0],"gold":73,"neow_bonus":"RANDOM_COMMON_RELIC","is_daily":false,"chose_seed":false,"campfire_upgraded":0,"win_rate":0.0,"timestamp":1608340177,"path_taken":["M","M","?","M","M","E","?","R","T","$","M","M","M","E","R","BOSS","M","$","?","M","M","E"],"items_purchased_type":["Relic"],"build_version":"2020-12-13","purchased_purges":3,"victory":false,"max_hp_per_floor":[70,70,70,70,70,70,65,65,65,65,65,65,65,65,65,65,65,65,65,65,65,65,65,65],"card_choices":[{"not_picked":["Runesmith:Augment","Runesmith:UnstableHammer"],"picked":"Runesmith:RuneHurl","floor":1},{"not_picked":["Runesmith:EarthShield","Runesmith:HammerThrow"],"picked":"Runesmith:ChiselStab","floor":2},{"not_picked":["Runesmith:CraftMagma","Runesmith:RuneHurl","Runesmith:Empowerment"],"picked":"SKIP","floor":4},{"not_picked":["Runesmith:Electrocute","Runesmith:UnstableHammer"],"picked":"Runesmith:LithiumIon","floor":5},{"not_picked":["Runesmith:BackupBattery","Runesmith:EarthShield"],"picked":"Runesmith:LithiumIon","floor":6},{"not_picked":["Runesmith:DoubleUp","Runesmith:Reinforce","Runesmith:StaticCage"],"picked":"SKIP","floor":11},{"not_picked":["Runesmith:Electrocute","Runesmith:CraftProtectio","Runesmith:ChargedHammer"],"picked":"SKIP","floor":12},{"not_picked":["Runesmith:Grindstone","Runesmith:ChiselStab"],"picked":"Runesmith:CraftMagma","floor":13},{"not_picked":["Runesmith:Augment","Runesmith:CraftIndustria"],"picked":"Runesmith:Firestorm","floor":14},{"not_picked":["Runesmith:Duplicate","Runesmith:UnlimitedPower"],"picked":"Runesmith:ArcReactor","floor":16},{"not_picked":["Runesmith:HammerThrow+1","Runesmith:ChiselStab"],"picked":"Runesmith:CraftMagma+1","floor":18},{"not_picked":["Runesmith:HammerTime","Runesmith:HammerThrow","Runesmith:Superposition+1"],"picked":"SKIP","floor":21},{"not_picked":["aspiration:UnbridledHammer","Runesmith:Grindstone","Runesmith:HammerAndChisel"],"picked":"SKIP","floor":22}],"player_experience":595388,"relics_obtained":[{"floor":6,"key":"Pen Nib"},{"floor":9,"key":"Mummified Hand"},{"floor":14,"key":"halation:VictoryRuler"}],"event_choices":[{"cards_removed":["Runesmith:Strike_RS"],"damage_healed":0,"gold_gain":0,"player_choice":"Card Removal","damage_taken":0,"max_hp_gain":0,"max_hp_loss":0,"event_name":"The Cleric","floor":3,"gold_loss":50},{"damage_healed":0,"gold_gain":0,"player_choice":"Lose Max HP","damage_taken":0,"relics_obtained":["Golden Idol"],"max_hp_gain":0,"max_hp_loss":5,"event_name":"Golden Idol","floor":7,"gold_loss":0},{"cards_removed":["Runesmith:Defend_RS"],"damage_healed":0,"gold_gain":0,"player_choice":"Give","damage_taken":0,"max_hp_gain":0,"max_hp_loss":0,"event_name":"betterNote:BetterNote","floor":20,"gold_loss":0,"cards_obtained":["Strike_R"]}],"is_beta":false,"boss_relics":[{"not_picked":["ReplayTheSpireMod:DimensionalGlitch","hubris:ScarierMask","halation:MonkeysPaw"]}],"items_purged_floors":[10,10,19],"is_endless":false,"potions_floor_spawned":[1,2,12,16],"killed_by":"Slavers","ascension_level":0}}