{"host":"6b00v7211em4ihns","time":1608414631,"event":{"mods":["BaseMod","Better Match","Minty Spire (QoL Compilation)","Relic Stats","Spicy Shops","StSLib"],"gold_per_floor":[115,75,89,109,127,127,38,38,64,80,80,107,124,149,149,225,225,254,266,308,331,343,355,355],"floor_reached":23,"playtime":1724,"items_purged":[],"score":402,"play_id":"7bae9a18-a994-4688-959f-f15272904e63","local_time":"20201219215031","is_ascension_mode":true,"campfire_choices":[{"data":"Armaments","floor":6,"key":"SMITH"},{"data":"Wild Strike","floor":8,"key":"SMITH"},{"data":"Bash","floor":11,"key":"SMITH"},{"data":"Whirlwind","floor":15,"key":"SMITH"}],"circlet_count":0,"master_deck":["AscendersBane","Strike_R","Strike_R","Strike_R","Strike_R","Strike_R","Defend_R","Defend_R","Defend_R","Defend_R","Bash+1","Evolve","Wild Strike+1","Flame Barrier","Armaments+1","Reckless Charge","Second Wind","Whirlwind+1","Dark Embrace","Juggernaut","Immolate","CurseOfTheBell","Spot Weakness","Ghostly","Ghostly","Ghostly+1","Ghostly Armor","Warcry"],"relics":["Burning Blood","Blood Vial","Juzu Bracelet","Mummified Hand","Calling Bell","MawBank","Mercury Hourglass","Magic Flower","Red Mask"],"acts_visited":["Exordium","TheCity"],"potions_floor_usage":[1,5,14,16,20,21],"damage_taken":[{"damage":10,"enemies":"Small Slimes","floor":1,"turns":3},{"damage":2,"enemies":"Cultist","floor":3,"turns":4},{"damage":2,"enemies":"Jaw Worm","floor":4,"turns":4},{"damage":10,"enemies":"Red Slaver","floor":5,"turns":6},{"damage":12,"enemies":"Looter","floor":10,"turns":3},{"damage":26,"enemies":"Lagavulin","floor":12,"turns":7},{"damage":8,"enemies":"Large Slime","floor":13,"turns":4},{"damage":22,"enemies":"3 Sentries","floor":14,"turns":4},{"damage":28,"enemies":"Slime Boss","floor":16,"turns":6},{"damage":37,"enemies":"Shell Parasite","floor":18,"turns":9},{"damage":38,"enemies":"Masked Bandits","floor":20,"turns":4},{"damage":14,"enemies":"Spheric Guardian","floor":21,"turns":7},{"damage":19,"enemies":"Gremlin Leader","floor":23,"turns":6}],"seed_played":"-5866972814022074194","potions_obtained":[{"floor":1,"key":"Fruit Juice"},{"floor":2,"key":"Explosive Potion"},{"floor":2,"key":"HeartOfIron"},{"floor":13,"key":"SteroidPotion"},{"floor":14,"key":"FearPotion"},{"floor":16,"key":"ElixirPotion"}],"is_trial":false,"path_per_floor":["M","?","M","M","M","R","$","R","T","M","R","E","M","E","R","B",null,"M","?","?","M","?","E"],"character_chosen":"IRONCLAD","items_purchased":["Reckless Charge"],"campfire_rested":0,"item_purchase_floors":[7],"current_hp_per_floor":[76,76,80,84,80,80,80,80,80,76,76,58,58,44,44,24,71,46,43,14,12,12,0,0],"gold":355,"neow_bonus":"TEN_PERCENT_HP_BONUS","is_daily":false,"chose_seed":false,"campfire_upgraded":4,"win_rate":0.0,"timestamp":1608414631,"path_taken":["M","?","M","M","M","R","?","R","T","M","R","E","M","E","R","BOSS","M","?","?","M","?","E"],"items_purchased_type":["Card"],"build_version":"2020-12-13","purchased_purges":0,"victory":false,"max_hp_per_floor":[87,87,87,87,87,87,87,87,87,87,87,87,87,87,87,87,87,87,43,43,43,43,43,43],"relic_stats":{"Blood Vial":19,"counters":[13,67],"Mummified Hand":[16],"Magic Flower":[12],"Juzu Bracelet":1,"MawBank":72,"obtain_stats":[{"Blood Vial":9,"Calling Bell":17,"Mummified Hand":14,"Magic Flower":17,"Juzu Bracelet":12,"Red Mask":20,"MawBank":17,"Burning Blood":0,"Mercury Hourglass":17},{"Blood Vial":4,"Calling Bell":9,"Mummified Hand":8,"Magic Flower":9,"Juzu Bracelet":6,"Red Mask":11,"MawBank":9,"Burning Blood":0,"Mercury Hourglass":9},{"Blood Vial":17,"Calling Bell":41,"Mummified Hand":35,"Magic Flower":41,"Juzu Bracelet":27,"Red Mask":54,"MawBank":41,"Burning Blood":0,"Mercury Hourglass":41}],"Burning Blood":81,"Mercury Hourglass":[57]},"card_choices":[{"not_picked":["Warcry","Shockwave"],"picked":"Evolve","floor":1},{"not_picked":["Thunderclap","Warcry"],"picked":"Wild Strike","floor":3},{"not_picked":["Perfected Strike","Headbutt"],"picked":"Flame Barrier","floor":4},{"not_picked":["Flame Barrier","Thunderclap"],"picked":"Armaments","floor":5},{"not_picked":["Clash","Perfected Strike"],"picked":"Second Wind","floor":10},{"not_picked":["Clash","Second Wind"],"picked":"Whirlwind","floor":12},{"not_picked":["Reckless Charge","Flex"],"picked":"Dark Embrace","floor":13},{"not_picked":["Armaments","Havoc"],"picked":"Juggernaut","floor":14},{"not_picked":["Exhume","Brutality"],"picked":"Immolate","floor":16},{"not_picked":["Rampage","Clash"],"picked":"Spot Weakness","floor":18},{"not_picked":["Iron Wave","Clothesline+1"],"picked":"Ghostly Armor","floor":20},{"not_picked":["Sentinel","Spot Weakness"],"picked":"Warcry","floor":21}],"player_experience":2448999,"relics_obtained":[{"floor":9,"key":"Blood Vial"},{"floor":12,"key":"Juzu Bracelet"},{"floor":14,"key":"Mummified Hand"},{"floor":17,"key":"MawBank"},{"floor":17,"key":"Mercury Hourglass"},{"floor":17,"key":"Magic Flower"},{"floor":20,"key":"Red Mask"}],"event_choices":[{"damage_healed":0,"gold_gain":0,"player_choice":"Bought 3 Potions","damage_taken":0,"max_hp_gain":0,"max_hp_loss":0,"event_name":"The Woman in Blue","floor":2,"gold_loss":0},{"damage_healed":0,"gold_gain":0,"player_choice":"Became a Ghost","damage_taken":0,"max_hp_gain":0,"max_hp_loss":44,"event_name":"Ghosts","floor":19,"gold_loss":0,"cards_obtained":["Ghostly","Ghostly","Ghostly"]},{"damage_healed":0,"gold_gain":0,"player_choice":"Fought Bandits","damage_taken":0,"max_hp_gain":0,"max_hp_loss":0,"event_name":"Masked Bandits","floor":20,"gold_loss":0},{"damage_healed":0,"gold_gain":0,"player_choice":"Upgraded","damage_taken":0,"max_hp_gain":0,"max_hp_loss":0,"event_name":"Upgrade Shrine","floor":22,"gold_loss":0,"cards_upgraded":["Ghostly"]}],"is_beta":false,"boss_relics":[{"not_picked":["Tiny House","Runic Cube"],"picked":"Calling Bell"}],"items_purged_floors":[],"is_endless":false,"potions_floor_spawned":[1,13,14,16],"killed_by":"Gremlin Leader","ascension_level":20}}