{"host":"m1ntkrf87179kmo6","time":1608384886,"event":{"mods":["BaseMod","Better Third Choice","Minty Spire (QoL Compilation)","Shade Mod","StSLib"],"gold_per_floor":[114,124,124,141,155,155,173,193,193,193,213,247,295,295,295,395,445,458,458,458,458,44,44,55,72,72,84,98,109,129,148,148,148,148],"floor_reached":33,"playtime":2013,"items_purged":["Writhe"],"score":278,"play_id":"9aae0422-61df-4304-a3ed-e31993b0a47a","local_time":"20201219083446","is_ascension_mode":false,"campfire_choices":[{"floor":6,"key":"RECALL"},{"data":"Shade:AncientSpear","floor":10,"key":"SMITH"},{"floor":15,"key":"REST"},{"data":"Shade:Bite_Shade","floor":23,"key":"SMITH"},{"floor":32,"key":"REST"}],"circlet_count":0,"master_deck":["Shade:Strike_Shade","Shade:Strike_Shade","Shade:Strike_Shade","Shade:Strike_Shade","Shade:Defend_Shade","Shade:Defend_Shade","Shade:Defend_Shade","Shade:Defend_Shade","Shade:AnimateDead","Shade:CarefulCut+1","Shade:Excise","Shade:AncientSpear+1","Shade:ExtraLimbs","Shade:ClawBack","Shade:AncientSpear","Shade:Tombstone","Shade:Brains+1","Shade:Bite_Shade+1","Shade:ClawBack","Shade:FleshLikeOak","Shade:Brains+1","Shade:Bite_Shade","Shade:TouchOfTheGrave"],"relics":["Shade:YorickSkull","Eternal Feather","Odd Mushroom","Ancient Tea Set","Juzu Bracelet","FaceOfCleric","Tiny House","Bag of Marbles","Nloth\u0027s Gift","Strawberry","Toy Ornithopter"],"acts_visited":["Exordium","TheCity"],"potions_floor_usage":[12,12,24,25,27,29,31,31,33],"damage_taken":[{"damage":0,"enemies":"Cultist","floor":1,"turns":1},{"damage":0,"enemies":"2 Louse","floor":2,"turns":1},{"damage":0,"enemies":"Jaw Worm","floor":4,"turns":1},{"damage":0,"enemies":"Blue Slaver","floor":5,"turns":4},{"damage":3,"enemies":"Large Slime","floor":7,"turns":5},{"damage":0,"enemies":"Red Slaver","floor":8,"turns":4},{"damage":4,"enemies":"The Mushroom Lair","floor":11,"turns":4},{"damage":22,"enemies":"Lagavulin","floor":12,"turns":5},{"damage":60,"enemies":"The Guardian","floor":16,"turns":12},{"damage":5,"enemies":"Spheric Guardian","floor":18,"turns":3},{"damage":0,"enemies":"Chosen","floor":24,"turns":2},{"damage":19,"enemies":"Snake Plant","floor":25,"turns":4},{"damage":2,"enemies":"Centurion and Healer","floor":27,"turns":5},{"damage":23,"enemies":"Shelled Parasite and Fungi","floor":28,"turns":7},{"damage":15,"enemies":"Snecko","floor":29,"turns":5},{"damage":32,"enemies":"Sentry and Sphere","floor":30,"turns":6},{"damage":0,"enemies":"Snake Plant","floor":31,"turns":2},{"damage":92,"enemies":"Collector","floor":33,"turns":5}],"seed_played":"4262201990409684926","potions_obtained":[{"floor":1,"key":"LiquidBronze"},{"floor":4,"key":"Ancient Potion"},{"floor":5,"key":"LiquidMemories"},{"floor":17,"key":"Swift Potion"},{"floor":18,"key":"Energy Potion"},{"floor":24,"key":"BlessingOfTheForge"},{"floor":25,"key":"Fire Potion"},{"floor":27,"key":"Ancient Potion"},{"floor":31,"key":"FearPotion"}],"is_trial":false,"path_per_floor":["M","M","?","M","M","R","M","M","T","R","?","E","T","?","R","B",null,"M","?","?","?","$","R","M","M","T","M","M","M","M","M","R","B"],"character_chosen":"SHADE","items_purchased":["Strawberry","Toy Ornithopter","Shade:ClawBack"],"campfire_rested":2,"item_purchase_floors":[22,22,22],"current_hp_per_floor":[65,65,65,65,65,65,62,62,62,65,61,39,39,39,65,6,71,67,67,67,67,74,79,80,70,70,74,56,50,21,35,72,0,0],"gold":148,"neow_bonus":"THREE_ENEMY_KILL","is_daily":false,"chose_seed":false,"campfire_upgraded":2,"win_rate":0.0,"timestamp":1608384886,"path_taken":["M","?","?","M","M","R","M","M","T","R","?","E","?","?","R","BOSS","M","?","?","?","$","R","M","M","T","M","M","M","M","M","R","BOSS"],"items_purchased_type":["Relic","Relic","Card"],"build_version":"2020-12-13","purchased_purges":1,"victory":false,"max_hp_per_floor":[65,65,65,65,65,65,65,65,65,65,65,65,65,65,65,66,71,72,72,72,72,79,79,80,81,81,82,83,84,85,86,86,86,86],"card_choices":[{"not_picked":["Shade:WallOfFlesh","Shade:Bonestorm"],"picked":"Shade:Excise","floor":1},{"not_picked":["Shade:GraveStillness","Shade:SkeletonArmy","Shade:PoundOfFlesh"],"picked":"SKIP","floor":2},{"not_picked":["Shade:FleshToFlesh","Shade:AuraOfUnlife"],"picked":"Shade:AncientSpear","floor":4},{"not_picked":["Shade:Haruspicy","Shade:GreyBargain"],"picked":"Shade:ExtraLimbs","floor":5},{"not_picked":["Shade:Frenzy","Shade:OpenGraves","Shade:DangerousRitual"],"picked":"SKIP","floor":7},{"not_picked":["Shade:Frenzy","Shade:Bonestorm"],"picked":"Shade:ClawBack","floor":8},{"not_picked":["Shade:Bonestorm","Shade:Consume"],"picked":"Shade:AncientSpear","floor":12},{"not_picked":["Shade:MadHubris","Shade:DarkOfNight"],"picked":"Shade:Tombstone","floor":16},{"not_picked":["Shade:FeralStrike","Shade:FingerOfDeath+1"],"picked":"Shade:Brains+1","floor":18},{"not_picked":["Shade:DangerousRitual","Shade:Bonestorm"],"picked":"Shade:FleshLikeOak","floor":24},{"not_picked":["Shade:MadHubris","Shade:FreshBones"],"picked":"Shade:Brains+1","floor":25},{"not_picked":["Shade:CoffinDance","Shade:CommandSoldier"],"picked":"Shade:Bite_Shade","floor":27},{"not_picked":["Shade:CommandSoldier","Shade:Frenzy","Shade:AncientSpear+1"],"picked":"SKIP","floor":28},{"not_picked":["Shade:Patience","Shade:AblativeArmor+1"],"picked":"Shade:TouchOfTheGrave","floor":29},{"not_picked":["Shade:SkeletonArmy","Shade:CommandSoldier","Shade:Excise+1"],"picked":"SKIP","floor":30},{"not_picked":["Shade:Trample+1","Shade:Premonition","Shade:SkeletonHug"],"picked":"SKIP","floor":31}],"player_experience":1050849,"relics_obtained":[{"floor":9,"key":"Eternal Feather"},{"floor":11,"key":"Odd Mushroom"},{"floor":12,"key":"Ancient Tea Set"},{"floor":13,"key":"Juzu Bracelet"}],"event_choices":[{"damage_healed":65,"gold_gain":0,"player_choice":"Leave","damage_taken":0,"max_hp_gain":0,"max_hp_loss":65,"event_name":"betterThird:BetterShining","floor":3,"gold_loss":0},{"damage_healed":0,"gold_gain":0,"player_choice":"Fought Mushrooms","damage_taken":0,"max_hp_gain":0,"max_hp_loss":0,"event_name":"Mushrooms","floor":11,"gold_loss":0},{"damage_healed":0,"gold_gain":0,"player_choice":"Trade","damage_taken":0,"relics_obtained":["FaceOfCleric"],"max_hp_gain":0,"max_hp_loss":0,"event_name":"FaceTrader","floor":14,"gold_loss":0},{"damage_healed":0,"gold_gain":0,"player_choice":"Opened","damage_taken":0,"relics_obtained":["Bag of Marbles"],"max_hp_gain":0,"max_hp_loss":0,"event_name":"The Mausoleum","floor":19,"gold_loss":0,"cards_obtained":["Writhe"]},{"damage_healed":0,"gold_gain":0,"player_choice":"Read","damage_taken":0,"max_hp_gain":0,"max_hp_loss":0,"event_name":"The Library","floor":20,"gold_loss":0,"cards_obtained":["Shade:Bite_Shade"]},{"damage_healed":0,"gold_gain":0,"player_choice":"Traded Relic","damage_taken":0,"relics_obtained":["Nloth\u0027s Gift"],"max_hp_gain":0,"max_hp_loss":0,"event_name":"N\u0027loth","floor":21,"relics_lost":["NeowsBlessing"],"gold_loss":0}],"is_beta":false,"boss_relics":[{"not_picked":["Philosopher\u0027s Stone","Sozu"],"picked":"Tiny House"}],"items_purged_floors":[22],"is_endless":false,"potions_floor_spawned":[1,4,5,8,11,18,24,25,27,31],"killed_by":"Collector","ascension_level":0}}