{"host":"6azrrw3tf7wb0f4b","time":1608351880,"event":{"mods":["BaseMod","DeckTracker","Minty Spire (QoL Compilation)","SuperFastMode"],"gold_per_floor":[111,131,111,127,205,205,89,89,114,125,300,300,300,342,342,342,342],"floor_reached":16,"playtime":248,"items_purged":["Strike_P"],"score":140,"play_id":"f8e1f74a-f684-4bd2-8fc6-5400dd8cb9ae","local_time":"20201219132440","is_ascension_mode":true,"campfire_choices":[{"data":"Eruption","floor":6,"key":"SMITH"},{"data":"Wish","floor":13,"key":"SMITH"},{"data":"FlurryOfBlows","floor":15,"key":"SMITH"}],"circlet_count":0,"master_deck":["AscendersBane","Strike_P","Strike_P","Defend_P","Defend_P","Defend_P","Defend_P+1","Eruption+1","Vigilance","Evaluate","Wallop","FlurryOfBlows+1","FearNoEvil","LessonLearned","Doubt","Wish+1"],"relics":["PureWater","NeowsBlessing","Yang","Oddly Smooth Stone"],"acts_visited":["Exordium"],"potions_floor_usage":[14],"damage_taken":[{"damage":0,"enemies":"Small Slimes","floor":1,"turns":1},{"damage":0,"enemies":"Cultist","floor":2,"turns":1},{"damage":0,"enemies":"Jaw Worm","floor":4,"turns":1},{"damage":0,"enemies":"Exordium Thugs","floor":10,"turns":3},{"damage":11,"enemies":"Large Slime","floor":14,"turns":6},{"damage":54,"enemies":"Hexaghost","floor":16,"turns":12}],"seed_played":"-1208788497954349370","potions_obtained":[{"floor":3,"key":"SpeedPotion"},{"floor":10,"key":"DuplicationPotion"}],"is_trial":false,"path_per_floor":["M","M","?","M","T","R","$","$","T","M","?","?","R","M","R","B"],"character_chosen":"WATCHER","items_purchased":["FearNoEvil"],"campfire_rested":0,"item_purchase_floors":[7],"current_hp_per_floor":[65,65,65,65,65,65,65,65,65,65,65,65,65,54,54,0,0],"gold":342,"neow_bonus":"THREE_ENEMY_KILL","is_daily":false,"chose_seed":false,"campfire_upgraded":3,"win_rate":0.0,"timestamp":1608351880,"path_taken":["M","M","?","?","?","R","?","$","T","?","?","?","R","M","R","BOSS"],"items_purchased_type":["Card"],"build_version":"2020-12-13","purchased_purges":1,"victory":false,"max_hp_per_floor":[72,72,72,72,72,72,72,72,72,72,72,72,72,72,72,72,72],"card_choices":[{"not_picked":["Prostrate","Weave"],"picked":"Evaluate","floor":1},{"not_picked":["ThirdEye","CutThroughFate"],"picked":"Wallop","floor":2},{"not_picked":["Sanctity","CarveReality"],"picked":"FlurryOfBlows","floor":4},{"not_picked":["Halt","FlyingSleeves"],"picked":"LessonLearned","floor":10},{"not_picked":["Halt","Nirvana","Prostrate"],"picked":"SKIP","floor":14}],"player_experience":629773,"relics_obtained":[{"floor":5,"key":"Yang"},{"floor":9,"key":"Oddly Smooth Stone"}],"event_choices":[{"damage_healed":0,"gold_gain":0,"player_choice":"Bought 1 Potion","damage_taken":0,"max_hp_gain":0,"max_hp_loss":0,"event_name":"The Woman in Blue","floor":3,"gold_loss":0},{"damage_healed":0,"gold_gain":175,"player_choice":"AGREE","damage_taken":0,"max_hp_gain":0,"max_hp_loss":0,"event_name":"Liars Game","floor":11,"gold_loss":0,"cards_obtained":["Doubt"]},{"damage_healed":0,"gold_gain":0,"cards_transformed":["Strike_P"],"player_choice":"Transformed","damage_taken":0,"max_hp_gain":0,"max_hp_loss":0,"event_name":"Transmorgrifier","floor":12,"gold_loss":0,"cards_obtained":["Wish"]}],"is_beta":false,"boss_relics":[],"items_purged_floors":[7],"is_endless":false,"potions_floor_spawned":[10],"killed_by":"Hexaghost","ascension_level":11}}