{"host":"9d83omykrosjn1d3","time":1608384181,"event":{"mods":["AchievementEnabler","BaseMod","BetterRewards","Card Forge","Hubris","MarisaÅiñ∂âJÅ@ñÇóùçπÅj","Minty Spire (QoL Compilation)","Permanent Neow","Shop Mod","StSLib","SuperFastMode"],"gold_per_floor":[113,133,152,168,118,152,178,208,232,264,264,333,367,398,398,500,500,516,241,256,287,287,320,345,373,400,439,485,526,571,615,627,735,747,771,543,594,494,480,505,536,563,587,622,655,680,714,743,743,743,743,743,245,277,277],"floor_reached":56,"playtime":1930,"items_purged":["Strike_R+1","Defend_R","Defend_R"],"score":2329,"play_id":"d98a4532-8660-4b0d-b306-7cba51ae7548","local_time":"20201219222301","daily_mods":["Heirloom","Flight","DeadlyEvents","Elite Swarm"],"is_ascension_mode":false,"campfire_choices":[{"floor":11,"key":"REST"},{"data":"Rampage","floor":15,"key":"SMITH"},{"data":"hubris:StunningStrike","floor":32,"key":"SMITH"},{"floor":49,"key":"RECALL"},{"floor":52,"key":"REST"}],"circlet_count":0,"master_deck":["Seeing Red","Double Tap+1","Barricade+1","hubris:StunningStrike+1","hubris:DuctTapeCard","Shrug It Off"],"relics":["Burning Blood","Hammer of Thor","Seething Fire","Anvil of the Gods","Magic Flower","Whetstone","Sundial","hubris:OldNail","Question Card","hubris:PeanutButter","Smiling Mask","Pantograph","Runic Dome","MerchantsRug","Anchor","Red Mask","Ancient Tea Set","Bag of Preparation","Boot","Akabeko","StoneCalendar","Toy Ornithopter","hubris:ChampionShield","Strawberry","Fusion Hammer","Oddly Smooth Stone","Torii","Letter Opener","Lantern","hubris:DuctTape","Blood Vial","Bottled Lightning","hubris:IronBody","Regal Pillow","hubris:SlimyHat","Self Forming Clay","TheAbacus","Nunchaku","Bronze Scales","Centennial Puzzle"],"acts_visited":["Exordium","TheCity","TheBeyond","TheEnding"],"potions_floor_usage":[],"damage_taken":[{"damage":1,"enemies":"Cultist","floor":1,"turns":3},{"damage":1,"enemies":"2 Louse","floor":2,"turns":3},{"damage":7,"enemies":"Small Slimes","floor":3,"turns":4},{"damage":12,"enemies":"2 Fungi Beasts","floor":4,"turns":3},{"damage":38,"enemies":"3 Sentries","floor":6,"turns":10},{"damage":21,"enemies":"Lagavulin","floor":7,"turns":5},{"damage":14,"enemies":"Gremlin Nob","floor":8,"turns":3},{"damage":30,"enemies":"3 Sentries","floor":10,"turns":8},{"damage":18,"enemies":"Lagavulin","floor":13,"turns":5},{"damage":0,"enemies":"Gremlin Nob","floor":14,"turns":3},{"damage":25,"enemies":"Slime Boss","floor":16,"turns":11},{"damage":7,"enemies":"2 Thieves","floor":18,"turns":4},{"damage":0,"enemies":"Chosen","floor":20,"turns":3},{"damage":0,"enemies":"Masked Bandits","floor":21,"turns":4},{"damage":14,"enemies":"Gremlin Leader","floor":23,"turns":6},{"damage":0,"enemies":"Book of Stabbing","floor":24,"turns":5},{"damage":9,"enemies":"Gremlin Leader","floor":25,"turns":5},{"damage":0,"enemies":"Book of Stabbing","floor":27,"turns":4},{"damage":0,"enemies":"Gremlin Leader","floor":28,"turns":5},{"damage":0,"enemies":"Book of Stabbing","floor":29,"turns":4},{"damage":14,"enemies":"Gremlin Leader","floor":30,"turns":4},{"damage":0,"enemies":"Book of Stabbing","floor":31,"turns":4},{"damage":0,"enemies":"Collector","floor":33,"turns":4},{"damage":0,"enemies":"3 Darklings","floor":35,"turns":4},{"damage":56,"enemies":"2 Orb Walkers","floor":37,"turns":5},{"damage":0,"enemies":"Reptomancer","floor":40,"turns":2},{"damage":0,"enemies":"Nemesis","floor":41,"turns":2},{"damage":0,"enemies":"Giant Head","floor":42,"turns":2},{"damage":0,"enemies":"Nemesis","floor":44,"turns":1},{"damage":0,"enemies":"Giant Head","floor":45,"turns":1},{"damage":0,"enemies":"Nemesis","floor":46,"turns":1},{"damage":0,"enemies":"Giant Head","floor":47,"turns":1},{"damage":0,"enemies":"Nemesis","floor":48,"turns":1},{"damage":0,"enemies":"Donu and Deca","floor":50,"turns":1},{"damage":0,"enemies":"Shield and Spear","floor":54,"turns":1},{"damage":0,"enemies":"The Heart","floor":55,"turns":3}],"seed_played":"1746324086354236642","potions_obtained":[{"floor":2,"key":"ElixirPotion"},{"floor":3,"key":"BloodPotion"},{"floor":6,"key":"CultistPotion"},{"floor":20,"key":"Strength Potion"},{"floor":25,"key":"SteroidPotion"},{"floor":28,"key":"PowerPotion"},{"floor":33,"key":"Energy Potion"},{"floor":42,"key":"Energy Potion"},{"floor":45,"key":"Explosive Potion"},{"floor":47,"key":"Explosive Potion"}],"is_trial":true,"path_per_floor":["M","M","M","M","?","E","E","E","T","E","R","T","E","E","R","B",null,"M","$","M","?","?","E","E","E","T","E","E","E","E","E","R","B",null,"M","$","?","NS","$","E","E","E","T","E","E","E","E","E","R","B",null,"R","$","E","B",null],"character_chosen":"IRONCLAD","items_purchased":["MerchantsRug","Anchor","Impatience","Oddly Smooth Stone","TheAbacus","Nunchaku","Bronze Scales","Shrug It Off"],"campfire_rested":2,"item_purchase_floors":[19,19,36,36,53,53,53,53],"current_hp_per_floor":[80,80,80,77,77,48,36,31,31,10,34,34,25,34,34,56,80,80,80,80,80,80,75,80,80,80,80,80,80,75,87,87,87,87,87,87,40,40,40,49,58,67,67,79,87,87,87,87,87,87,87,87,87,87,87],"gold":277,"neow_bonus":"","is_daily":false,"chose_seed":false,"campfire_upgraded":2,"win_rate":0.0,"timestamp":1608384181,"path_taken":["M","M","?","?","?","E","E","E","T","E","R","?","E","E","R","BOSS","M","$","?","?","?","E","E","E","T","E","E","E","E","E","R","BOSS","M","$","?","NS","$","E","E","E","T","E","E","E","E","E","R","BOSS","R","$","E","BOSS"],"items_purchased_type":["Relic","Relic","Card","Relic","Relic","Relic","Relic","Card"],"build_version":"2020-12-13","purchased_purges":3,"victory":true,"max_hp_per_floor":[80,80,80,80,80,80,80,80,80,80,80,80,80,80,80,80,80,80,80,80,80,80,80,80,80,80,80,80,80,80,87,87,87,87,87,87,87,87,87,87,87,87,87,87,87,87,87,87,87,87,87,87,87,87,87],"card_choices":[{"not_picked":["Warcry","hubris:ReadiedAction"],"picked":"Seeing Red","floor":1},{"not_picked":["Headbutt","True Grit","Warcry"],"picked":"SKIP","floor":2},{"not_picked":["Thunderclap","Cleave","Sever Soul"],"picked":"SKIP","floor":3},{"not_picked":["Thunderclap","Whirlwind","Iron Wave"],"picked":"SKIP","floor":4},{"not_picked":["Reaper","Juggernaut","Brutality"],"picked":"SKIP","floor":6},{"not_picked":["Immolate","Bludgeon","Brutality"],"picked":"SKIP","floor":7},{"not_picked":["Bludgeon","Juggernaut","Demon Form"],"picked":"SKIP","floor":8},{"not_picked":["Bludgeon","Juggernaut","Impervious"],"picked":"SKIP","floor":10},{"not_picked":["Immolate","Fiend Fire","Double Tap","Bludgeon"],"picked":"SKIP","floor":13},{"not_picked":["Bludgeon","Brutality","Demon Form"],"picked":"Double Tap","floor":14},{"not_picked":["Berserk","Demon Form","Juggernaut"],"picked":"hubris:StunningStrike","floor":16},{"not_picked":["Whirlwind+1","Searing Blow","Cleave","Rupture+1"],"picked":"SKIP","floor":18},{"not_picked":["Uppercut","Havoc","hubris:SharpeningStone+1","Perfected Strike"],"picked":"SKIP","floor":20},{"not_picked":["Immolate","Feed","Limit Break","Bludgeon"],"picked":"SKIP","floor":23},{"not_picked":["hubris:StunningStrike","Double Tap","Berserk","Feed"],"picked":"SKIP","floor":24},{"not_picked":["Juggernaut","Impervious","Corruption","Feed"],"picked":"SKIP","floor":25},{"not_picked":["Impervious","Juggernaut","Exhume","Brutality"],"picked":"SKIP","floor":27},{"not_picked":["Exhume","Juggernaut","Immolate"],"picked":"Barricade","floor":28},{"not_picked":["Barricade","Brutality","Demon Form","Berserk"],"picked":"SKIP","floor":29},{"not_picked":["Juggernaut","Impervious","Demon Form","Offering"],"picked":"SKIP","floor":30},{"not_picked":["Offering","Barricade","Immolate","Demon Form"],"picked":"SKIP","floor":31},{"not_picked":["Flex","Sword Boomerang","Second Wind","Cleave+1"],"picked":"SKIP","floor":35},{"not_picked":["Limit Break","Corruption","Reaper","Feed"],"picked":"SKIP","floor":40},{"not_picked":["Limit Break","Impervious","Fiend Fire"],"picked":"hubris:StunningStrike","floor":41},{"not_picked":["Brutality","hubris:StunningStrike","Exhume","Barricade"],"picked":"SKIP","floor":42},{"not_picked":["Fiend Fire","Impervious","Brutality","Reaper"],"picked":"SKIP","floor":44},{"not_picked":["Immolate","Fiend Fire","Exhume","Impervious"],"picked":"SKIP","floor":45},{"not_picked":["Brutality","Berserk","Limit Break","Demon Form"],"picked":"SKIP","floor":46},{"not_picked":["Double Tap","Juggernaut","Berserk","Brutality"],"picked":"SKIP","floor":47},{"not_picked":["Barricade","Impervious","Immolate","Juggernaut"],"picked":"SKIP","floor":48},{"not_picked":["Juggernaut","Feed","Bludgeon","Limit Break"],"picked":"SKIP","floor":54}],"player_experience":576473,"relics_obtained":[{"floor":6,"key":"Whetstone"},{"floor":7,"key":"Sundial"},{"floor":8,"key":"hubris:OldNail"},{"floor":10,"key":"Question Card"},{"floor":12,"key":"hubris:PeanutButter"},{"floor":13,"key":"Smiling Mask"},{"floor":14,"key":"Pantograph"},{"floor":21,"key":"Red Mask"},{"floor":23,"key":"Ancient Tea Set"},{"floor":24,"key":"Bag of Preparation"},{"floor":25,"key":"Boot"},{"floor":26,"key":"MawBank"},{"floor":27,"key":"Akabeko"},{"floor":28,"key":"StoneCalendar"},{"floor":29,"key":"Toy Ornithopter"},{"floor":30,"key":"hubris:ChampionShield"},{"floor":31,"key":"Strawberry"},{"floor":37,"key":"Torii"},{"floor":40,"key":"Letter Opener"},{"floor":41,"key":"Lantern"},{"floor":42,"key":"hubris:DuctTape"},{"floor":43,"key":"Blood Vial"},{"floor":44,"key":"Bottled Lightning"},{"floor":45,"key":"hubris:IronBody"},{"floor":46,"key":"Regal Pillow"},{"floor":47,"key":"hubris:SlimyHat"},{"floor":48,"key":"Self Forming Clay"},{"floor":54,"key":"Centennial Puzzle"}],"event_choices":[{"cards_removed":["Strike_R"],"damage_healed":0,"gold_gain":0,"player_choice":"Card Removal","damage_taken":0,"max_hp_gain":0,"max_hp_loss":0,"event_name":"The Cleric","floor":5,"gold_loss":50},{"damage_healed":0,"gold_gain":0,"player_choice":"Fought Bandits","damage_taken":0,"max_hp_gain":0,"max_hp_loss":0,"event_name":"Masked Bandits","floor":21,"gold_loss":0},{"damage_healed":0,"gold_gain":0,"player_choice":"Ignored","damage_taken":0,"max_hp_gain":0,"max_hp_loss":0,"event_name":"Ghosts","floor":22,"gold_loss":0},{"damage_healed":0,"gold_gain":0,"player_choice":"Fight","damage_taken":0,"max_hp_gain":0,"max_hp_loss":0,"event_name":"Mysterious Sphere","floor":37,"gold_loss":0}],"is_beta":false,"boss_relics":[{"not_picked":["Astrolabe","hubris:Stopwatch"],"picked":"Runic Dome"},{"not_picked":["Snecko Eye","hubris:TerracottaHorce"],"picked":"Fusion Hammer"}],"items_purged_floors":[19,36,39],"is_endless":false,"potions_floor_spawned":[2,3,6,13,16,20,25,28,30,33,35,42,45,47,54],"ascension_level":0}}