{"host":"v4tuy5ykrbdcm9o9","time":1608360466,"event":{"mods":["BaseMod","Duelist Mod","Minty Spire (QoL Compilation)","Replay The Spire","StSLib"],"gold_per_floor":[117,117,131,146,16,16,31,56,56,56,56,69,69,99,99,202,202,220,220,231,248,248,248,265,265,265,21,38,69,169,200,200,305,305,315,40,40,55,66,91,91,142,142,142,170,181,195,212,212,212,212],"floor_reached":50,"playtime":6185,"items_purged":[],"score":702,"play_id":"687cc2b2-d46b-4d2c-85db-3b31c24db6d8","local_time":"20201219014745","is_ascension_mode":true,"campfire_choices":[{"data":"Replay:Poison Smokescreen","floor":6,"key":"SMITH"},{"floor":10,"key":"REST"},{"floor":13,"key":"RECALL"},{"data":"Poisoned Stab","floor":15,"key":"SMITH"},{"floor":23,"key":"REST"},{"floor":32,"key":"REST"},{"data":"Burst","floor":41,"key":"SMITH"},{"data":"Delirium","floor":44,"key":"PURGE"},{"data":"Catalyst","floor":49,"key":"SMITH"},{"data":"Adrenaline","floor":49,"key":"SMITH"}],"circlet_count":0,"master_deck":["Strike_G+1","Strike_G+1","Strike_G+1","Strike_G+1","Strike_G+1","Defend_G+1","Defend_G+1","Defend_G+1","Defend_G+1","Defend_G+1","Survivor","Neutralize","Poisoned Stab+1","Dagger Spray","Deadly Poison","Replay:Poison Smokescreen+1","Backstab","Crippling Poison","Underhanded Strike","After Image","Cloak And Dagger","Hidden Blade+1","Blade Dance+1","Quick Slash+1","Quick Slash+1","Backflip","Sucker Punch","Bane","Flying Knee","Adrenaline+1","CurseOfTheBell","Catalyst+1","Burst+1","Catalyst","Caltrops+1"],"relics":["Ring of the Snake","Pen Nib","Eternal Feather","Philosopher\u0027s Stone","Meat on the Bone","Bag of Marbles","Lantern","Tingsha","Singing Bowl","Happy Flower","Replay:Grab Bag","Busted Crown","Cursed Key","Calling Bell","Black Star","ReplayTheSpireMod:TigerMarble","Shuriken","Peace Pipe","Replay:WaspNest","Nunchaku","Replay:Multitool","Replay:Arrowhead","Chameleon Ring","Bronze Scales"],"acts_visited":["Exordium","TheCity","TheBeyond"],"potions_floor_usage":[7,7,24,29,29,30,39,40,45,45,50,50],"damage_taken":[{"damage":1,"enemies":"2 Louse","floor":1,"turns":4},{"damage":8,"enemies":"Small Slimes","floor":3,"turns":4},{"damage":4,"enemies":"Jaw Worm","floor":4,"turns":3},{"damage":0,"enemies":"3 Louse","floor":7,"turns":1},{"damage":40,"enemies":"Lagavulin","floor":8,"turns":6},{"damage":0,"enemies":"Blue Slaver","floor":12,"turns":3},{"damage":15,"enemies":"Fading Forest","floor":16,"turns":11},{"damage":20,"enemies":"Spheric Guardian","floor":18,"turns":4},{"damage":16,"enemies":"2 Thieves","floor":20,"turns":3},{"damage":2,"enemies":"Cultist and Chosen","floor":21,"turns":6},{"damage":12,"enemies":"Snecko","floor":24,"turns":5},{"damage":0,"enemies":"Chosen and Byrds","floor":28,"turns":4},{"damage":20,"enemies":"Slavers","floor":29,"turns":6},{"damage":1,"enemies":"Colosseum Slavers","floor":30,"turns":3},{"damage":8,"enemies":"Colosseum Nobs","floor":30,"turns":3},{"damage":11,"enemies":"theDuelist:KaibaA2","floor":31,"turns":4},{"damage":34,"enemies":"Automaton","floor":33,"turns":9},{"damage":0,"enemies":"3 Darklings","floor":35,"turns":2},{"damage":20,"enemies":"3 Shapes","floor":38,"turns":2},{"damage":1,"enemies":"3 Darklings","floor":39,"turns":3},{"damage":1,"enemies":"R_Hoarder","floor":40,"turns":3},{"damage":7,"enemies":"2 Orb Walkers","floor":42,"turns":3},{"damage":20,"enemies":"Reptomancer","floor":45,"turns":5},{"damage":0,"enemies":"Jaw Worm Horde","floor":46,"turns":2},{"damage":0,"enemies":"Spire Growth","floor":47,"turns":3},{"damage":0,"enemies":"3 Darklings","floor":48,"turns":3},{"damage":101,"enemies":"Time Eater","floor":50,"turns":7}],"seed_played":"1014431136833856335","potions_obtained":[{"floor":3,"key":"SteroidPotion"},{"floor":16,"key":"FearPotion"},{"floor":18,"key":"SpeedPotion"},{"floor":24,"key":"GamblersBrew"},{"floor":30,"key":"Languid Potion"},{"floor":31,"key":"DistilledChaos"},{"floor":39,"key":"AttackPotion"},{"floor":40,"key":"Cursed Concoction"},{"floor":45,"key":"LiquidMemories"},{"floor":47,"key":"Poison Potion"}],"is_trial":false,"path_per_floor":["M","?","M","M","$","R","M","E","T","R","?","M","R","?","R","B",null,"M","?","M","M","?","R","M","?","T","$","M","E","?","E","R","B",null,"M","$","?","M","M","E","R","?","T","R","E","M","M","M","R","B"],"character_chosen":"THE_SILENT","items_purchased":["Replay:Poison Smokescreen","AttackPotion","Bag of Marbles","Quick Slash+1","AttackPotion","Catalyst","AttackPotion","Burst"],"campfire_rested":3,"item_purchase_floors":[5,5,27,27,27,36,36,36],"current_hp_per_floor":[69,69,61,57,57,57,57,17,17,47,47,47,56,56,65,57,70,50,50,34,32,19,53,41,66,66,66,66,46,49,38,75,41,75,77,77,77,59,60,59,77,72,72,83,65,67,73,73,89,0,0],"gold":212,"neow_bonus":"RANDOM_COMMON_RELIC","is_daily":false,"chose_seed":false,"campfire_upgraded":5,"win_rate":0.0,"timestamp":1608360465,"path_taken":["M","?","M","M","$","R","M","E","T","R","?","M","R","?","R","BOSS","M","?","M","M","?","R","M","?","T","?","M","E","?","E","R","BOSS","M","$","?","M","M","E","R","?","T","R","E","M","M","M","R","BOSS"],"items_purchased_type":["Card","Potion","Relic","Card","Potion","Card","Potion","Card"],"build_version":"2020-12-13","purchased_purges":0,"victory":false,"max_hp_per_floor":[70,70,70,70,70,70,70,70,70,70,70,70,70,70,70,70,70,70,70,70,70,75,75,75,75,75,75,75,75,75,75,75,75,75,77,77,77,79,81,81,81,83,83,83,85,87,89,89,89,89,89],"card_choices":[{"not_picked":["Caltrops","Acrobatics"],"picked":"Poisoned Stab","floor":1},{"not_picked":["Deflect","Poisoned Stab"],"picked":"Dagger Spray","floor":3},{"not_picked":["Flechettes","Deflect"],"picked":"Deadly Poison","floor":4},{"not_picked":["Finisher","Backflip"],"picked":"Backstab","floor":7},{"not_picked":["Flying Knee","Atom Bomb"],"picked":"Crippling Poison","floor":8},{"not_picked":["Dagger Spray","Prepared"],"picked":"Underhanded Strike","floor":12},{"not_picked":["Glass Knife","Poison Darts"],"picked":"After Image","floor":16},{"not_picked":["Escape Plan","Acrobatics"],"picked":"Cloak And Dagger","floor":18},{"not_picked":["Outmaneuver","Prepared+1"],"picked":"Hidden Blade+1","floor":20},{"not_picked":["Reflex","Sucker Punch"],"picked":"Blade Dance+1","floor":21},{"not_picked":["Prepared+1","Dodge and Roll"],"picked":"Quick Slash+1","floor":24},{"not_picked":["Quick Slash","Atom Bomb"],"picked":"Backflip","floor":28},{"not_picked":["Backflip","ReplayTheSpireMod:Tripwire"],"picked":"Sucker Punch","floor":29},{"not_picked":["Setup","Well Laid Plans"],"picked":"Bane","floor":30},{"not_picked":["All Out Attack","ReplayTheSpireMod:Speed Training"],"picked":"Flying Knee","floor":31},{"not_picked":["Doppelganger","ReplayTheSpireMod:From All Sides"],"picked":"Adrenaline","floor":33},{"not_picked":["Skewer+1"],"picked":"Singing Bowl","floor":35},{"not_picked":["Acrobatics"],"picked":"Singing Bowl","floor":38},{"not_picked":["Flying Knee"],"picked":"Singing Bowl","floor":39},{"not_picked":[],"picked":"Catalyst","floor":40},{"not_picked":["Malaise"],"picked":"Singing Bowl","floor":42},{"not_picked":["Prepared"],"picked":"Singing Bowl","floor":45},{"not_picked":["PiercingWail+1"],"picked":"Singing Bowl","floor":46},{"not_picked":["Bane"],"picked":"Singing Bowl","floor":47},{"not_picked":[],"picked":"Caltrops+1","floor":48}],"player_experience":396534,"relics_obtained":[{"floor":8,"key":"Eternal Feather"},{"floor":26,"key":"Meat on the Bone"},{"floor":29,"key":"Lantern"},{"floor":30,"key":"Tingsha"},{"floor":30,"key":"Singing Bowl"},{"floor":31,"key":"Happy Flower"},{"floor":34,"key":"ReplayTheSpireMod:TigerMarble"},{"floor":34,"key":"Shuriken"},{"floor":34,"key":"Peace Pipe"},{"floor":40,"key":"Replay:WaspNest"},{"floor":40,"key":"Nunchaku"},{"floor":42,"key":"Replay:Multitool"},{"floor":43,"key":"Replay:Arrowhead"},{"floor":45,"key":"Chameleon Ring"},{"floor":45,"key":"Bronze Scales"}],"event_choices":[{"damage_healed":0,"gold_gain":0,"player_choice":"Leave","damage_taken":0,"max_hp_gain":0,"max_hp_loss":0,"event_name":"The Cleric","floor":2,"gold_loss":0},{"damage_healed":0,"gold_gain":30,"player_choice":"Searched \u00271\u0027 times","damage_taken":0,"max_hp_gain":0,"max_hp_loss":0,"event_name":"Dead Adventurer","floor":14,"gold_loss":0},{"damage_healed":0,"gold_gain":0,"player_choice":"Simplicity","damage_taken":0,"max_hp_gain":0,"max_hp_loss":0,"event_name":"Back to Basics","floor":19,"gold_loss":0,"cards_upgraded":["Strike_G","Strike_G","Strike_G","Strike_G","Strike_G","Defend_G","Defend_G","Defend_G","Defend_G","Defend_G"]},{"damage_healed":0,"gold_gain":0,"player_choice":"Shed Blood","damage_taken":18,"max_hp_gain":5,"max_hp_loss":0,"event_name":"Forgotten Altar","floor":22,"gold_loss":0},{"damage_healed":25,"gold_gain":0,"player_choice":"Heal","damage_taken":0,"max_hp_gain":0,"max_hp_loss":0,"event_name":"The Library","floor":25,"gold_loss":0},{"damage_healed":0,"gold_gain":0,"player_choice":"Fight","damage_taken":0,"max_hp_gain":0,"max_hp_loss":0,"event_name":"Colosseum","floor":30,"gold_loss":0},{"damage_healed":0,"gold_gain":0,"player_choice":"Fought Nobs","damage_taken":0,"max_hp_gain":0,"max_hp_loss":0,"event_name":"Colosseum","floor":30,"gold_loss":0},{"damage_healed":0,"gold_gain":0,"player_choice":"Fight","damage_taken":0,"max_hp_gain":0,"max_hp_loss":0,"event_name":"Mysterious Sphere","floor":42,"gold_loss":0}],"is_beta":false,"boss_relics":[{"not_picked":["Runic Dome","Pandora\u0027s Box"],"picked":"Philosopher\u0027s Stone"},{"not_picked":["Replay:Bronze Core","Replay:Wanted Poster"],"picked":"Replay:Grab Bag"},{"not_picked":["Coffee Dripper","Sozu"],"picked":"Busted Crown"},{"not_picked":["Fusion Hammer","Velvet Choker"],"picked":"Cursed Key"},{"not_picked":["Ring of the Serpent","Astrolabe"],"picked":"Calling Bell"},{"not_picked":["Snecko Eye","Runic Pyramid"],"picked":"Black Star"}],"items_purged_floors":[],"is_endless":false,"potions_floor_spawned":[3,16,18,24,28,30,31,38,39,40,45,47],"killed_by":"Time Eater","ascension_level":3}}