{"host":"8k8yej65nd5c5wcn","time":1608421856,"event":{"mods":["BaseMod","Colored Map","Colored Powertips","Curses Come First","Downfall","Googly Eyes","Highlight Path","Hubris","Minty Spire (QoL Compilation)","Rare Cards Sparkle","Replay The Spire","StSLib","The Necromancer"],"gold_per_floor":[117,42,62,337,354,383,383,410,410,420,420,420,420,433,433,447,447,547,547,562,235,235,175,193,227,227,24,24,24,50,61,61,61],"floor_reached":32,"playtime":3381,"items_purged":[],"score":342,"play_id":"c31250b1-01eb-450e-ac87-b8e99f07d1e0","local_time":"20201219235056","is_ascension_mode":true,"campfire_choices":[{"floor":7,"key":"REST"},{"floor":15,"key":"REST"},{"floor":17,"key":"REST"},{"floor":26,"key":"REST"},{"floor":29,"key":"REST"}],"circlet_count":0,"master_deck":["Strike_G","Strike_G","Strike_G","Strike_G","Strike_G","Defend_G","Defend_G","Defend_G","Defend_G","Defend_G","Survivor","Neutralize","Malaise","Blur","Backflip","Blade Dance","Crippling Poison","Flying Knee","Riddle With Holes","Hidden Blade","Distraction","Flying Knee+1","Cloak And Dagger","Atom Bomb+1","Sucker Punch+1","Slice+1","Quick Slash+1","PiercingWail","Dodge and Roll","Cloak And Dagger+1","Phantasmal Killer","Choke+1","expansioncontent:Hexaburn+1","RitualDagger+1","Bouncing Flask+1","Accuracy","Sadistic Nature","hubris:SlightOfHand","Accuracy"],"relics":["Ring of the Snake","Darkstone Periapt","Anchor","Molten Egg 2","hubris:Backtick","Orrery","Ninja Scroll","hubris:ToyBattleship"],"acts_visited":["Exordium","TheCity"],"potions_floor_usage":[6,8,18,18,25,25],"damage_taken":[{"damage":3,"enemies":"Jaw Worm","floor":1,"turns":4},{"damage":0,"enemies":"Cultist","floor":3,"turns":4},{"damage":4,"enemies":"2 Louse","floor":5,"turns":2},{"damage":21,"enemies":"Lagavulin","floor":6,"turns":9},{"damage":20,"enemies":"Gremlin Nob","floor":8,"turns":4},{"damage":0,"enemies":"Exordium Wildlife","floor":10,"turns":3},{"damage":10,"enemies":"2 Fungi Beasts","floor":14,"turns":3},{"damage":1,"enemies":"Looter","floor":16,"turns":4},{"damage":34,"enemies":"Hexaghost","floor":18,"turns":13},{"damage":18,"enemies":"Shell Parasite","floor":20,"turns":8},{"damage":0,"enemies":"Chosen","floor":24,"turns":3},{"damage":51,"enemies":"Gremlin Leader","floor":25,"turns":6},{"damage":15,"enemies":"Replay:Snechameleon","floor":30,"turns":4},{"damage":42,"enemies":"Centurion and Healer","floor":31,"turns":4},{"damage":35,"enemies":"Gremlin Leader","floor":32,"turns":6}],"seed_played":"-4197092279986054011","potions_obtained":[{"floor":1,"key":"Venom Potion"},{"floor":6,"key":"SteroidPotion"},{"floor":14,"key":"Adrenaline Potion"},{"floor":16,"key":"FearPotion"},{"floor":18,"key":"FairyPotion"},{"floor":20,"key":"LiquidBronze"},{"floor":31,"key":"FairyPotion"}],"is_trial":false,"path_per_floor":["M","$","M","?","M","E","R","E","T","M","PTL","PTL","?","M","R","M","R","B",null,"M","$","?","?","M","E","R","$","T","R","E","M","E"],"character_chosen":"THE_SILENT","items_purchased":["Backflip","Blade Dance","SkillPotion","Phantasmal Killer","Choke+1","expansioncontent:Hexaburn+1","Accuracy","Sadistic Nature"],"campfire_rested":5,"item_purchase_floors":[2,2,21,21,21,21,27,27],"current_hp_per_floor":[67,67,67,67,63,42,63,43,43,43,43,43,36,26,47,46,67,33,70,52,52,46,46,46,21,42,42,42,63,48,6,0,0],"gold":61,"neow_bonus":"ONE_RANDOM_RARE_CARD","is_daily":false,"chose_seed":false,"campfire_upgraded":0,"win_rate":0.0,"timestamp":1608421856,"path_taken":["M","$","M","?","?","E","R","E","T","M","PTL","PTL","?","M","R","M","R","BOSS","M","$","?","?","M","E","R","?","T","R","E","M","E"],"items_purchased_type":["Card","Card","Potion","Card","Card","Card","Card","Card"],"build_version":"2020-12-13","purchased_purges":0,"victory":false,"max_hp_per_floor":[70,70,70,70,70,70,70,70,70,70,70,70,70,70,70,70,70,70,70,70,70,70,70,70,70,70,70,70,70,70,70,70,70],"card_choices":[{"not_picked":["Riddle With Holes","Escape Plan"],"picked":"Blur","floor":1},{"not_picked":["Prepared","Sucker Punch"],"picked":"Crippling Poison","floor":3},{"not_picked":["Bane","Deadly Poison"],"picked":"Flying Knee","floor":5},{"not_picked":["hubris:SlightOfHand","Bane"],"picked":"Riddle With Holes","floor":6},{"not_picked":["A Thousand Cuts","hubris:Sniper"],"picked":"Hidden Blade","floor":8},{"not_picked":["All Out Attack+1","Underhanded Strike+1"],"picked":"Distraction","floor":10},{"not_picked":["Underhanded Strike+1","Prepared"],"picked":"Flying Knee+1","floor":14},{"not_picked":["Bane+1","Leg Sweep"],"picked":"Cloak And Dagger","floor":16},{"not_picked":["Burst","A Thousand Cuts"],"picked":"Atom Bomb+1","floor":18},{"not_picked":["Crippling Poison","Dagger Throw+1"],"picked":"Sucker Punch+1","floor":19},{"not_picked":["Deadly Poison","Deflect"],"picked":"Slice+1","floor":19},{"not_picked":["Slice+1","Masterful Stab+1"],"picked":"Quick Slash+1","floor":19},{"not_picked":["All Out Attack+1","Expertise"],"picked":"PiercingWail","floor":19},{"not_picked":["Flying Knee+1","Acrobatics"],"picked":"Dodge and Roll","floor":19},{"not_picked":["Backflip","Flechettes+1"],"picked":"Cloak And Dagger+1","floor":20},{"not_picked":["Catalyst+1","Hidden Blade","Heel Hook+1"],"picked":"SKIP","floor":24},{"not_picked":["hubris:Sniper","Crippling Poison+1"],"picked":"Bouncing Flask+1","floor":25},{"not_picked":["Prepared","Hidden Blade"],"picked":"hubris:SlightOfHand","floor":30},{"not_picked":["Heel Hook+1","Dagger Spray+1"],"picked":"Accuracy","floor":31}],"player_experience":176176,"relics_obtained":[{"floor":6,"key":"Darkstone Periapt"},{"floor":8,"key":"Anchor"},{"floor":9,"key":"Molten Egg 2"},{"floor":25,"key":"Ninja Scroll"},{"floor":30,"key":"hubris:ToyBattleship"}],"event_choices":[{"damage_healed":0,"gold_gain":275,"player_choice":"Desecrate","damage_taken":0,"max_hp_gain":0,"max_hp_loss":0,"event_name":"Golden Shrine","floor":4,"gold_loss":0,"cards_obtained":["Regret"]},{"cards_removed":["Regret"],"damage_healed":0,"gold_gain":0,"player_choice":"Card Removal","damage_taken":7,"max_hp_gain":0,"max_hp_loss":0,"event_name":"Golden Wing","floor":13,"gold_loss":0},{"damage_healed":0,"gold_gain":0,"player_choice":"Joined the Cult","damage_taken":6,"max_hp_gain":0,"max_hp_loss":0,"event_name":"Nest","floor":22,"gold_loss":0,"cards_obtained":["RitualDagger"]}],"is_beta":false,"boss_relics":[{"not_picked":["hubris:ScarierMask","Ring of Chaos"],"picked":"hubris:Backtick"}],"items_purged_floors":[],"is_endless":false,"potions_floor_spawned":[1,6,14,16,18,20,24,31],"killed_by":"Gremlin Leader","ascension_level":2}}