{"host":"26mrfot5w7uj2ebc","time":1608374342,"event":{"mods":["AchievementEnabler","BaseMod","Colored Map","Minty Spire (QoL Compilation)"],"gold_per_floor":[118,132,12,30,49,80,96,110,110,285,285,296,326,20,20,124,124,136,156,168,182,182,182,196,196,222,237,257,271,0,0,0,0,0],"floor_reached":33,"playtime":1128,"items_purged":[],"score":280,"play_id":"be19bd7b-27ed-48ec-94a8-4ac9f6bb024a","local_time":"20201219193902","is_ascension_mode":false,"campfire_choices":[{"data":"Armaments","floor":11.0,"key":"SMITH"},{"floor":15.0,"key":"REST"},{"floor":23.0,"key":"REST"},{"data":"Infernal Blade","floor":25.0,"key":"SMITH"},{"floor":32,"key":"REST"}],"circlet_count":0,"master_deck":["Defend_R","Defend_R","Defend_R","Defend_R","Bash","Armaments+1","Cleave","Spot Weakness","Clothesline","Perfected Strike","Infernal Blade+1","Feel No Pain","Heavy Blade","Offering","Sword Boomerang+1","Fire Breathing+1","Sever Soul+1","Thunderclap","Limit Break","Dual Wield+1","Searing Blow+1","Twin Strike","Bite","Bite","Bite","Bite","Bite"],"relics":["Burning Blood","NeowsBlessing","StrikeDummy","Bag of Marbles","Self Forming Clay","Letter Opener","Strange Spoon","Boot","SlaversCollar"],"acts_visited":["Exordium","TheCity"],"potions_floor_usage":[33],"damage_taken":[{"damage":0.0,"enemies":"Small Slimes","floor":1.0,"turns":1.0},{"damage":0.0,"enemies":"Cultist","floor":2.0,"turns":1.0},{"damage":0.0,"enemies":"2 Louse","floor":4.0,"turns":1.0},{"damage":12.0,"enemies":"Large Slime","floor":5.0,"turns":3.0},{"damage":31.0,"enemies":"3 Sentries","floor":6.0,"turns":5.0},{"damage":23.0,"enemies":"Exordium Wildlife","floor":7.0,"turns":3.0},{"damage":0.0,"enemies":"Gremlin Gang","floor":8.0,"turns":1.0},{"damage":1.0,"enemies":"2 Fungi Beasts","floor":12.0,"turns":2.0},{"damage":38.0,"enemies":"The Guardian","floor":16.0,"turns":10.0},{"damage":25.0,"enemies":"Shell Parasite","floor":18.0,"turns":4.0},{"damage":21.0,"enemies":"2 Thieves","floor":19.0,"turns":3.0},{"damage":21.0,"enemies":"Snake Plant","floor":20.0,"turns":4.0},{"damage":21.0,"enemies":"Centurion and Healer","floor":21.0,"turns":4.0},{"damage":22.0,"enemies":"Snecko","floor":24.0,"turns":4.0},{"damage":10.0,"enemies":"Chosen and Byrds","floor":27.0,"turns":6.0},{"damage":0.0,"enemies":"Snake Plant","floor":28.0,"turns":1.0},{"damage":13.0,"enemies":"Centurion and Healer","floor":29.0,"turns":6.0},{"damage":64,"enemies":"Collector","floor":33,"turns":6}],"seed_played":"9052246648987902632","potions_obtained":[{"floor":4.0,"key":"Fruit Juice"},{"floor":6.0,"key":"Dexterity Potion"},{"floor":7.0,"key":"ColorlessPotion"},{"floor":12.0,"key":"Block Potion"},{"floor":19.0,"key":"PowerPotion"},{"floor":20.0,"key":"Strength Potion"},{"floor":24.0,"key":"EntropicBrew"},{"floor":27.0,"key":"SpeedPotion"}],"is_trial":false,"path_per_floor":["M","M","?","M","M","E","M","M","T","?","R","M","?","$","R","B",null,"M","M","M","M","?","R","M","R","T","M","M","M","?","?","R","B"],"character_chosen":"IRONCLAD","items_purchased":["Strange Spoon","Boot"],"campfire_rested":3,"item_purchase_floors":[14,14],"current_hp_per_floor":[80,80,80,85,79,54,37,43,43,43,43,48,48,48,73,41,85,66,51,36,21,21,46,30,30,30,26,32,25,25,25,42,0,0],"gold":0,"neow_bonus":"THREE_ENEMY_KILL","is_daily":false,"chose_seed":false,"campfire_upgraded":2,"win_rate":0.0,"timestamp":1608374342,"path_taken":["M","M","?","M","M","E","M","?","T","?","R","M","?","?","R","BOSS","M","M","?","M","?","R","M","R","T","?","M","M","?","?","R","BOSS"],"items_purchased_type":["Relic","Relic"],"build_version":"2020-12-13","purchased_purges":0,"victory":false,"max_hp_per_floor":[80,80,80,85,85,85,85,85,85,85,85,85,85,85,85,85,85,85,85,85,85,85,85,85,85,85,85,85,85,85,59,59,59,59],"card_choices":[{"not_picked":["Heavy Blade","Blood for Blood"],"picked":"Armaments","floor":1.0},{"not_picked":["Sentinel","Twin Strike"],"picked":"Cleave","floor":2.0},{"not_picked":["Sword Boomerang","Feed"],"picked":"Spot Weakness","floor":4.0},{"not_picked":["Warcry","Armaments"],"picked":"Clothesline","floor":5.0},{"not_picked":["Battle Trance","Shockwave"],"picked":"Perfected Strike","floor":6.0},{"not_picked":["Blood for Blood","Armaments"],"picked":"Infernal Blade","floor":7.0},{"not_picked":["Intimidate","Shrug It Off"],"picked":"Feel No Pain","floor":8.0},{"not_picked":["True Grit","Juggernaut"],"picked":"Heavy Blade","floor":12.0},{"not_picked":["Brutality","Exhume"],"picked":"Offering","floor":16.0},{"not_picked":["Cleave","Feel No Pain+1"],"picked":"Sword Boomerang+1","floor":18.0},{"not_picked":["Flex+1","Headbutt"],"picked":"Fire Breathing+1","floor":19.0},{"not_picked":["Cleave","Bloodletting"],"picked":"Sever Soul+1","floor":20.0},{"not_picked":["Spot Weakness","Pommel Strike"],"picked":"Thunderclap","floor":21.0},{"not_picked":["Clothesline","True Grit"],"picked":"Limit Break","floor":24.0},{"not_picked":["Wild Strike+1","Whirlwind"],"picked":"Dual Wield+1","floor":27.0},{"not_picked":["Clash","Flex+1"],"picked":"Searing Blow+1","floor":28.0},{"not_picked":["Headbutt","Pommel Strike"],"picked":"Twin Strike","floor":29.0}],"player_experience":180908,"relics_obtained":[{"floor":6.0,"key":"Bag of Marbles"},{"floor":9.0,"key":"Self Forming Clay"}],"event_choices":[{"damage_healed":0.0,"max_hp_gain":0.0,"max_hp_loss":0.0,"gold_gain":0.0,"event_name":"WeMeetAgain","player_choice":"Paid Gold","floor":3.0,"gold_loss":120.0,"damage_taken":0.0,"relics_obtained":["StrikeDummy"]},{"damage_healed":0.0,"max_hp_gain":0.0,"max_hp_loss":0.0,"gold_gain":175.0,"event_name":"Liars Game","player_choice":"AGREE","floor":10.0,"gold_loss":0.0,"damage_taken":0.0,"cards_obtained":["Doubt"]},{"damage_healed":0.0,"max_hp_gain":0.0,"max_hp_loss":0.0,"gold_gain":30.0,"event_name":"Dead Adventurer","player_choice":"Searched \u00273\u0027 times","floor":13.0,"gold_loss":0.0,"damage_taken":0.0,"relics_obtained":["Letter Opener"]},{"cards_removed":["Doubt"],"damage_healed":0.0,"max_hp_gain":0.0,"max_hp_loss":0.0,"gold_gain":0.0,"event_name":"Fountain of Cleansing","player_choice":"Removed Curses","floor":22.0,"gold_loss":0.0,"damage_taken":0.0},{"damage_healed":0,"gold_gain":0,"player_choice":"Paid Fearfully","damage_taken":0,"max_hp_gain":0,"max_hp_loss":0,"event_name":"Masked Bandits","floor":30,"gold_loss":271},{"damage_healed":0,"gold_gain":0,"player_choice":"Became a vampire","damage_taken":0,"max_hp_gain":0,"max_hp_loss":26,"event_name":"Vampires","floor":31,"gold_loss":0,"cards_obtained":["Bite","Bite","Bite","Bite","Bite"]}],"is_beta":false,"boss_relics":[{"not_picked":["Busted Crown","SacredBark"],"picked":"SlaversCollar"}],"items_purged_floors":[],"is_endless":false,"potions_floor_spawned":[4,6,7,12,19,20,24,27],"killed_by":"Collector","ascension_level":0}}