{"host":"qkcfkaplhifbw24p","time":1608369114,"event":{"mods":["BaseMod","Colored Map","Colored Powertips","Hermit","Marisa????????","Minty Spire (QoL Compilation)","Quick Restart","Rare Cards Sparkle","StSLib","SuperFastMode"],"gold_per_floor":[109,128,128,140,154,184,184,204,204,222,222,222,245,95,95,224,224,245,261,186,186,206,206,240,240,290,321,321,331,331,344,344,344,344],"floor_reached":33,"playtime":897,"items_purged":["Injury"],"score":312,"play_id":"68341497-ecd0-4403-a350-6409774bf47b","local_time":"20201219041154","is_ascension_mode":false,"campfire_choices":[{"data":"Juggernaut","floor":7,"key":"SMITH"},{"data":"Shrug It Off","floor":11,"key":"SMITH"},{"data":"Defend_R","floor":15,"key":"SMITH"},{"data":"Disarm","floor":23,"key":"SMITH"},{"data":"Defend_R","floor":28,"key":"SMITH"},{"data":"Double Tap","floor":32,"key":"SMITH"}],"circlet_count":0,"master_deck":["Defend_R+1","Defend_R+1","Defend_R+1","Defend_R+1","Bash","Twin Strike+1","Cleave","Juggernaut+1","Shrug It Off+1","Disarm+1","Double Tap+1","Shrug It Off+1","Bite","Bite","Bite","Bite","Bite","Thunderclap","Flame Barrier"],"relics":["Burning Blood","NeowsBlessing","Ornamental Fan","Odd Mushroom","Eternal Feather","Bloody Idol","Velvet Choker","War Paint","Potion Belt","Gremlin Horn"],"acts_visited":["Exordium","TheCity"],"potions_floor_usage":[16,24,33],"damage_taken":[{"damage":0,"enemies":"2 Louse","floor":1,"turns":1},{"damage":0,"enemies":"Jaw Worm","floor":2,"turns":1},{"damage":0,"enemies":"Small Slimes","floor":4,"turns":1},{"damage":10,"enemies":"Looter","floor":5,"turns":2},{"damage":45,"enemies":"Gremlin Nob","floor":6,"turns":5},{"damage":15,"enemies":"The Mushroom Lair","floor":8,"turns":4},{"damage":5,"enemies":"Large Slime","floor":10,"turns":6},{"damage":1,"enemies":"2 Fungi Beasts","floor":13,"turns":3},{"damage":9,"enemies":"The Guardian","floor":16,"turns":9},{"damage":6,"enemies":"Chosen","floor":18,"turns":4},{"damage":8,"enemies":"Shell Parasite","floor":19,"turns":6},{"damage":11,"enemies":"Snecko","floor":22,"turns":6},{"damage":12,"enemies":"Gremlin Leader","floor":24,"turns":6},{"damage":12,"enemies":"Book of Stabbing","floor":27,"turns":6},{"damage":7,"enemies":"Centurion and Healer","floor":29,"turns":7},{"damage":22,"enemies":"Snake Plant","floor":31,"turns":5},{"damage":59,"enemies":"Automaton","floor":33,"turns":6}],"seed_played":"-8412913183484884150","potions_obtained":[{"floor":2,"key":"Dexterity Potion"},{"floor":6,"key":"PowerPotion"},{"floor":13,"key":"Explosive Potion"},{"floor":18,"key":"Explosive Potion"},{"floor":24,"key":"DuplicationPotion"},{"floor":31,"key":"BlessingOfTheForge"}],"is_trial":false,"path_per_floor":["M","M","?","M","M","E","R","?","T","M","R","?","M","$","R","B",null,"M","M","?","?","M","R","E","?","T","E","R","M","?","M","R","B"],"character_chosen":"IRONCLAD","items_purchased":["Disarm"],"campfire_rested":0,"item_purchase_floors":[14],"current_hp_per_floor":[80,80,80,80,76,37,37,28,28,29,35,35,40,40,49,46,80,80,78,78,56,55,56,56,56,56,56,56,56,56,49,56,0,0],"gold":344,"neow_bonus":"THREE_ENEMY_KILL","is_daily":false,"chose_seed":false,"campfire_upgraded":6,"win_rate":0.0,"timestamp":1608369114,"path_taken":["M","M","?","M","M","E","R","?","T","M","R","?","M","$","R","BOSS","M","M","?","?","M","R","E","?","T","E","R","M","?","?","R","BOSS"],"items_purchased_type":["Card"],"build_version":"2020-12-13","purchased_purges":1,"victory":false,"max_hp_per_floor":[80,80,80,80,80,80,80,80,80,80,80,80,80,80,80,80,80,80,80,80,56,56,56,56,56,56,56,56,56,56,56,56,56,56],"card_choices":[{"not_picked":["Shrug It Off","Perfected Strike"],"picked":"Twin Strike","floor":1},{"not_picked":["Armaments","Flex"],"picked":"Cleave","floor":2},{"not_picked":["Clash","Thunderclap"],"picked":"Juggernaut","floor":4},{"not_picked":["Pommel Strike","Cleave"],"picked":"Shrug It Off","floor":5},{"not_picked":["Infernal Blade","Iron Wave","Second Wind"],"picked":"SKIP","floor":6},{"not_picked":["Headbutt","Cleave","Uppercut"],"picked":"SKIP","floor":10},{"not_picked":["Evolve","Headbutt","Heavy Blade"],"picked":"SKIP","floor":13},{"not_picked":["Reaper","Offering"],"picked":"Double Tap","floor":16},{"not_picked":["Clash","Iron Wave"],"picked":"Shrug It Off+1","floor":18},{"not_picked":["Heavy Blade","True Grit","Sword Boomerang"],"picked":"SKIP","floor":19},{"not_picked":["Heavy Blade","True Grit","Sword Boomerang"],"picked":"SKIP","floor":19},{"not_picked":["Warcry+1","Dropkick+1","Heavy Blade"],"picked":"SKIP","floor":22},{"not_picked":["Sword Boomerang+1","Hemokinesis","Searing Blow"],"picked":"SKIP","floor":24},{"not_picked":["Exhume","Dark Embrace","Dropkick"],"picked":"SKIP","floor":27},{"not_picked":["Second Wind","Wild Strike","Sentinel"],"picked":"SKIP","floor":29},{"not_picked":["Flex","Clash+1"],"picked":"Flame Barrier","floor":31}],"player_experience":1444089,"relics_obtained":[{"floor":6,"key":"Ornamental Fan"},{"floor":8,"key":"Odd Mushroom"},{"floor":9,"key":"Eternal Feather"},{"floor":24,"key":"War Paint"},{"floor":26,"key":"Potion Belt"},{"floor":27,"key":"Gremlin Horn"}],"event_choices":[{"damage_healed":0,"gold_gain":0,"player_choice":"Grow","damage_taken":0,"max_hp_gain":0,"max_hp_loss":0,"event_name":"Living Wall","floor":3,"gold_loss":0,"cards_upgraded":["Twin Strike"]},{"damage_healed":0,"gold_gain":0,"player_choice":"Fought Mushrooms","damage_taken":0,"max_hp_gain":0,"max_hp_loss":0,"event_name":"Mushrooms","floor":8,"gold_loss":0},{"damage_healed":0,"gold_gain":0,"player_choice":"Take Wound","damage_taken":0,"relics_obtained":["Golden Idol"],"max_hp_gain":0,"max_hp_loss":0,"event_name":"Golden Idol","floor":12,"gold_loss":0,"cards_obtained":["Injury"]},{"cards_removed":["Strike_R"],"damage_healed":0,"gold_gain":0,"player_choice":"Gave Gold","damage_taken":0,"max_hp_gain":0,"max_hp_loss":0,"event_name":"Beggar","floor":20,"gold_loss":75},{"damage_healed":0,"gold_gain":0,"player_choice":"Became a vampire","damage_taken":0,"max_hp_gain":0,"max_hp_loss":24,"event_name":"Vampires","floor":21,"gold_loss":0,"cards_obtained":["Bite","Bite","Bite","Bite","Bite"]},{"damage_healed":0,"gold_gain":0,"player_choice":"Gave Idol","damage_taken":0,"relics_obtained":["Bloody Idol"],"max_hp_gain":0,"max_hp_loss":0,"event_name":"Forgotten Altar","floor":25,"relics_lost":["Golden Idol"],"gold_loss":0},{"damage_healed":0,"gold_gain":0,"player_choice":"Read","damage_taken":0,"max_hp_gain":0,"max_hp_loss":0,"event_name":"The Library","floor":30,"gold_loss":0,"cards_obtained":["Thunderclap"]}],"is_beta":false,"boss_relics":[{"not_picked":["Tiny House","Fusion Hammer"],"picked":"Velvet Choker"}],"items_purged_floors":[14],"is_endless":false,"potions_floor_spawned":[2,6,13,18,19,24,31],"killed_by":"Automaton","ascension_level":0}}