{"host":"hjw1ay65n7jm40lc","time":1608346673,"event":{"mods":["AchievementEnabler","BaseMod","Colored Map","Colored Powertips","Googly Eyes","Highlight Path","Minty Spire (QoL Compilation)","Quick Restart","Relic Stats"],"gold_per_floor":[109,109,128,128,128,128,158,169,169,189,189,201,215,15,15,113,113,123,123,21,120,120,145,145,158,158,186,186,206,232,248,248,348,348,360,378,378,378,389,389,389,389],"floor_reached":41,"playtime":6323,"items_purged":["Strike_G"],"score":677,"play_id":"db1f45e7-68fe-493f-be64-4540b0598ae1","local_time":"20201218215753","is_ascension_mode":true,"campfire_choices":[{"data":"Sucker Punch","floor":6.0,"key":"SMITH"},{"data":"Footwork","floor":11.0,"key":"SMITH"},{"data":"Storm of Steel","floor":15.0,"key":"SMITH"},{"floor":24.0,"key":"REST"},{"floor":28.0,"key":"REST"},{"floor":32.0,"key":"REST"},{"floor":40,"key":"REST"}],"circlet_count":0,"master_deck":["AscendersBane","Strike_G","Defend_G","Defend_G","Defend_G","Defend_G","Survivor","Neutralize","Poisoned Stab","Sucker Punch+1","Storm of Steel+1","Blade Dance","Footwork+1","Backstab+1","Quick Slash+1","Blade Dance+1","Dodge and Roll+1","Choke+1","After Image","Footwork+1","PiercingWail+1","Slice+1","Accuracy+1","Die Die Die+1","Phantasmal Killer+1","Calculated Gamble+1"],"relics":["Empty Cage","Molten Egg 2","Toxic Egg 2","Runic Pyramid","Orichalcum","Frozen Egg 2","Smiling Mask","Tiny Chest","HoveringKite"],"acts_visited":["Exordium","TheCity","TheBeyond"],"potions_floor_usage":[],"damage_taken":[{"damage":3.0,"enemies":"2 Louse","floor":1.0,"turns":3.0},{"damage":4.0,"enemies":"Small Slimes","floor":3.0,"turns":4.0},{"damage":25.0,"enemies":"Lagavulin","floor":7.0,"turns":7.0},{"damage":2.0,"enemies":"Cultist","floor":8.0,"turns":4.0},{"damage":0.0,"enemies":"Blue Slaver","floor":10.0,"turns":5.0},{"damage":0.0,"enemies":"Looter","floor":12.0,"turns":3.0},{"damage":0.0,"enemies":"Large Slime","floor":13.0,"turns":4.0},{"damage":16.0,"enemies":"Hexaghost","floor":16.0,"turns":9.0},{"damage":4.0,"enemies":"3 Byrds","floor":18.0,"turns":5.0},{"damage":36.0,"enemies":"Slavers","floor":23.0,"turns":9.0},{"damage":0.0,"enemies":"Spheric Guardian","floor":25.0,"turns":5.0},{"damage":11.0,"enemies":"Book of Stabbing","floor":27.0,"turns":5.0},{"damage":28.0,"enemies":"Shelled Parasite and Fungi","floor":29.0,"turns":5.0},{"damage":2.0,"enemies":"Gremlin Leader","floor":30.0,"turns":7.0},{"damage":11.0,"enemies":"Snake Plant","floor":31.0,"turns":4.0},{"damage":25.0,"enemies":"Collector","floor":33.0,"turns":10.0},{"damage":41.0,"enemies":"3 Darklings","floor":35.0,"turns":6.0},{"damage":1,"enemies":"3 Shapes","floor":36,"turns":5},{"damage":0,"enemies":"Maw","floor":39,"turns":5},{"damage":57,"enemies":"Giant Head","floor":41,"turns":6}],"seed_played":"5745527892872445440","potions_obtained":[{"floor":1.0,"key":"AttackPotion"},{"floor":8.0,"key":"Poison Potion"},{"floor":12.0,"key":"Strength Potion"},{"floor":27.0,"key":"Dexterity Potion"},{"floor":29.0,"key":"AttackPotion"},{"floor":30.0,"key":"Fruit Juice"},{"floor":31.0,"key":"Poison Potion"},{"floor":36,"key":"LiquidBronze"}],"is_trial":false,"path_per_floor":["M","?","M","?","?","R","E","M","T","M","R","M","M","$","R","B",null,"M","?","$","?","?","E","R","M","T","E","R","M","E","M","R","B",null,"M","M","?","?","M","R","E"],"character_chosen":"THE_SILENT","items_purchased":["Dodge and Roll+1","Choke+1","PiercingWail+1","Explosive Potion"],"campfire_rested":4,"item_purchase_floors":[14,14,20,20],"current_hp_per_floor":[60,53,49,49,49,49,24,22,22,22,22,22,22,22,22,6,54,50,50,50,50,50,14,35,35,35,24,45,17,15,9,31,6,58,17,16,16,16,16,37,0,0],"gold":389,"neow_bonus":"BOSS_RELIC","is_daily":false,"chose_seed":false,"campfire_upgraded":3,"win_rate":0.0,"timestamp":1608346673,"path_taken":["M","?","M","?","?","R","E","M","T","M","R","?","M","$","R","BOSS","M","?","$","?","?","E","R","M","T","E","R","?","E","M","R","BOSS","M","M","?","?","M","R","E"],"items_purchased_type":["Card","Card","Card","Potion"],"build_version":"2020-12-13","purchased_purges":1,"victory":false,"max_hp_per_floor":[70,70,70,70,70,70,70,70,70,70,70,70,70,70,70,70,70,70,70,70,70,70,70,70,70,70,70,70,70,70,75,75,75,75,75,75,75,71,71,71,71,71],"relic_stats":{"counters":[20,111],"HoveringKite":[6],"Tiny Chest":0,"Orichalcum":[30],"Smiling Mask":0,"obtain_stats":[{"HoveringKite":34,"Molten Egg 2":7,"Tiny Chest":30,"Toxic Egg 2":9,"Orichalcum":23,"Frozen Egg 2":26,"Empty Cage":0,"Smiling Mask":27,"Ring of the Snake":0,"Runic Pyramid":17},{"HoveringKite":16,"Molten Egg 2":3,"Tiny Chest":14,"Toxic Egg 2":4,"Orichalcum":10,"Frozen Egg 2":11,"Empty Cage":0,"Smiling Mask":12,"Ring of the Snake":0,"Runic Pyramid":8},{"HoveringKite":89,"Molten Egg 2":14,"Tiny Chest":75,"Toxic Egg 2":18,"Orichalcum":53,"Frozen Egg 2":58,"Empty Cage":0,"Smiling Mask":63,"Ring of the Snake":0,"Runic Pyramid":39}]},"card_choices":[{"not_picked":["Reflex","Quick Slash"],"picked":"Poisoned Stab","floor":1.0},{"not_picked":["Setup","Deadly Poison"],"picked":"Sucker Punch","floor":3.0},{"not_picked":["Prepared","Acrobatics"],"picked":"Blade Dance","floor":7.0},{"not_picked":["Outmaneuver","Storm of Steel"],"picked":"Footwork","floor":8.0},{"not_picked":["Blade Dance+1","Underhanded Strike+1"],"picked":"Backstab+1","floor":10.0},{"not_picked":["Heel Hook+1","Masterful Stab+1"],"picked":"Quick Slash+1","floor":12.0},{"not_picked":["PiercingWail+1","Expertise+1"],"picked":"Blade Dance+1","floor":13.0},{"not_picked":["Bullet Time+1","Die Die Die+1"],"picked":"After Image","floor":16.0},{"not_picked":["Calculated Gamble+1","Prepared+1"],"picked":"Footwork+1","floor":18.0},{"not_picked":["Expertise+1","Choke+1","Dagger Spray+1"],"picked":"SKIP","floor":23.0},{"not_picked":["Acrobatics+1","Flying Knee+1"],"picked":"Slice+1","floor":25.0},{"not_picked":["All Out Attack+1","Acrobatics+1","PiercingWail+1"],"picked":"SKIP","floor":27.0},{"not_picked":["PiercingWail+1","Blade Dance+1","All Out Attack+1"],"picked":"SKIP","floor":29.0},{"not_picked":["Blur+1","Caltrops+1"],"picked":"Accuracy+1","floor":30.0},{"not_picked":["Dagger Throw+1","Acrobatics+1"],"picked":"Die Die Die+1","floor":31.0},{"not_picked":["A Thousand Cuts+1","Bullet Time+1"],"picked":"Phantasmal Killer+1","floor":33.0},{"not_picked":["Quick Slash+1","Sucker Punch+1","Skewer+1"],"picked":"SKIP","floor":35.0},{"not_picked":["Quick Slash+1","Sucker Punch+1","Skewer+1"],"picked":"SKIP","floor":35.0},{"not_picked":["Deadly Poison+1","Well Laid Plans+1","Escape Plan+1"],"picked":"SKIP","floor":36},{"not_picked":["Dagger Throw+1","Cloak And Dagger+1"],"picked":"Calculated Gamble+1","floor":39}],"player_experience":343856,"relics_obtained":[{"floor":7.0,"key":"Molten Egg 2"},{"floor":9.0,"key":"Toxic Egg 2"},{"floor":23.0,"key":"Orichalcum"},{"floor":26.0,"key":"Frozen Egg 2"},{"floor":27.0,"key":"Smiling Mask"},{"floor":30.0,"key":"Tiny Chest"}],"event_choices":[{"cards_removed":["Strike_G"],"damage_healed":0.0,"max_hp_gain":0.0,"max_hp_loss":0.0,"gold_gain":0.0,"event_name":"Golden Wing","player_choice":"Card Removal","floor":2.0,"gold_loss":0.0,"damage_taken":7.0},{"damage_healed":0.0,"max_hp_gain":0.0,"max_hp_loss":0.0,"gold_gain":0.0,"event_name":"Liars Game","player_choice":"Ignored","floor":4.0,"gold_loss":0.0,"damage_taken":0.0},{"damage_healed":0.0,"max_hp_gain":0.0,"max_hp_loss":0.0,"gold_gain":0.0,"cards_transformed":["Strike_G"],"event_name":"Transmorgrifier","player_choice":"Transformed","floor":5.0,"gold_loss":0.0,"damage_taken":0.0,"cards_obtained":["Storm of Steel"]},{"damage_healed":0.0,"max_hp_gain":0.0,"max_hp_loss":0.0,"gold_gain":0.0,"event_name":"Forgotten Altar","player_choice":"Smashed Altar","floor":19.0,"gold_loss":0.0,"damage_taken":0.0,"cards_obtained":["Decay"]},{"damage_healed":0.0,"max_hp_gain":0.0,"max_hp_loss":0.0,"gold_gain":99.0,"event_name":"Nest","player_choice":"Stole From Cult","floor":21.0,"gold_loss":0.0,"damage_taken":0.0},{"cards_removed":["Decay"],"damage_healed":0.0,"max_hp_gain":0.0,"max_hp_loss":0.0,"gold_gain":0.0,"event_name":"Fountain of Cleansing","player_choice":"Removed Curses","floor":22.0,"gold_loss":0.0,"damage_taken":0.0},{"damage_healed":0,"gold_gain":0,"player_choice":"Ignored","damage_taken":0,"max_hp_gain":0,"max_hp_loss":0,"event_name":"Tomb of Lord Red Mask","floor":37,"gold_loss":0},{"damage_healed":0,"gold_gain":0,"player_choice":"Max HP","damage_taken":0,"max_hp_gain":0,"max_hp_loss":4,"event_name":"Winding Halls","floor":38,"gold_loss":0}],"is_beta":false,"boss_relics":[{"not_picked":["Snecko Eye","Busted Crown"],"picked":"Runic Pyramid"},{"not_picked":["SlaversCollar","Pandora\u0027s Box"],"picked":"HoveringKite"}],"items_purged_floors":[14],"is_endless":false,"potions_floor_spawned":[1,8,12,27,29,30,31,36],"killed_by":"Giant Head","ascension_level":10}}