{"host":"drk0p5jtlzl1xmwe","time":1608386010,"event":{"mods":["2.2 Compatiblity","AchievementEnabler","Act Like it!","Bard","BaseMod","Better Note","Better Vampires","Ekko","Friendly Minions","Hermit","Hubris","Infinite Spire","Luminous","Marisa????????","Minty Spire (QoL Compilation)","Rare Cards Sparkle","Relic Stats","Replay The Spire","Shade Mod","StSLib","The Animator","The Bug Knight","The Cursed","The Disciple","The Gatherer","The Servant 0.9.4","The Spell Scribe"],"gold_per_floor":[115,115,64,77,94,128,128,80,107,119,119,119],"floor_reached":11,"playtime":587,"items_purged":["Defend_G"],"score":84,"play_id":"62b94fdd-c136-46b6-9327-63749798a0c9","local_time":"20201219135330","is_ascension_mode":true,"campfire_choices":[{"data":"Poisoned Stab","floor":7,"key":"SMITH"}],"circlet_count":0,"master_deck":["Strike_G","Strike_G","Strike_G","Strike_G","Defend_G","Defend_G","Defend_G","Defend_G","Survivor","Neutralize+1","Poisoned Stab","Poisoned Stab+1","Well Laid Plans","Infinite Blades","Poisoned Stab","Footwork","Cloak And Dagger"],"relics":["Ring of the Snake","Omamori","ReplayTheSpireMod:CursedCoin","Oddly Smooth Stone"],"acts_visited":["Exordium"],"potions_floor_usage":[6,6],"damage_taken":[{"damage":1,"enemies":"2 Louse","floor":1,"turns":3},{"damage":0,"enemies":"Cultist","floor":4,"turns":3},{"damage":5,"enemies":"Jaw Worm","floor":5,"turns":3},{"damage":30,"enemies":"Lagavulin","floor":6,"turns":7},{"damage":10,"enemies":"3 Louse","floor":10,"turns":3},{"damage":27,"enemies":"3 Sentries","floor":11,"turns":8}],"seed_played":"-6795093958814604314","potions_obtained":[{"floor":1,"key":"Explosive Potion"},{"floor":5,"key":"GamblersBrew"},{"floor":6,"key":"Ancient Potion"}],"is_trial":false,"path_per_floor":["M","?","$","M","M","E","R","$","T","M","E"],"character_chosen":"THE_SILENT","items_purchased":["Poisoned Stab","ReplayTheSpireMod:CursedCoin","Poisoned Stab","Footwork"],"campfire_rested":0,"item_purchase_floors":[3,8,8,8],"current_hp_per_floor":[69,69,69,69,64,34,34,34,34,24,0,0],"gold":119,"neow_bonus":"UPGRADE_CARD","is_daily":false,"chose_seed":false,"campfire_upgraded":1,"win_rate":0.0,"timestamp":1608386010,"path_taken":["M","?","$","M","M","E","R","?","T","M","E"],"items_purchased_type":["Card","Relic","Card","Card"],"build_version":"2020-12-13","purchased_purges":1,"victory":false,"max_hp_per_floor":[70,70,70,70,70,70,70,70,70,70,70,70],"relic_stats":{"counters":[6,27],"obtain_stats":[{"ReplayTheSpireMod:CursedCoin":8,"Oddly Smooth Stone":9,"Omamori":6,"Ring of the Snake":0},{"ReplayTheSpireMod:CursedCoin":4,"Oddly Smooth Stone":4,"Omamori":4,"Ring of the Snake":0},{"ReplayTheSpireMod:CursedCoin":16,"Oddly Smooth Stone":16,"Omamori":16,"Ring of the Snake":0}],"Ring of the Snake":[12]},"card_choices":[{"not_picked":["Deadly Poison","Flying Knee"],"picked":"Poisoned Stab","floor":1},{"not_picked":["Outmaneuver","Terror","Slice"],"picked":"SKIP","floor":4},{"not_picked":["PiercingWail","Hidden Blade"],"picked":"Well Laid Plans","floor":5},{"not_picked":["Hidden Blade","Cloak And Dagger"],"picked":"Infinite Blades","floor":6},{"not_picked":["Riddle With Holes","Sucker Punch"],"picked":"Cloak And Dagger","floor":10}],"player_experience":652755,"relics_obtained":[{"floor":6,"key":"Omamori"},{"floor":9,"key":"Oddly Smooth Stone"}],"event_choices":[{"cards_removed":["Strike_G"],"damage_healed":0,"gold_gain":0,"player_choice":"Offered Basic","damage_taken":0,"max_hp_gain":0,"max_hp_loss":0,"event_name":"Bonfire Elementals","floor":2,"gold_loss":0}],"is_beta":false,"boss_relics":[],"items_purged_floors":[8],"is_endless":false,"potions_floor_spawned":[1,5,6],"killed_by":"3 Sentries","ascension_level":3}}