{"host":"6qohxdms6n72zb21","time":1608364087,"event":{"mods":["2.2 Compatiblity","Act Like it!","Ascension Reborn","BaseMod","Better Synergies","Better Third Choice","Downfall","Energized Spire","Hubris","Infinite Spire","Minty Spire (QoL Compilation)","Permanent Neow","Quick Restart","Replay The Spire","Spicy Shops","Spikes Relics","StSLib"],"gold_per_floor":[111,111,126,126,126,164,164,179,179],"floor_reached":8,"playtime":347,"items_purged":[],"score":54,"play_id":"b5e3ec3d-ef39-4403-a06c-9d3fedc0d9af","local_time":"20201219024807","is_ascension_mode":true,"campfire_choices":[{"floor":7,"key":"REST"}],"circlet_count":0,"master_deck":["Strike_B","Strike_B+1","Strike_B","Strike_B","Defend_B","Defend_B","Defend_B","Defend_B","Zap","Dualcast","Double Energy","Ball Lightning","Steam","Sickly","White Noise"],"relics":["Cracked Core","Golden Idol","ReplayTheSpireMod:Ring of Challenge","CrustySpines"],"acts_visited":["Exordium"],"potions_floor_usage":[8],"damage_taken":[{"damage":1,"enemies":"Jaw Worm","floor":1,"turns":3},{"damage":3,"enemies":"Small Slimes","floor":3,"turns":3},{"damage":26,"enemies":"3 Sentries","floor":6,"turns":6},{"damage":49,"enemies":"Replay:BlueRogue","floor":8,"turns":7}],"seed_played":"1459978576776561342","potions_obtained":[{"floor":3,"key":"Adrenaline Potion"}],"is_trial":false,"path_per_floor":["M","?","M","?","?","E","R","E"],"character_chosen":"DEFECT","items_purchased":[],"campfire_rested":1,"item_purchase_floors":[],"current_hp_per_floor":[74,74,71,53,53,27,49,0,0],"gold":179,"neow_bonus":"RANDOM_EVENT","is_daily":false,"chose_seed":false,"campfire_upgraded":0,"win_rate":0.0,"timestamp":1608364087,"path_taken":["M","?","M","?","?","E","R","E"],"items_purchased_type":[],"build_version":"2020-12-13","purchased_purges":0,"victory":false,"max_hp_per_floor":[75,75,75,75,75,75,75,75,75],"card_choices":[{"not_picked":["Leap","Compile Driver"],"picked":"Ball Lightning","floor":1},{"not_picked":["Coolheaded","Sweeping Beam"],"picked":"Steam","floor":3},{"not_picked":["Sunder","Cold Snap"],"picked":"White Noise","floor":6}],"player_experience":179646,"relics_obtained":[{"floor":5,"key":"ReplayTheSpireMod:Ring of Challenge"},{"floor":6,"key":"CrustySpines"}],"event_choices":[{"damage_healed":0,"gold_gain":0,"player_choice":"Take Damage","damage_taken":18,"relics_obtained":["Golden Idol"],"max_hp_gain":0,"max_hp_loss":0,"event_name":"Golden Idol","floor":4,"gold_loss":0}],"is_beta":false,"boss_relics":[],"items_purged_floors":[],"is_endless":false,"potions_floor_spawned":[3],"killed_by":"Replay:BlueRogue","ascension_level":0}}