{"host":"vumwfieg2b2mnrfl","time":1608411601,"event":{"mods":["AchievementEnabler","BaseMod","Minty Spire (QoL Compilation)","Rare Cards Sparkle","Relic Stats"],"gold_per_floor":[209,220,235,251,103,138,213,213,264,264,290,290,320,332,332,428,428,440,294,314,314,327,327,360,360,360,360,360],"floor_reached":27,"playtime":797,"items_purged":[],"score":339,"play_id":"60aa2db8-ed94-49d9-ad5a-dbf47516046f","local_time":"20201219150001","is_ascension_mode":true,"campfire_choices":[{"floor":8,"key":"REST"},{"data":"Shrug It Off","floor":12,"key":"SMITH"},{"floor":15,"key":"REST"},{"data":"Armaments","floor":23,"key":"SMITH"},{"floor":25,"key":"REST"}],"circlet_count":0,"master_deck":["Strike_R","Strike_R","Strike_R","Strike_R","Strike_R","Defend_R","Defend_R","Defend_R","Defend_R","Bash","Sword Boomerang","Anger","Bloodletting","Shrug It Off+1","Regret","Spot Weakness","Ghostly Armor","Sword Boomerang","Feed","Armaments+1","Shrug It Off","Armaments"],"relics":["Burning Blood","Membership Card","Shuriken","Akabeko","Vajra","HornCleat","Sundial","Cursed Key","HandDrill","Omamori","Bag of Marbles","Turnip"],"acts_visited":["Exordium","TheCity"],"potions_floor_usage":[4,18,24,27],"damage_taken":[{"damage":7,"enemies":"2 Louse","floor":1,"turns":3},{"damage":0,"enemies":"Small Slimes","floor":2,"turns":2},{"damage":1,"enemies":"Cultist","floor":3,"turns":3},{"damage":30,"enemies":"Gremlin Gang","floor":4,"turns":5},{"damage":30,"enemies":"Lagavulin","floor":6,"turns":6},{"damage":11,"enemies":"Gremlin Nob","floor":11,"turns":3},{"damage":25,"enemies":"3 Sentries","floor":13,"turns":7},{"damage":5,"enemies":"Red Slaver","floor":14,"turns":4},{"damage":19,"enemies":"The Guardian","floor":16,"turns":10},{"damage":16,"enemies":"2 Thieves","floor":18,"turns":3},{"damage":3,"enemies":"Spheric Guardian","floor":20,"turns":3},{"damage":20,"enemies":"Snake Plant","floor":22,"turns":6},{"damage":22,"enemies":"Slavers","floor":24,"turns":7},{"damage":66,"enemies":"Gremlin Leader","floor":27,"turns":6}],"seed_played":"-3260669663073764089","potions_obtained":[{"floor":3,"key":"Fire Potion"},{"floor":11,"key":"Dexterity Potion"},{"floor":13,"key":"FearPotion"},{"floor":16,"key":"Weak Potion"},{"floor":20,"key":"SpeedPotion"}],"is_trial":false,"path_per_floor":["M","M","M","M","$","E","?","R","T","?","E","R","E","M","R","B",null,"M","$","M","?","M","R","E","R","T","E"],"character_chosen":"IRONCLAD","items_purchased":["Membership Card","HandDrill","Omamori"],"campfire_rested":3,"item_purchase_floors":[5,19,19],"current_hp_per_floor":[71,77,80,56,56,32,21,45,45,45,40,40,21,22,46,33,68,61,61,64,64,50,50,37,62,62,0,0],"gold":360,"neow_bonus":"HUNDRED_GOLD","is_daily":false,"chose_seed":false,"campfire_upgraded":2,"win_rate":0.0,"timestamp":1608411601,"path_taken":["M","M","M","M","$","E","?","R","T","?","E","R","E","M","R","BOSS","M","$","M","?","M","R","E","R","T","E"],"items_purchased_type":["Relic","Relic","Relic"],"build_version":"2020-12-13","purchased_purges":0,"victory":false,"max_hp_per_floor":[80,80,80,80,80,80,80,80,80,80,80,80,80,80,80,80,80,83,83,83,83,83,83,86,86,86,86,86],"relic_stats":{"counters":[14,68],"Shuriken":[8],"Sundial":[4],"Turnip":[0],"HandDrill":[8],"Cursed Key":1,"obtain_stats":[{"HornCleat":11,"Shuriken":6,"Sundial":13,"Vajra":10,"Turnip":26,"HandDrill":19,"Omamori":19,"Bag of Marbles":24,"Membership Card":5,"Cursed Key":17,"Burning Blood":0,"Akabeko":9},{"HornCleat":6,"Shuriken":5,"Sundial":7,"Vajra":5,"Turnip":13,"HandDrill":10,"Omamori":10,"Bag of Marbles":13,"Membership Card":4,"Cursed Key":9,"Burning Blood":0,"Akabeko":5},{"HornCleat":22,"Shuriken":19,"Sundial":29,"Vajra":19,"Turnip":62,"HandDrill":46,"Omamori":46,"Bag of Marbles":62,"Membership Card":13,"Cursed Key":43,"Burning Blood":0,"Akabeko":19}],"Burning Blood":76},"card_choices":[{"not_picked":["Iron Wave","Anger"],"picked":"Sword Boomerang","floor":1},{"not_picked":["Body Slam","Evolve","Combust"],"picked":"SKIP","floor":2},{"not_picked":["Perfected Strike","Rupture"],"picked":"Anger","floor":3},{"not_picked":["Thunderclap","Dropkick"],"picked":"Bloodletting","floor":4},{"not_picked":["Searing Blow","Armaments"],"picked":"Shrug It Off","floor":6},{"not_picked":["Sever Soul","Flex"],"picked":"Spot Weakness","floor":11},{"not_picked":["Headbutt","Fiend Fire"],"picked":"Ghostly Armor","floor":13},{"not_picked":["Seeing Red","Flex"],"picked":"Sword Boomerang","floor":14},{"not_picked":["Double Tap","Impervious"],"picked":"Feed","floor":16},{"not_picked":["Thunderclap","Heavy Blade+1"],"picked":"Armaments","floor":18},{"not_picked":["Perfected Strike","Flex"],"picked":"Shrug It Off","floor":20},{"not_picked":["Clothesline","Cleave"],"picked":"Armaments","floor":22},{"not_picked":["Reckless Charge","Carnage","Headbutt"],"picked":"SKIP","floor":24}],"player_experience":255747,"relics_obtained":[{"floor":6,"key":"Shuriken"},{"floor":9,"key":"Akabeko"},{"floor":11,"key":"HornCleat"},{"floor":13,"key":"Sundial"},{"floor":24,"key":"Bag of Marbles"},{"floor":26,"key":"Turnip"}],"event_choices":[{"damage_healed":0,"gold_gain":75,"player_choice":"Gather Gold","damage_taken":11,"max_hp_gain":0,"max_hp_loss":0,"event_name":"World of Goop","floor":7,"gold_loss":0},{"damage_healed":0,"gold_gain":0,"player_choice":"Box","damage_taken":0,"relics_obtained":["Vajra"],"max_hp_gain":0,"max_hp_loss":0,"event_name":"Big Fish","floor":10,"gold_loss":0,"cards_obtained":["Regret"]},{"damage_healed":0,"gold_gain":0,"player_choice":"Bought 0 Potions","damage_taken":0,"max_hp_gain":0,"max_hp_loss":0,"event_name":"The Woman in Blue","floor":21,"gold_loss":0}],"is_beta":false,"boss_relics":[{"not_picked":["Black Blood","Philosopher\u0027s Stone"],"picked":"Cursed Key"}],"items_purged_floors":[],"is_endless":false,"potions_floor_spawned":[3,11,13,16,20],"killed_by":"Gremlin Leader","ascension_level":7}}