{"host":"i0avyit1s6jb1siw","time":1608401663,"event":{"mods":["BaseMod","DeckTracker","Dota2Spire","Highlight Path","Minty Spire (QoL Compilation)","Quick Restart","Replay The Spire","StSLib","SuperFastMode"],"gold_per_floor":[111,111,186,186,199,199,124,156,156,171,198,198,215,234,234,306,306,325,513,513,252,252,252,252],"floor_reached":23,"playtime":428,"items_purged":["Delirium","Strike_P"],"score":544,"play_id":"489f3848-c37f-4e8b-8c05-ca6e96ad79f8","local_time":"20201219191423","is_ascension_mode":true,"campfire_choices":[{"data":"Eruption","floor":6.0,"key":"SMITH"},{"floor":12,"key":"REST"},{"data":"Strike_P","floor":15,"key":"PURGE"}],"circlet_count":0,"master_deck":["Strike_P","Strike_P","Defend_P+1","Defend_P+1","Defend_P","Defend_P","Eruption+1","Vigilance","Wallop","BowlingBash","Adaptation+1","InnerPeace","MentalFortress","ForeignInfluence+1"],"relics":["PureWater","Ginger","Orichalcum","Iron Hammer","War Paint","VioletLotus","TheAbacus"],"acts_visited":["Exordium","TheCity"],"potions_floor_usage":[11,11,16],"damage_taken":[{"damage":19.0,"enemies":"Small Slimes","floor":1.0,"turns":3.0},{"damage":14.0,"enemies":"Jaw Worm","floor":5.0,"turns":7.0},{"damage":20,"enemies":"3 Sentries","floor":8,"turns":4},{"damage":0,"enemies":"Cultist","floor":10,"turns":3},{"damage":0,"enemies":"Gremlin Nob","floor":11,"turns":3},{"damage":12,"enemies":"3 Louse","floor":13,"turns":3},{"damage":0,"enemies":"Large Slime","floor":14,"turns":4},{"damage":0,"enemies":"The Guardian","floor":16,"turns":13},{"damage":9,"enemies":"Spheric Guardian","floor":18,"turns":6},{"damage":27,"enemies":"Slavers","floor":23,"turns":2}],"seed_played":"-2717937960529466057","potions_obtained":[{"floor":1.0,"key":"Block Potion"},{"floor":5.0,"key":"FearPotion"},{"floor":10,"key":"LifebloodPotion"},{"floor":11,"key":"Swift Potion"},{"floor":18,"key":"Milkshake"}],"is_trial":false,"path_per_floor":["M","?","?","?","M","R","$","E","T","M","E","R","M","M","R","B",null,"M","?","?","$","?","E"],"character_chosen":"WATCHER","items_purchased":["TheAbacus"],"campfire_rested":1,"item_purchase_floors":[21],"current_hp_per_floor":[47,47,36,36,22,22,22,2,2,2,2,23,11,11,11,11,58,49,20,20,20,20,0,0],"gold":252,"neow_bonus":"RANDOM_EVENT","is_daily":false,"chose_seed":false,"campfire_upgraded":1,"win_rate":0.0,"timestamp":1608401663,"path_taken":["M","?","?","?","M","R","$","E","T","M","E","R","?","M","R","BOSS","M","?","?","$","?","E"],"items_purchased_type":["Relic"],"build_version":"2020-12-13","purchased_purges":2,"victory":false,"max_hp_per_floor":[73,73,73,73,73,73,73,73,73,73,73,73,73,73,73,73,73,73,73,73,73,73,73,73],"card_choices":[{"not_picked":["FlurryOfBlows","CutThroughFate"],"picked":"Wallop","floor":1.0},{"not_picked":["Swivel","Fasting2"],"picked":"BowlingBash","floor":5.0},{"not_picked":["FearNoEvil","Protect"],"picked":"Adaptation","floor":8},{"not_picked":["FlurryOfBlows","Prostrate"],"picked":"InnerPeace","floor":10},{"not_picked":["Halt","Prostrate"],"picked":"MentalFortress","floor":11},{"not_picked":["Collect","FlurryOfBlows","SpiritShield"],"picked":"SKIP","floor":13},{"not_picked":["ClearTheMind","Evaluate","Replay:AtTheReady"],"picked":"SKIP","floor":14},{"not_picked":["Nirvana","CrushJoints"],"picked":"ForeignInfluence+1","floor":18}],"player_experience":2086517,"relics_obtained":[{"floor":8,"key":"Orichalcum"},{"floor":9,"key":"Iron Hammer"},{"floor":11,"key":"War Paint"}],"event_choices":[{"damage_healed":0.0,"max_hp_gain":5.0,"max_hp_loss":0.0,"gold_gain":0.0,"event_name":"Big Fish","player_choice":"Donut","floor":0.0,"gold_loss":0.0,"damage_taken":0.0},{"damage_healed":0.0,"max_hp_gain":0.0,"max_hp_loss":0.0,"gold_gain":75.0,"event_name":"World of Goop","player_choice":"Gather Gold","floor":3.0,"gold_loss":0.0,"damage_taken":11.0},{"damage_healed":0.0,"max_hp_gain":0.0,"max_hp_loss":0.0,"gold_gain":0.0,"event_name":"WeMeetAgain","player_choice":"Gave Potion","floor":4.0,"gold_loss":0.0,"damage_taken":0.0,"relics_obtained":["Ginger"]},{"damage_healed":0,"gold_gain":0,"player_choice":"Ignored","damage_taken":0,"max_hp_gain":0,"max_hp_loss":0,"event_name":"Cursed Tome","floor":20,"gold_loss":0},{"damage_healed":0,"gold_gain":0,"player_choice":"Forge","damage_taken":0,"max_hp_gain":0,"max_hp_loss":0,"event_name":"Accursed Blacksmith","floor":22,"gold_loss":0,"cards_upgraded":["Adaptation"]}],"is_beta":false,"boss_relics":[{"not_picked":["Astrolabe","Replay:Bronze Core"],"picked":"VioletLotus"}],"items_purged_floors":[7,21],"is_endless":false,"potions_floor_spawned":[1,5,10,11,18],"killed_by":"Slavers","ascension_level":20}}