{"host":"chv1qanoipyt46jc","time":1608419231,"event":{"mods":["2.2 Compatiblity","AchievementEnabler","BaseMod","BetterRewards","CapriCore","Card Filter","Conspire","Gold Saver","Grow up Mod","Kratos Character Expansion","Minty Spire (QoL Compilation)","Rare Cards Sparkle","Relic Filter","Remove Card Discount Mod","Reorder Act Four","StSLib"],"gold_per_floor":[912,925,774,790,804,804,836,853,877,877,877,877,897,930,930,1034,1034,1053,1053,1065,1075,1075,1101,1113,1142,1142,1242,1242,1252,1282,1296,1296,1401,1401,1417,1427,1427,1438,1455,1490,1510,1510,1510,1520,1538,1538,1549,1583,1583,1583,1583,1583,1583,1610,1610],"floor_reached":56,"playtime":1052,"items_purged":["KratosMod:Strike_K","KratosMod:Strike_K","KratosMod:Strike_K","KratosMod:Strike_K","KratosMod:Defend_K","KratosMod:Defend_K","KratosMod:Defend_K","KratosMod:Defend_K","KratosMod:Tempor","KratosMod:cyclone","KratosMod:BladeWhip"],"score":1985,"play_id":"cfbe9af4-310b-430a-b60d-de52ee5e3f2a","local_time":"20201219170711","is_ascension_mode":false,"campfire_choices":[{"data":"KratosMod:Revenge","floor":6,"key":"SMITH"},{"data":"KratosMod:BladeWhip","floor":11,"key":"SMITH"},{"floor":15,"key":"RECALL"},{"floor":28,"key":"REST"},{"floor":32,"key":"REST"}],"circlet_count":0,"master_deck":["KratosMod:AthenaBane","KratosMod:BladeWhip+1","KratosMod:BladeWhip+1","KratosMod:Revenge+1","KratosMod:BladeWhip+1","KratosMod:BladeWhip+1"],"relics":["KratosMod:eagle","KratosMod:eagle","White Beast Statue","Orichalcum","conspire:SpecialSausage","Strawberry","War Paint","Eternal Feather","Unceasing Top","Sundial","Matryoshka","Coffee Dripper","Vajra","Omamori","Dream Catcher","Molten Egg 2","Bottled Flame"],"acts_visited":["Exordium","TheCity","TheBeyond","TheEnding"],"potions_floor_usage":[14,38],"damage_taken":[{"damage":3,"enemies":"Small Slimes","floor":1,"turns":2},{"damage":10,"enemies":"conspire:RoseBush","floor":2,"turns":2},{"damage":0,"enemies":"2 Louse","floor":4,"turns":2},{"damage":10,"enemies":"Looter","floor":5,"turns":2},{"damage":0,"enemies":"Lagavulin","floor":7,"turns":2},{"damage":13,"enemies":"Red Slaver","floor":8,"turns":2},{"damage":23,"enemies":"Lots of Slimes","floor":13,"turns":3},{"damage":0,"enemies":"3 Sentries","floor":14,"turns":2},{"damage":3,"enemies":"The Guardian","floor":16,"turns":2},{"damage":0,"enemies":"conspire:FuzzyDice","floor":18,"turns":2},{"damage":0,"enemies":"Chosen","floor":20,"turns":1},{"damage":0,"enemies":"Snake Plant","floor":21,"turns":1},{"damage":6,"enemies":"Book of Stabbing","floor":23,"turns":2},{"damage":0,"enemies":"Shelled Parasite and Fungi","floor":24,"turns":2},{"damage":0,"enemies":"conspire:Head Lice","floor":25,"turns":1},{"damage":6,"enemies":"Colosseum Slavers","floor":27,"turns":2},{"damage":1,"enemies":"Colosseum Nobs","floor":27,"turns":2},{"damage":0,"enemies":"Centurion and Healer","floor":29,"turns":2},{"damage":0,"enemies":"conspire:SneckoGhost","floor":30,"turns":1},{"damage":0,"enemies":"Snecko","floor":31,"turns":1},{"damage":0,"enemies":"conspire:MysteriousRune","floor":33,"turns":2},{"damage":2,"enemies":"3 Darklings","floor":35,"turns":2},{"damage":13,"enemies":"3 Shapes","floor":36,"turns":2},{"damage":0,"enemies":"Maw","floor":38,"turns":2},{"damage":3,"enemies":"Sphere and 2 Shapes","floor":39,"turns":2},{"damage":0,"enemies":"Giant Head","floor":40,"turns":2},{"damage":0,"enemies":"Transient","floor":41,"turns":2},{"damage":0,"enemies":"Maw","floor":44,"turns":2},{"damage":0,"enemies":"Spire Growth","floor":45,"turns":1},{"damage":6,"enemies":"Sphere and 2 Shapes","floor":47,"turns":2},{"damage":0,"enemies":"Reptomancer","floor":48,"turns":2},{"damage":0,"enemies":"Awakened One","floor":50,"turns":2},{"damage":0,"enemies":"Shield and Spear","floor":54,"turns":1},{"damage":95,"enemies":"The Heart","floor":55,"turns":4}],"seed_played":"-4166057725700908591","potions_obtained":[{"floor":1,"key":"BlessingOfTheForge"},{"floor":7,"key":"SneckoOil"},{"floor":13,"key":"Regen Potion"},{"floor":14,"key":"Fruit Juice"},{"floor":16,"key":"AttackPotion"},{"floor":23,"key":"Energy Potion"},{"floor":38,"key":"Fruit Juice"},{"floor":41,"key":"Block Potion"}],"is_trial":false,"path_per_floor":["M","M","$","M","M","R","E","M","T","$","R","?","M","E","R","B",null,"M","?","M","M","$","E","M","E","T","?","R","M","E","M","R","B",null,"M","M","?","M","M","E","M","R","T","M","M","R","M","E","R","B",null,"$","R","E","B",null],"character_chosen":"KRATOS","items_purchased":["KratosMod:BladeWhip","KratosMod:BladeWhip","KratosMod:eagle","conspire:Banana","KratosMod:Tempor","KratosMod:BladeWhip","KratosMod:Revenge"],"campfire_rested":2,"item_purchase_floors":[0,0,0,0,0,0,3],"current_hp_per_floor":[42,43,53,64,65,75,86,84,94,104,114,87,76,93,103,112,257,269,279,291,303,313,326,338,350,360,367,390,402,414,426,436,448,458,468,467,492,507,514,524,534,544,554,564,574,587,591,601,614,624,637,647,657,667,582],"gold":1610,"neow_bonus":"","is_daily":false,"chose_seed":false,"campfire_upgraded":2,"win_rate":0.0,"timestamp":1608419231,"path_taken":["M","M","$","M","M","R","E","M","T","$","R","?","M","E","R","BOSS","M","?","M","M","$","E","M","E","T","?","R","M","E","M","R","BOSS","M","M","?","M","M","E","?","R","T","M","?","R","M","E","R","BOSS","$","R","E","BOSS"],"items_purchased_type":["Card","Card","Relic","Card","Card","Card","Card"],"build_version":"2020-12-13","purchased_purges":11,"victory":true,"max_hp_per_floor":[81,92,102,113,124,134,145,156,166,176,186,196,208,225,235,247,257,269,279,291,303,313,332,344,356,366,380,390,402,414,426,436,448,458,470,482,492,507,517,527,537,547,557,567,577,587,597,607,617,627,637,647,657,667,677],"card_choices":[{"not_picked":["KratosMod:settle","KratosMod:rattle","KratosMod:Roll"],"picked":"SKIP","floor":1},{"not_picked":["KratosMod:ShieldBash","KratosMod:Roll","KratosMod:Endure"],"picked":"SKIP","floor":2},{"not_picked":["KratosMod:ShieldBash","KratosMod:Tempor","KratosMod:Endure"],"picked":"SKIP","floor":4},{"not_picked":["KratosMod:tartarusrage","KratosMod:clawsofhades","KratosMod:SmashStone"],"picked":"SKIP","floor":5},{"not_picked":["KratosMod:rattle","KratosMod:Roll","KratosMod:BladeWhip"],"picked":"SKIP","floor":7},{"not_picked":["KratosMod:conjuresoul","KratosMod:Roll","KratosMod:Endure"],"picked":"SKIP","floor":8},{"not_picked":["KratosMod:Endure","KratosMod:settle","KratosMod:ShieldBash"],"picked":"SKIP","floor":13},{"not_picked":["KratosMod:Tempor","KratosMod:Endure","KratosMod:conjuresoul"],"picked":"SKIP","floor":14},{"not_picked":["KratosMod:Endure","KratosMod:Roll+1","KratosMod:BladeWhip"],"picked":"SKIP","floor":18},{"not_picked":["KratosMod:settle","KratosMod:ShieldBash","KratosMod:Endure"],"picked":"SKIP","floor":20},{"not_picked":["KratosMod:ShieldBash","KratosMod:BladeWhip","KratosMod:SmashStone"],"picked":"SKIP","floor":21},{"not_picked":["KratosMod:tartarusrage","KratosMod:Tempor","KratosMod:rattle"],"picked":"SKIP","floor":23},{"not_picked":["KratosMod:ShieldBash","KratosMod:Tempor+1","KratosMod:settle"],"picked":"SKIP","floor":24},{"not_picked":["KratosMod:rattle","KratosMod:settle+1","KratosMod:conjuresoul+1"],"picked":"SKIP","floor":25},{"not_picked":["KratosMod:ShieldBash","KratosMod:Endure","KratosMod:BladeWhip"],"picked":"SKIP","floor":29},{"not_picked":["KratosMod:SmashStone","KratosMod:Roll","KratosMod:conjuresoul"],"picked":"SKIP","floor":30},{"not_picked":["KratosMod:Roll","KratosMod:conjuresoul","KratosMod:ShieldBash"],"picked":"SKIP","floor":31},{"not_picked":["KratosMod:Tempor","KratosMod:BladeWhip+1","KratosMod:SmashStone+1"],"picked":"SKIP","floor":35},{"not_picked":["KratosMod:Roll+1","KratosMod:Tempor+1","KratosMod:conjuresoul"],"picked":"SKIP","floor":36},{"not_picked":["KratosMod:settle+1","KratosMod:Roll+1","KratosMod:tartarusrage"],"picked":"SKIP","floor":38},{"not_picked":["KratosMod:Roll+1","KratosMod:conjuresoul","KratosMod:Endure+1"],"picked":"SKIP","floor":39},{"not_picked":["KratosMod:Roll+1","KratosMod:clawsofhades+1","KratosMod:ShieldBash+1"],"picked":"SKIP","floor":40},{"not_picked":["KratosMod:Endure","KratosMod:BladeWhip","KratosMod:Tempor"],"picked":"SKIP","floor":41},{"not_picked":["KratosMod:Endure+1","KratosMod:Roll"],"picked":"KratosMod:BladeWhip+1","floor":44},{"not_picked":["KratosMod:SmashStone","KratosMod:Endure+1"],"picked":"KratosMod:BladeWhip+1","floor":45},{"not_picked":["KratosMod:BladeWhip","KratosMod:Endure","KratosMod:ShieldBash"],"picked":"SKIP","floor":47},{"not_picked":["KratosMod:SmashStone+1","KratosMod:Tempor+1","KratosMod:Endure+1"],"picked":"SKIP","floor":48},{"not_picked":["KratosMod:clawsofhades+1","KratosMod:Endure","KratosMod:SmashStone"],"picked":"SKIP","floor":54}],"player_experience":296684,"relics_obtained":[{"floor":7,"key":"White Beast Statue"},{"floor":14,"key":"Orichalcum"},{"floor":23,"key":"Strawberry"},{"floor":25,"key":"War Paint"},{"floor":26,"key":"Eternal Feather"},{"floor":27,"key":"Unceasing Top"},{"floor":27,"key":"Sundial"},{"floor":30,"key":"Matryoshka"},{"floor":40,"key":"Vajra"},{"floor":43,"key":"Omamori"},{"floor":43,"key":"Dream Catcher"},{"floor":48,"key":"Molten Egg 2"},{"floor":54,"key":"Bottled Flame"}],"event_choices":[{"damage_healed":0,"gold_gain":0,"player_choice":"Entered Light","damage_taken":37,"max_hp_gain":0,"max_hp_loss":0,"event_name":"Shining Light","floor":12,"gold_loss":0,"cards_upgraded":["conspire:Banana","KratosMod:BladeWhip"]},{"damage_healed":0,"gold_gain":0,"player_choice":"Ignored","damage_taken":0,"max_hp_gain":0,"max_hp_loss":0,"event_name":"Ghosts","floor":19,"gold_loss":0},{"damage_healed":0,"gold_gain":0,"player_choice":"Fight","damage_taken":0,"max_hp_gain":0,"max_hp_loss":0,"event_name":"Colosseum","floor":27,"gold_loss":0},{"damage_healed":0,"gold_gain":0,"player_choice":"Fought Nobs","damage_taken":0,"max_hp_gain":0,"max_hp_loss":0,"event_name":"Colosseum","floor":27,"gold_loss":0},{"cards_removed":["conspire:Banana"],"damage_healed":15,"gold_gain":0,"player_choice":"Offered Uncommon","damage_taken":0,"max_hp_gain":0,"max_hp_loss":0,"event_name":"Bonfire Elementals","floor":37,"gold_loss":0}],"is_beta":false,"boss_relics":[{"not_picked":["Calling Bell","Tiny House"],"picked":"conspire:SpecialSausage"},{"not_picked":["conspire:RoyalGoblet","SacredBark"],"picked":"Coffee Dripper"}],"items_purged_floors":[0,0,0,0,0,0,0,0,3,3,3],"is_endless":false,"potions_floor_spawned":[1,7,8,13,14,16,18,20,21,23,24,25,27,27,29,30,31,33,35,36,38,39,40,41,44,45,47,48,54],"ascension_level":0}}