{"host":"y89x8uui45kcjy42","time":1608351982,"event":{"mods":["2.2 Compatiblity","BaseMod","CapriCore","Colored Map","Colored Powertips","Custom Start","Friendly Minions","Highlight Path","Keyboard Shortcuts","Minty Spire (QoL Compilation)","Relic Stats","Slay the Relics Exporter","StSLib","SuperFastMode","Waifu the Spire"],"gold_per_floor":[118,118,268,268,117,117,145,145,145,420,420,431,431,464,464,464,464],"floor_reached":16,"playtime":182,"items_purged":["Doubt"],"score":258,"play_id":"849337a4-82ee-4e99-9196-6271bb86f4fc","local_time":"20201219132622","is_ascension_mode":true,"campfire_choices":[{"data":"Genetic Algorithm","floor":6,"key":"SMITH"},{"data":"Zap","floor":8,"key":"SMITH"},{"data":"Self Repair","floor":11,"key":"SMITH"},{"data":"Coolheaded","floor":13,"key":"SMITH"},{"floor":15,"key":"REST"}],"circlet_count":0,"master_deck":["AscendersBane","Strike_B","Strike_B","Strike_B","Strike_B","Defend_B+1","Defend_B","Defend_B","Defend_B","Zap+1","Dualcast+1","Genetic Algorithm+1","Self Repair+1","Regret","Coolheaded+1","Consume"],"relics":["Cracked Core","NeowsBlessing","Gambling Chip","Singing Bowl","Pen Nib"],"acts_visited":["Exordium"],"potions_floor_usage":[14],"damage_taken":[{"damage":0,"enemies":"Jaw Worm","floor":1,"turns":1},{"damage":0,"enemies":"Gremlin Nob","floor":7,"turns":1},{"damage":0,"enemies":"Small Slimes","floor":12,"turns":1},{"damage":41,"enemies":"Lagavulin","floor":14,"turns":9},{"damage":34,"enemies":"The Guardian","floor":16,"turns":2}],"seed_played":"1738933731436377303","potions_obtained":[{"floor":7,"key":"LiquidMemories"}],"is_trial":false,"path_per_floor":["M","?","?","?","$","R","E","R","T","?","R","M","R","E","R","B"],"character_chosen":"DEFECT","items_purchased":["Self Repair"],"campfire_rested":1,"item_purchase_floors":[5],"current_hp_per_floor":[64,43,43,25,25,25,34,34,34,34,34,44,44,13,34,0,0],"gold":464,"neow_bonus":"THREE_ENEMY_KILL","is_daily":false,"chose_seed":false,"campfire_upgraded":4,"win_rate":0.0,"timestamp":1608351982,"path_taken":["M","?","?","?","$","R","E","R","T","?","R","M","R","E","R","BOSS"],"items_purchased_type":["Card"],"build_version":"2020-12-13","purchased_purges":1,"victory":false,"max_hp_per_floor":[71,71,71,71,71,71,73,73,73,73,73,73,73,73,73,73,73],"relic_stats":{"Singing Bowl":2,"counters":[5,14],"Gambling Chip":[10],"Pen Nib":[0],"obtain_stats":[{"NeowsBlessing":0,"Singing Bowl":7,"Gambling Chip":4,"Pen Nib":14,"Cracked Core":0},{"NeowsBlessing":0,"Singing Bowl":2,"Gambling Chip":1,"Pen Nib":4,"Cracked Core":0},{"NeowsBlessing":0,"Singing Bowl":2,"Gambling Chip":1,"Pen Nib":12,"Cracked Core":0}]},"card_choices":[{"not_picked":["Conserve Battery","Rebound"],"picked":"Genetic Algorithm","floor":1},{"not_picked":["Redo","Compile Driver","Lockon"],"picked":"Singing Bowl","floor":7},{"not_picked":["Conserve Battery","Recycle"],"picked":"Coolheaded","floor":12},{"not_picked":["Barrage","Coolheaded"],"picked":"Consume","floor":14}],"player_experience":505201,"relics_obtained":[{"floor":7,"key":"Singing Bowl"},{"floor":14,"key":"Pen Nib"}],"event_choices":[{"damage_healed":0,"gold_gain":0,"player_choice":"Entered Light","damage_taken":21,"max_hp_gain":0,"max_hp_loss":0,"event_name":"Shining Light","floor":2,"gold_loss":0,"cards_upgraded":["Defend_B","Dualcast"]},{"damage_healed":0,"gold_gain":150,"player_choice":"AGREE","damage_taken":0,"max_hp_gain":0,"max_hp_loss":0,"event_name":"Liars Game","floor":3,"gold_loss":0,"cards_obtained":["Doubt"]},{"damage_healed":0,"gold_gain":0,"player_choice":"Success","damage_taken":18,"relics_obtained":["Gambling Chip"],"max_hp_gain":0,"max_hp_loss":0,"event_name":"Scrap Ooze","floor":4,"gold_loss":0},{"damage_healed":0,"gold_gain":275,"player_choice":"Desecrate","damage_taken":0,"max_hp_gain":0,"max_hp_loss":0,"event_name":"Golden Shrine","floor":10,"gold_loss":0,"cards_obtained":["Regret"]}],"is_beta":false,"boss_relics":[],"items_purged_floors":[5],"is_endless":false,"potions_floor_spawned":[7],"killed_by":"The Guardian","ascension_level":20}}