{"host":"nukjzc0ca34w6eem","time":1608369352,"event":{"mods":["2.2 Compatiblity","AchievementEnabler","BaseMod","Colored Powertips","Downfall","Minty Spire (QoL Compilation)","StSLib"],"gold_per_floor":[99,111,128,146,164,196,196,229,154,185,203,222,222,242,252,252,252],"floor_reached":16,"playtime":978,"items_purged":[],"score":132,"play_id":"4ce614c7-1375-4f2e-b52f-60ed9842aae2","local_time":"20201219011552","is_ascension_mode":true,"campfire_choices":[{"data":"sneckomod:RainOfDice","floor":1.0,"key":"SMITH"},{"floor":9.0,"key":"REST"}],"circlet_count":0,"master_deck":["sneckomod:Strike","sneckomod:Strike","sneckomod:Strike","sneckomod:Defend","sneckomod:Defend","sneckomod:Defend","sneckomod:TailWhip","sneckomod:SnekBite","sneckomod:Unknown","sneckomod:Unknown","sneckomod:RainOfDice+1","sneckomod:ImprovisedAttack","sneckomod:SoulRoll","sneckomod:IronFang","sneckomod:WideSting","sneckomod:CheapStock","sneckomod:UnknownUncommonSkill","sneckomod:UnknownVulnerable","sneckomod:UnknownBlock","sneckomod:SnakeSap","Parasite","sneckomod:UnknownUncommonSkill","sneckomod:UnknownClassRED"],"relics":["sneckomod:SneckoSoul","Akabeko","Bottled Flame","Pantograph","downfall:HeartBlessingGreen","Regal Pillow"],"acts_visited":["Exordium"],"potions_floor_usage":[15,16],"damage_taken":[{"damage":4.0,"enemies":"Cultist","floor":2.0,"turns":3.0},{"damage":0.0,"enemies":"Small Slimes","floor":3.0,"turns":2.0},{"damage":11.0,"enemies":"Jaw Worm","floor":4.0,"turns":3.0},{"damage":22.0,"enemies":"Exordium Thugs","floor":5.0,"turns":4.0},{"damage":7.0,"enemies":"Gremlin Nob","floor":6.0,"turns":3.0},{"damage":16.0,"enemies":"3 Sentries","floor":8.0,"turns":3.0},{"damage":16.0,"enemies":"Lagavulin","floor":10.0,"turns":5.0},{"damage":9,"enemies":"2 Fungi Beasts","floor":11,"turns":3},{"damage":0,"enemies":"3 Louse","floor":12,"turns":2},{"damage":0,"enemies":"Blue Slaver","floor":14,"turns":2},{"damage":4,"enemies":"Gremlin Gang","floor":15,"turns":2},{"damage":85,"enemies":"downfall:Defect","floor":16,"turns":6}],"seed_played":"8051442163221472152","potions_obtained":[{"floor":2.0,"key":"SkillPotion"},{"floor":4.0,"key":"Ancient Potion"},{"floor":5.0,"key":"hexamod:EctoCoolerPotion"},{"floor":6.0,"key":"sneckomod:DiceRollPotion"},{"floor":10,"key":"Energy Potion"},{"floor":15,"key":"Block Potion"}],"is_trial":false,"path_per_floor":["R","M","M","M","M","E","T","E","R","E","M","M","?","M","M","B"],"character_chosen":"THE_SNECKO","items_purchased":[],"campfire_rested":1,"item_purchase_floors":[],"current_hp_per_floor":[90,86,86,75,53,46,46,31,58,43,35,35,58,59,56,0,0],"gold":252,"neow_bonus":"THREE_CARDS","is_daily":false,"chose_seed":false,"campfire_upgraded":1,"win_rate":0.0,"timestamp":1608369352,"path_taken":["R","M","M","M","?","E","T","E","R","E","M","M","?","M","M","BOSS"],"items_purchased_type":[],"build_version":"2020-12-13","purchased_purges":0,"victory":false,"max_hp_per_floor":[90,90,90,90,90,90,90,91,91,92,93,93,93,94,95,95,95],"card_choices":[{"not_picked":["sneckomod:UnknownCommonAttack","sneckomod:UnknownClassGREEN"],"picked":"sneckomod:RainOfDice","floor":0.0},{"not_picked":["sneckomod:ImprovisedGuard","sneckomod:SlitherStrike"],"picked":"sneckomod:ImprovisedAttack","floor":2.0},{"not_picked":["sneckomod:Unknown2Cost","sneckomod:UnknownX"],"picked":"sneckomod:SoulRoll","floor":3.0},{"not_picked":["sneckomod:Unknown2Cost","sneckomod:DiceCrush"],"picked":"sneckomod:IronFang","floor":4.0},{"not_picked":["sneckomod:DiceCrush","sneckomod:PureSnecko"],"picked":"sneckomod:WideSting","floor":5.0},{"not_picked":["sneckomod:QuickMove","sneckomod:UnknownWeak"],"picked":"sneckomod:CheapStock","floor":6.0},{"not_picked":["sneckomod:DangerNoodle","sneckomod:DiceCrush"],"picked":"sneckomod:UnknownUncommonSkill","floor":8.0},{"not_picked":["sneckomod:DiceCrush","sneckomod:ImprovisedAttack"],"picked":"sneckomod:UnknownVulnerable","floor":10},{"not_picked":["sneckomod:UnknownVulnerable","sneckomod:DiceCrush"],"picked":"sneckomod:UnknownBlock","floor":11},{"not_picked":["sneckomod:WideSting","sneckomod:ImprovisedAttack"],"picked":"sneckomod:SnakeSap","floor":12},{"not_picked":["sneckomod:IronFang","sneckomod:UnknownVulnerable"],"picked":"sneckomod:UnknownUncommonSkill","floor":14},{"not_picked":["sneckomod:Nope","sneckomod:SoulDraw"],"picked":"sneckomod:UnknownClassRED","floor":15}],"player_experience":446523,"relics_obtained":[{"floor":6.0,"key":"Akabeko"},{"floor":7.0,"key":"Bottled Flame"},{"floor":8.0,"key":"Pantograph"},{"floor":10,"key":"Regal Pillow"}],"event_choices":[{"damage_healed":23,"gold_gain":0,"player_choice":"Healed and dodged fight","damage_taken":0,"max_hp_gain":0,"max_hp_loss":0,"event_name":"Mushrooms","floor":13,"gold_loss":0,"cards_obtained":["Parasite"]}],"is_beta":false,"boss_relics":[],"items_purged_floors":[],"is_endless":false,"potions_floor_spawned":[2,4,5,6,10,15],"killed_by":"downfall:Defect","ascension_level":1}}