{"host":"ormi09wwzv7sq47a","time":1608421801,"event":{"mods":["2.2 Compatiblity","AchievementEnabler","Act Like it!","BaseMod","Bestiary","Better Note","Better Sensory Stone","Better Skull","Better Vampires","Colored Map","Colored Powertips","Curses Come First","DeckTracker","Downfall","Highlight Path","Minty Spire (QoL Compilation)","Permanent Neow","Quick Restart","Rare Cards Sparkle","Relic Stats","Shop Mod","StSLib","The Jungle"],"gold_per_floor":[12,12,12,24,43,73,73,92,119,130,55,55,55,55],"floor_reached":13,"playtime":410,"items_purged":["Slimebound:Strike_Slimebound"],"score":119,"play_id":"62c4c7e9-c7b9-4b7c-a70b-4df1ca35b703","local_time":"20201219215001","is_ascension_mode":true,"campfire_choices":[{"floor":7,"key":"REST"},{"data":"Slimebound:Split","floor":12,"key":"SMITH"}],"circlet_count":0,"master_deck":["Slimebound:Strike_Slimebound","Slimebound:Strike_Slimebound","Slimebound:Defend_Slimebound","Slimebound:Defend_Slimebound","Slimebound:Defend_Slimebound","Slimebound:Defend_Slimebound","Slimebound:Split+1","Slimebound:CorrosiveSpit","Slimebound:LevelUp","Slimebound:HauntingLick","Slimebound:DuplicatedForm","Slimebound:SplitLeeching","Slimebound:SlimeSpikes"],"relics":["Slimebound:AbsorbEndCombat","Nunchaku","Lantern"],"acts_visited":["Exordium"],"potions_floor_usage":[6,10,13],"damage_taken":[{"damage":13,"enemies":"2 Louse","floor":1,"turns":4},{"damage":5,"enemies":"Small Slimes","floor":4,"turns":4},{"damage":5,"enemies":"Cultist","floor":5,"turns":3},{"damage":67,"enemies":"Lagavulin","floor":6,"turns":9},{"damage":21,"enemies":"Red Slaver","floor":8,"turns":4},{"damage":22,"enemies":"Large Slime","floor":10,"turns":4},{"damage":42,"enemies":"Gremlin Nob","floor":13,"turns":4}],"seed_played":"2632747606944689877","potions_obtained":[{"floor":4,"key":"Slimebound:SlimedPotion"},{"floor":8,"key":"Slimebound:SpawnSlimePotion"},{"floor":10,"key":"Slimebound:SpawnSlimePotion"}],"is_trial":false,"path_per_floor":["M","?","?","M","M","E","R","M","T","M","$","R","E"],"character_chosen":"SLIMEBOUND","items_purchased":[],"campfire_rested":1,"item_purchase_floors":[],"current_hp_per_floor":[61,61,61,62,63,10,31,20,20,14,14,14,0,0],"gold":55,"neow_bonus":"TWENTY_PERCENT_HP_BONUS","is_daily":false,"chose_seed":false,"campfire_upgraded":1,"win_rate":0.0,"timestamp":1608421801,"path_taken":["M","?","?","M","?","E","R","M","T","M","?","R","E"],"items_purchased_type":[],"build_version":"2020-12-13","purchased_purges":1,"victory":false,"max_hp_per_floor":[72,72,72,72,72,72,72,72,72,72,72,72,72,72],"relic_stats":{"Nunchaku":[3],"counters":[7,31],"obtain_stats":[{"Nunchaku":3,"Lantern":6,"Slimebound:AbsorbEndCombat":0},{"Nunchaku":1,"Lantern":4,"Slimebound:AbsorbEndCombat":0},{"Nunchaku":3,"Lantern":19,"Slimebound:AbsorbEndCombat":0}]},"card_choices":[{"not_picked":["Slimebound:SplitAcid","Slimebound:SplitLeeching"],"picked":"Slimebound:TongueLash","floor":1},{"not_picked":["Slimebound:SlimeSpikes","Slimebound:Schlurp"],"picked":"Slimebound:LevelUp","floor":4},{"not_picked":["Slimebound:SplitBruiser","Slimebound:LevelUp"],"picked":"Slimebound:HauntingLick","floor":5},{"not_picked":["Slimebound:Schlurp","Slimebound:GoopSpray"],"picked":"Slimebound:DuplicatedForm","floor":6},{"not_picked":["Slimebound:Chomp","Slimebound:ForwardTackle"],"picked":"Slimebound:SplitLeeching","floor":8},{"not_picked":["Slimebound:ForwardTackle","Slimebound:GoopSpray"],"picked":"Slimebound:SlimeSpikes","floor":10}],"player_experience":710433,"relics_obtained":[{"floor":6,"key":"Lantern"}],"event_choices":[{"cards_removed":["Slimebound:Tackle"],"damage_healed":0,"gold_gain":0,"player_choice":"Forget","damage_taken":0,"max_hp_gain":0,"max_hp_loss":0,"event_name":"Living Wall","floor":2,"gold_loss":0},{"cards_removed":["Slimebound:TongueLash"],"damage_healed":0,"gold_gain":0,"player_choice":"Gave Card","damage_taken":0,"relics_obtained":["Nunchaku"],"max_hp_gain":0,"max_hp_loss":0,"event_name":"WeMeetAgain","floor":3,"gold_loss":0}],"is_beta":false,"boss_relics":[],"items_purged_floors":[11],"is_endless":false,"potions_floor_spawned":[4,8,10],"killed_by":"Gremlin Nob","ascension_level":8}}