{"host":"wonp23fsqqcu31ie","time":1608340350,"event":{"mods":["2.2 Compatiblity","AchievementEnabler","Aspiration","BaseMod","Bestiary","Better Altar","Better Match","Better Sensory Stone","Better Skull","Better Third Choice","BetterRewards","Block Reminder","Colored Map","Colored Powertips","Conspire","DeckTracker","Displayed Cursed Tome","Downfall","Hermit","Highlight Path","Hubris","Minty Spire (QoL Compilation)","Permanent Neow","Quick Restart","Rare Cards Sparkle","Relic Stats","Replay The Spire","Shade Mod","Shop Mod","StSLib","SuperFastMode","The Animator","The Cursed","The Gatherer","The Necromancer","The Runesmith","The Servant 0.9.4"],"gold_per_floor":[126,249,23,42,67,67,110,110,110,134,151,151,173,173,173,275,275,291,216,216,27,59,59,59,88,117,57,133,133,168,184,248,274,274,280,280],"floor_reached":35,"playtime":1153,"items_purged":["Regret"],"score":367,"play_id":"089b5cb9-423a-4e89-a861-c0b3f0fef3c8","local_time":"20201219121230","is_ascension_mode":true,"campfire_choices":[{"floor":6,"key":"REST"},{"floor":8,"key":"REST"},{"floor":15,"key":"REST"},{"floor":29,"key":"REST"},{"floor":34,"key":"REST"}],"circlet_count":0,"master_deck":["animator:Defend_GATE","animator:Strike","animator:Strike","animator:Defend","animator:Defend","animator:Defend","animator:TukaLunaMarceau","animator:Kuribayashi","animator:Genos","animator:Sebas","animator:Emonzaemon","animator:Shalltear","animator:PinaCoLada+1","animator:Mitsurugi+1","animator:LeleiLaLalena","animator:Cocytus","animator:MamizouFutatsuiwa","animator:Ainz","Prostrate","animator:Emonzaemon+1","animator:YaoHaDucy","animator:Mitsurugi+1","animator:Chris+1","animator:PandorasActor","animator:UneriGinkaku"],"relics":["animator:LivingPicture","animator:TheMissingPiece","Nunchaku","MerchantsRug","Bronze Scales","hubris:BundleOfHerbs","aspiration:WatcherSkillbook","Onion Ring","Red Mask","Lizard Tail","Replay:Ringing Soul","Bag of Marbles","Runesmith:AutoHammer"],"acts_visited":["Exordium","TheCity"],"potions_floor_usage":[31,35,35,35],"damage_taken":[{"damage":19,"enemies":"Small Slimes","floor":1,"turns":5},{"damage":0,"enemies":"conspire:RoseBush","floor":4,"turns":3},{"damage":27,"enemies":"Gremlin Nob","floor":7,"turns":4},{"damage":6,"enemies":"Jaw Worm","floor":11,"turns":4},{"damage":0,"enemies":"Exordium Wildlife","floor":13,"turns":4},{"damage":62,"enemies":"Fading Forest","floor":16,"turns":11},{"damage":0,"enemies":"conspire:FuzzyDice","floor":18,"turns":8},{"damage":32,"enemies":"Masked Bandits","floor":22,"turns":4},{"damage":25,"enemies":"conspire:SneckoGhost","floor":25,"turns":8},{"damage":1,"enemies":"Shell Parasite","floor":26,"turns":4},{"damage":34,"enemies":"Book of Stabbing","floor":30,"turns":6},{"damage":20,"enemies":"Cultist and Chosen","floor":31,"turns":5},{"damage":20,"enemies":"Gremlin Leader","floor":32,"turns":6},{"damage":3,"enemies":"Chosen and Byrds","floor":33,"turns":4},{"damage":39,"enemies":"Automaton","floor":35,"turns":6}],"seed_played":"9011188811922259744","potions_obtained":[{"floor":13,"key":"Doom Potion"},{"floor":26,"key":"Dexterity Potion"},{"floor":30,"key":"Explosive Potion"},{"floor":33,"key":"Block Potion"}],"is_trial":false,"path_per_floor":["M","?","$","M","T","R","E","R","T","$","M","$","M","?","R","B",null,"M","?","?","$","?","PTL","PTL","E","M","?","T","R","E","M","E","M","R","B"],"character_chosen":"THE_ANIMATOR","items_purchased":["MerchantsRug","animator:Mitsurugi+1","Onion Ring"],"campfire_rested":5,"item_purchase_floors":[3,10,21],"current_hp_per_floor":[47,21,21,22,22,42,15,35,35,35,30,30,30,30,50,41,69,69,69,69,69,37,37,37,12,11,11,11,31,6,31,14,14,38,0,0],"gold":280,"neow_bonus":"RANDOM_EVENT","is_daily":false,"chose_seed":false,"campfire_upgraded":0,"win_rate":0.0,"timestamp":1608340350,"path_taken":["M","?","$","M","?","R","E","R","T","?","?","$","M","?","R","BOSS","M","?","?","$","?","PTL","PTL","E","M","?","T","R","E","M","E","M","R","BOSS"],"items_purchased_type":["Relic","Card","Relic"],"build_version":"2020-12-13","purchased_purges":1,"victory":false,"max_hp_per_floor":[66,66,66,67,67,67,67,67,67,67,68,68,68,68,68,69,69,69,69,69,69,69,69,69,69,69,69,69,69,72,75,78,81,81,81,81],"relic_stats":{"Nunchaku":[15],"Lizard Tail":36,"counters":[29,145],"Bronze Scales":[204],"obtain_stats":[{"ReplayFunnel":9,"MerchantsRug":13,"Lee\u0027s Waffle":19,"Runesmith:Nanobots":7,"hubris:CrystalStatue":26,"aspiration:Nostalgia":0,"animator:TheMissingPiece":0,"Burning Blood":0,"aspiration:StickyExplosives_weak":31,"Replay:Ringing Soul":28,"Nunchaku":2,"Lizard Tail":25,"Busted Crown":17,"Chameleon Ring":25,"Bronze Scales":5,"aspiration:WatcherSkillbook":17,"Onion Ring":21,"animator:LivingPicture":0,"hubris:BundleOfHerbs":9,"Red Mask":22,"Bag of Marbles":30,"Runesmith:AutoHammer":32,"hubris:OldNail":13,"animator:Mistletoe":0},{"ReplayFunnel":2,"MerchantsRug":4,"Lee\u0027s Waffle":7,"Runesmith:Nanobots":17,"hubris:CrystalStatue":10,"aspiration:Nostalgia":0,"animator:TheMissingPiece":0,"Burning Blood":0,"aspiration:StickyExplosives_weak":13,"Replay:Ringing Soul":24,"Nunchaku":15,"Lizard Tail":23,"Busted Crown":6,"Chameleon Ring":10,"Bronze Scales":16,"aspiration:WatcherSkillbook":20,"Onion Ring":21,"animator:LivingPicture":0,"hubris:BundleOfHerbs":17,"Red Mask":22,"Bag of Marbles":25,"Runesmith:AutoHammer":27,"hubris:OldNail":4,"animator:Mistletoe":14},{"ReplayFunnel":7,"MerchantsRug":13,"Lee\u0027s Waffle":29,"Runesmith:Nanobots":75,"hubris:CrystalStatue":43,"aspiration:Nostalgia":0,"animator:TheMissingPiece":0,"Burning Blood":0,"aspiration:StickyExplosives_weak":57,"Replay:Ringing Soul":118,"Nunchaku":68,"Lizard Tail":114,"Busted Crown":25,"Chameleon Ring":43,"Bronze Scales":71,"aspiration:WatcherSkillbook":94,"Onion Ring":102,"animator:LivingPicture":0,"hubris:BundleOfHerbs":75,"Red Mask":106,"Bag of Marbles":124,"Runesmith:AutoHammer":135,"hubris:OldNail":13,"animator:Mistletoe":63}]},"card_choices":[{"not_picked":["animator:Kuribayashi","animator:ZankiKiguchi"],"picked":"animator:Genos","floor":1},{"not_picked":["animator:Illya","animator:Entoma"],"picked":"animator:Sebas","floor":2},{"not_picked":["animator:Konayuki","animator:SakuraMatou"],"picked":"animator:Emonzaemon","floor":2},{"not_picked":["animator:Mitsurugi","animator:ElricAlphonse"],"picked":"animator:Shalltear","floor":4},{"not_picked":["animator:MaesHughes","animator:MetalKnight"],"picked":"animator:PinaCoLada","floor":7},{"not_picked":["animator:Kuribayashi","animator:TukaLunaMarceau"],"picked":"animator:LeleiLaLalena","floor":11},{"not_picked":["animator:Vanir","animator:Demiurge"],"picked":"animator:Cocytus","floor":13},{"not_picked":["animator:Gilgamesh","animator:Boros"],"picked":"animator:Ainz","floor":16},{"not_picked":["animator:Cocytus","animator:Berserker","animator:Assassin"],"picked":"Prostrate","floor":18},{"not_picked":["animator:Kazuma","PathToVictory","animator:Genos+1"],"picked":"animator:Emonzaemon+1","floor":22},{"not_picked":["Wireheading","TalkToTheHand","animator:Tatsumaki","SandsOfTime"],"picked":"SKIP","floor":25},{"not_picked":["animator:Kuribayashi","animator:Tyuule","animator:LeleiLaLalena"],"picked":"animator:YaoHaDucy","floor":26},{"not_picked":["BowlingBash","WaveOfTheHand","animator:Berserker"],"picked":"animator:Mitsurugi+1","floor":30},{"not_picked":["animator:ZankiKiguchi","animator:Tatsumaki","FlurryOfBlows"],"picked":"animator:Chris+1","floor":31},{"not_picked":["animator:Sloth","animator:Gluttony","Replay:DivineShield+1"],"picked":"animator:PandorasActor","floor":32},{"not_picked":["animator:Togame","animator:ZankiKiguchi","animator:Konayuki"],"picked":"animator:UneriGinkaku","floor":33}],"player_experience":648964,"relics_obtained":[{"floor":2,"key":"Nunchaku"},{"floor":5,"key":"Bronze Scales"},{"floor":7,"key":"Runesmith:Nanobots"},{"floor":9,"key":"hubris:BundleOfHerbs"},{"floor":22,"key":"Red Mask"},{"floor":25,"key":"Lizard Tail"},{"floor":28,"key":"Replay:Ringing Soul"},{"floor":30,"key":"Bag of Marbles"},{"floor":32,"key":"Runesmith:AutoHammer"}],"event_choices":[{"damage_healed":0,"gold_gain":0,"player_choice":"Box","damage_taken":0,"relics_obtained":["animator:Mistletoe"],"max_hp_gain":0,"max_hp_loss":0,"event_name":"Big Fish","floor":0,"gold_loss":0,"cards_obtained":["Regret"]},{"damage_healed":0,"gold_gain":0,"cards_transformed":["animator:Strike_GATE"],"player_choice":"Transformed","damage_taken":0,"max_hp_gain":0,"max_hp_loss":0,"event_name":"Transmorgrifier","floor":14,"gold_loss":0,"cards_obtained":["animator:MamizouFutatsuiwa"]},{"cards_removed":["animator:Strike"],"damage_healed":0,"gold_gain":0,"player_choice":"Gave Gold","damage_taken":0,"max_hp_gain":0,"max_hp_loss":0,"event_name":"Beggar","floor":19,"gold_loss":75},{"damage_healed":0,"gold_gain":0,"player_choice":"Fought Bandits","damage_taken":0,"max_hp_gain":0,"max_hp_loss":0,"event_name":"Masked Bandits","floor":22,"gold_loss":0}],"is_beta":false,"boss_relics":[{"not_picked":["ReplayTheSpireMod:DimensionalGlitch","hubris:Stopwatch"],"picked":"aspiration:WatcherSkillbook"}],"items_purged_floors":[3],"is_endless":false,"potions_floor_spawned":[13,26,30,33],"killed_by":"Automaton","ascension_level":2}}