{"host":"46hhpd9tbruz5rpt","time":1608348227,"event":{"mods":["BaseMod","Minty Spire (QoL Compilation)","Quick Restart","StSLib","The Cursed"],"gold_per_floor":[113,113,38,38,313,313,351,369,417,417,152,170,183,197,197,326,326,347,250,250,274,293,293,329,428,428,240,280,83,83,104,104,233,233,246,262,65,165,178,214,238,269,342,342,367,408,295,295,295,295],"floor_reached":51,"playtime":2410,"items_purged":["TheCursedMod:Defend_TheCursed","Regret","Injury","TheCursedMod:Defend_TheCursed","TheCursedMod:Defend_TheCursed","TheCursedMod:Defend_TheCursed","Shame"],"score":1044,"play_id":"fc499e35-4cb2-4589-885a-5105cdc465c1","local_time":"20201219112347","is_ascension_mode":true,"campfire_choices":[{"data":"TheCursedMod:CleanUpWorkshop","floor":6.0,"key":"SMITH"},{"data":"TheCursedMod:CursedWand","floor":10.0,"key":"SMITH"},{"data":"TheCursedMod:TacticalStrike","floor":15.0,"key":"SMITH"},{"data":"TheCursedMod:VoidForm","floor":23.0,"key":"SMITH"},{"data":"TheCursedMod:NeowsMight","floor":30,"key":"SMITH"},{"data":"TheCursedMod:NeowsMight","floor":32,"key":"SMITH"},{"data":"TheCursedMod:AbyssShockwave","floor":44,"key":"SMITH"},{"data":"TheCursedMod:NeowsMight","floor":49,"key":"SMITH"}],"circlet_count":0,"master_deck":["TheCursedMod:Strike_TheCursed","TheCursedMod:Strike_TheCursed","TheCursedMod:Strike_TheCursed","TheCursedMod:CursedWand+1","TheCursedMod:CleanUpWorkshop+1","TheCursedMod:Dregs","TheCursedMod:AshesToAshes","TheCursedMod:VoidForm+1","TheCursedMod:TacticalStrike+1","TheCursedMod:NeowsMight+1","TheCursedMod:CursedAmulet+1","TheCursedMod:AbyssShockwave+1","TheCursedMod:RapidMovement","TheCursedMod:CursedSpellbook","TheCursedMod:NeowsMight+1","TheCursedMod:SurpriseAttack","TheCursedMod:NeowsMight+1","Master of Strategy"],"relics":["TheCursedMod:BlackMagic101","NeowsBlessing","Golden Idol","White Beast Statue","Vajra","Membership Card","TheCursedMod:OminousMark","Turnip","Oddly Smooth Stone","TungstenRod","Bag of Preparation","Centennial Puzzle","Juzu Bracelet","SacredBark","Pantograph","Kunai","Letter Opener","Nunchaku"],"acts_visited":["Exordium","TheCity","TheBeyond"],"potions_floor_usage":[50],"damage_taken":[{"damage":0.0,"enemies":"Small Slimes","floor":1.0,"turns":1.0},{"damage":0.0,"enemies":"Lagavulin","floor":7.0,"turns":1.0},{"damage":0.0,"enemies":"2 Louse","floor":8.0,"turns":1.0},{"damage":0.0,"enemies":"Cultist","floor":12.0,"turns":3.0},{"damage":1.0,"enemies":"Lots of Slimes","floor":13.0,"turns":5.0},{"damage":0.0,"enemies":"Exordium Wildlife","floor":14.0,"turns":4.0},{"damage":43.0,"enemies":"Hexaghost","floor":16.0,"turns":5.0},{"damage":6.0,"enemies":"Spheric Guardian","floor":18.0,"turns":3.0},{"damage":12.0,"enemies":"2 Thieves","floor":21.0,"turns":2.0},{"damage":4.0,"enemies":"Cultist and Chosen","floor":22.0,"turns":5.0},{"damage":2.0,"enemies":"Slavers","floor":24.0,"turns":2.0},{"damage":0,"enemies":"Gremlin Leader","floor":28,"turns":3},{"damage":1,"enemies":"Snecko","floor":31,"turns":3},{"damage":0,"enemies":"Collector","floor":33,"turns":3},{"damage":0,"enemies":"3 Darklings","floor":35,"turns":2},{"damage":0,"enemies":"3 Shapes","floor":36,"turns":1},{"damage":0,"enemies":"Maw","floor":39,"turns":2},{"damage":0,"enemies":"Reptomancer","floor":40,"turns":3},{"damage":0,"enemies":"4 Shapes","floor":41,"turns":1},{"damage":0,"enemies":"Nemesis","floor":42,"turns":3},{"damage":12,"enemies":"Spire Growth","floor":45,"turns":3},{"damage":0,"enemies":"Giant Head","floor":46,"turns":4},{"damage":5,"enemies":"Time Eater","floor":50,"turns":3}],"seed_played":"7626758693056832885","potions_obtained":[{"floor":1.0,"key":"FearPotion"},{"floor":8.0,"key":"CultistPotion"},{"floor":12.0,"key":"Dexterity Potion"},{"floor":13.0,"key":"SkillPotion"},{"floor":14.0,"key":"FearPotion"},{"floor":16.0,"key":"Dexterity Potion"},{"floor":18.0,"key":"Explosive Potion"},{"floor":21.0,"key":"DistilledChaos"},{"floor":22.0,"key":"Strength Potion"},{"floor":24.0,"key":"BlessingOfTheForge"},{"floor":28,"key":"Energy Potion"},{"floor":40,"key":"Swift Potion"},{"floor":42,"key":"SteroidPotion"}],"is_trial":false,"path_per_floor":["M","?","$","?","?","R","E","M","T","R","$","M","M","M","R","B",null,"M","$","?","M","M","R","E","?","T","$","E","$","R","M","R","B",null,"M","M","$","?","M","E","M","E","T","R","M","E","$","?","R","B",null],"character_chosen":"THE_CURSED","items_purchased":["Membership Card","TheCursedMod:VoidForm","TheCursedMod:AbyssShockwave","Bag of Preparation","TheCursedMod:NeowsMight","TheCursedMod:NeowsMight","Juzu Bracelet","Master of Strategy"],"campfire_rested":0,"item_purchase_floors":[11,11,19,27,27,29,29,37],"current_hp_per_floor":[75,68,68,68,68,68,68,68,68,68,68,68,67,67,67,24,75,69,69,69,57,53,53,51,51,51,51,51,51,51,50,50,50,75,75,75,75,75,75,75,75,75,75,75,63,63,63,63,63,66],"gold":295,"neow_bonus":"THREE_ENEMY_KILL","is_daily":false,"chose_seed":false,"campfire_upgraded":8,"win_rate":0.0,"timestamp":1608348227,"path_taken":["M","?","$","?","?","R","E","?","T","R","$","M","M","M","R","BOSS","M","?","?","?","M","R","E","?","T","$","E","?","R","M","R","BOSS","M","M","$","?","M","E","M","E","T","R","M","E","?","?","R","BOSS"],"items_purchased_type":["Relic","Card","Card","Relic","Card","Card","Relic","Card"],"build_version":"2020-12-13","purchased_purges":7,"victory":true,"max_hp_per_floor":[75,75,75,75,75,75,75,75,75,75,75,75,75,75,75,75,75,75,75,75,75,75,75,75,75,75,75,75,75,75,75,75,75,75,75,75,75,75,75,75,75,75,75,75,75,75,75,71,71,71],"card_choices":[{"not_picked":["TheCursedMod:SaltUponWound","TheCursedMod:CursedShiv","TheCursedMod:CircleOfAmplification"],"picked":"SKIP","floor":1.0},{"not_picked":["TheCursedMod:CursedShiv","TheCursedMod:Stigma","TheCursedMod:CircleOfFlame"],"picked":"SKIP","floor":7.0},{"not_picked":["TheCursedMod:SoulCrush","TheCursedMod:CircleOfFlame"],"picked":"TheCursedMod:AshesToAshes","floor":8.0},{"not_picked":["TheCursedMod:AshesToAshes","TheCursedMod:SoulReap","TheCursedMod:BloodBarrier"],"picked":"SKIP","floor":12.0},{"not_picked":["TheCursedMod:FleshFromBone","TheCursedMod:BloodBarrier","TheCursedMod:VitalStrike"],"picked":"SKIP","floor":13.0},{"not_picked":["TheCursedMod:StingEye","TheCursedMod:RavingStaff"],"picked":"TheCursedMod:TacticalStrike","floor":14.0},{"not_picked":["TheCursedMod:UltimatePain","TheCursedMod:ForbiddenAlchemy"],"picked":"TheCursedMod:NeowsMight","floor":16.0},{"not_picked":["TheCursedMod:RapidMovement","TheCursedMod:CursedMace"],"picked":"TheCursedMod:CursedAmulet+1","floor":18.0},{"not_picked":["TheCursedMod:WearCloak+1","TheCursedMod:FuryStrike","TheCursedMod:CursedAmulet"],"picked":"SKIP","floor":21.0},{"not_picked":["TheCursedMod:Obscuration","TheCursedMod:CursedShiv"],"picked":"TheCursedMod:RapidMovement","floor":22.0},{"not_picked":["TheCursedMod:EmpowerCircles","TheCursedMod:RavingStaff"],"picked":"TheCursedMod:CursedSpellbook","floor":24.0},{"not_picked":["TheCursedMod:ManaBullet","TheCursedMod:CursedBoomerang"],"picked":"TheCursedMod:SurpriseAttack","floor":28},{"not_picked":["TheCursedMod:CursedShiv","TheCursedMod:Torture+1","TheCursedMod:Stretching+1"],"picked":"SKIP","floor":31},{"not_picked":["TheCursedMod:CursedMace+1","TheCursedMod:AshesToAshes","TheCursedMod:CursedArmor+1"],"picked":"SKIP","floor":35},{"not_picked":["TheCursedMod:RapidMovement+1","TheCursedMod:CircleOfWindfury","TheCursedMod:FleshFromBone+1"],"picked":"SKIP","floor":36},{"not_picked":["TheCursedMod:CircleOfWindfury+1","TheCursedMod:Obscuration+1","TheCursedMod:CursedShiv+1"],"picked":"SKIP","floor":39},{"not_picked":["TheCursedMod:OutForBlood","TheCursedMod:PrepareRite+1","TheCursedMod:TroublousMinions"],"picked":"SKIP","floor":40},{"not_picked":["TheCursedMod:Stretching+1","TheCursedMod:CursedMace+1","TheCursedMod:Evocation"],"picked":"SKIP","floor":41},{"not_picked":["TheCursedMod:WearCloak","TheCursedMod:DoubleShield+1","TheCursedMod:DemonicPact"],"picked":"SKIP","floor":42},{"not_picked":["TheCursedMod:CircleOfFocus+1","TheCursedMod:HellsGateOpen+1","TheCursedMod:StingEye"],"picked":"SKIP","floor":45},{"not_picked":["TheCursedMod:AshesToAshes","TheCursedMod:CircleOfFocus+1","TheCursedMod:TroublousMinions+1"],"picked":"SKIP","floor":46}],"player_experience":71369,"relics_obtained":[{"floor":7.0,"key":"White Beast Statue"},{"floor":9.0,"key":"Vajra"},{"floor":24.0,"key":"Oddly Smooth Stone"},{"floor":26.0,"key":"TungstenRod"},{"floor":28,"key":"Centennial Puzzle"},{"floor":40,"key":"Pantograph"},{"floor":42,"key":"Kunai"},{"floor":43,"key":"Letter Opener"},{"floor":46,"key":"Nunchaku"}],"event_choices":[{"cards_removed":["TheCursedMod:Strike_TheCursed"],"damage_healed":0.0,"max_hp_gain":0.0,"max_hp_loss":0.0,"gold_gain":0.0,"event_name":"Golden Wing","player_choice":"Card Removal","floor":2.0,"gold_loss":0.0,"damage_taken":7.0},{"damage_healed":0.0,"max_hp_gain":0.0,"max_hp_loss":0.0,"gold_gain":0.0,"event_name":"Golden Idol","player_choice":"Take Wound","floor":4.0,"gold_loss":0.0,"damage_taken":0.0,"relics_obtained":["Golden Idol"],"cards_obtained":["Injury"]},{"damage_healed":0.0,"max_hp_gain":0.0,"max_hp_loss":0.0,"gold_gain":275.0,"event_name":"Golden Shrine","player_choice":"Desecrate","floor":5.0,"gold_loss":0.0,"damage_taken":0.0,"cards_obtained":["Regret"]},{"damage_healed":0.0,"max_hp_gain":0.0,"max_hp_loss":0.0,"gold_gain":0.0,"event_name":"Addict","player_choice":"Stole Relic","floor":20.0,"gold_loss":0.0,"damage_taken":0.0,"relics_obtained":["Turnip"],"cards_obtained":["Shame"]},{"damage_healed":0.0,"max_hp_gain":0.0,"max_hp_loss":0.0,"gold_gain":99.0,"event_name":"Nest","player_choice":"Stole From Cult","floor":25.0,"gold_loss":0.0,"damage_taken":0.0},{"damage_healed":0,"gold_gain":100,"player_choice":"Pray","damage_taken":0,"max_hp_gain":0,"max_hp_loss":0,"event_name":"Golden Shrine","floor":38,"gold_loss":0},{"damage_healed":0,"gold_gain":0,"player_choice":"Max HP","damage_taken":0,"max_hp_gain":0,"max_hp_loss":4,"event_name":"Winding Halls","floor":48,"gold_loss":0}],"is_beta":false,"boss_relics":[{"not_picked":["Runic Dome","Astrolabe"],"picked":"TheCursedMod:OminousMark"},{"not_picked":["Coffee Dripper","Velvet Choker"],"picked":"SacredBark"}],"items_purged_floors":[3,11,19,27,29,37,47],"is_endless":false,"potions_floor_spawned":[1,8,12,13,14,16,18,21,22,24,28,31,33,35,36,39,40,41,42,45,46],"ascension_level":1}}