{"host":"rcanb95qz4o6v6pp","time":1608403456,"event":{"mods":["AchievementEnabler","BaseMod","Better Third Choice","BetterRewards","Colored Map","Downfall","Googly Eyes","Hermit","Infinite Spire","Minty Spire (QoL Compilation)","Replay The Spire","Spicy Shops","StSLib","The Blue Laboratory"],"gold_per_floor":[114,114,131,147,147,174,174,204,204,204,220,233,17,33,33,136,136,151,151,167,178,18,18,50,50,50,77,77,90,108,108,123,151,151,254,254,271,291,291,326,15,15,34,67,67,101,101,101,101,125,125,125],"floor_reached":53,"playtime":16829,"items_purged":[],"score":1164,"play_id":"a1292704-5e81-4e55-8c1f-f546688e1808","local_time":"20201219134416","daily_mods":["SealedDeck","Heirloom","downfall:Jewelcrafting","Lethality"],"is_ascension_mode":false,"campfire_choices":[{"data":"Guardian:PiercingHide","floor":15,"key":"SMITH"},{"data":"Swivel","floor":23,"key":"SMITH"},{"data":"ReplayTheSpireMod:Chaos Vortex","floor":42,"key":"SMITH"},{"floor":51,"key":"REST"}],"circlet_count":0,"master_deck":["Guardian:ExploitGems+1","Evaluate","Evaluate","FollowUp","ClearTheMind","CrushJoints","ReachHeaven+1","FollowUp","Guardian:Repulse+1","Prostrate","DeceiveReality","Guardian:PiercingHide+1","Guardian:PiercingHide","Guardian:Harden+1","Guardian:PiercingHide","FlurryOfBlows+1","FlurryOfBlows+1","CarveReality+1","Swivel+1","Guardian:EvasiveProtocol","Guardian:FloatingOrbs","ReplayTheSpireMod:Chaos Vortex+1","ClearTheMind+1","Guardian:ArmoredProtocol","TalkToTheHand","Guardian:GemFinder","Poisoned Strike","expansioncontent:CaCaw","Poisoned Strike","infinitespire:DeathsTouch","Guardian:Gem_Red"],"relics":["PureWater","Guardian:PickAxe","Replay:Kaleidoscope","Du-Vu Doll","TungstenRod","Guide Book","BranchBurnRelic","infinitespire:Cupcake","Replay:Bottled Snecko","infinitespire:ShieldingShard","Bottled Lightning","Bag of Marbles","Ancient Tea Set","Orichalcum","ChewingGum","infinitespire:EvilPickle","Durian","Philosopher\u0027s Stone","Mummified Hand","Blue Candle","TeardropLocket","Vajra","Replay:Bottled Eggs"],"acts_visited":["Exordium","TheCity","TheBeyond"],"potions_floor_usage":[16,16,27,27,27,32,35,44,52,52,52],"damage_taken":[{"damage":0,"enemies":"Small Slimes","floor":1,"turns":2},{"damage":0,"enemies":"2 Louse","floor":3,"turns":2},{"damage":0,"enemies":"Cultist","floor":4,"turns":3},{"damage":0,"enemies":"Gremlin Nob","floor":6,"turns":3},{"damage":5,"enemies":"3 Sentries","floor":8,"turns":4},{"damage":11,"enemies":"Gremlin Gang","floor":11,"turns":4},{"damage":0,"enemies":"Red Slaver","floor":12,"turns":1},{"damage":0,"enemies":"2 Fungi Beasts","floor":14,"turns":2},{"damage":4,"enemies":"The Guardian","floor":16,"turns":6},{"damage":0,"enemies":"Chosen","floor":18,"turns":3},{"damage":0,"enemies":"Shell Parasite","floor":20,"turns":2},{"damage":26,"enemies":"Centurion and Healer","floor":21,"turns":4},{"damage":10,"enemies":"Book of Stabbing","floor":24,"turns":3},{"damage":0,"enemies":"Slavers","floor":27,"turns":3},{"damage":0,"enemies":"Cultist and Chosen","floor":29,"turns":4},{"damage":0,"enemies":"Chosen and Byrds","floor":30,"turns":4},{"damage":7,"enemies":"Snake Plant","floor":32,"turns":2},{"damage":1,"enemies":"Nightmare","floor":33,"turns":5},{"damage":0,"enemies":"Pondfish","floor":35,"turns":8},{"damage":12,"enemies":"3 Darklings","floor":37,"turns":5},{"damage":0,"enemies":"Orb Walker","floor":38,"turns":3},{"damage":0,"enemies":"3 Darklings","floor":40,"turns":4},{"damage":0,"enemies":"Jaw Worm Horde","floor":43,"turns":3},{"damage":0,"enemies":"Nemesis","floor":44,"turns":5},{"damage":0,"enemies":"R_Hoarder","floor":46,"turns":6},{"damage":0,"enemies":"Transient","floor":50,"turns":5},{"damage":32,"enemies":"infinitespire:MassOfShapes","floor":52,"turns":7}],"seed_played":"-8785941697479394503","potions_obtained":[{"floor":3,"key":"blueLaboratory:FaithlessPotion"},{"floor":11,"key":"blueLaboratory:FruitPunch"},{"floor":12,"key":"SteroidPotion"},{"floor":14,"key":"EssenceOfSteel"},{"floor":16,"key":"Dexterity Potion"},{"floor":21,"key":"LifebloodPotion"},{"floor":27,"key":"blueLaboratory:StoneskinPotion"},{"floor":30,"key":"SteroidPotion"},{"floor":40,"key":"SkillPotion"},{"floor":46,"key":"Ambrosia"},{"floor":50,"key":"champ:CounterPotion"}],"is_trial":true,"path_per_floor":["M","?","M","M","?","E","R","E","T","?","M","M","$","M","R","B",null,"M","T","M","M","$","R","E","PTL","PTL","E","T","M","M","?","M","NM","R_BF","B",null,"M","M","AVR","M","$","R","M","E","T","E","?","T","?","M","R","B",null],"character_chosen":"WATCHER","items_purchased":["Guide Book","Guardian:Gem_Green","FlurryOfBlows","infinitespire:ShieldingShard","Swivel","Mummified Hand","AttackPotion"],"campfire_rested":1,"item_purchase_floors":[13,13,13,22,22,41,41],"current_hp_per_floor":[72,72,72,72,72,72,72,67,67,82,71,71,71,71,71,81,84,84,84,84,58,58,58,60,60,60,60,60,60,60,45,38,37,63,78,89,77,77,82,82,82,82,91,91,91,91,82,82,60,60,88,63],"gold":125,"neow_bonus":"","is_daily":false,"chose_seed":false,"campfire_upgraded":3,"win_rate":0.0,"timestamp":1608403456,"path_taken":["M","?","M","M","?","E","R","E","T","?","M","M","$","M","R","BOSS","M","?","M","?","?","R","E","PTL","PTL","E","T","M","?","?","M","NM","R_BF","BOSS","M","M","AVR","M","$","R","M","E","T","E","?","?","?","M","R","BOSS"],"items_purchased_type":["Relic","Card","Card","Relic","Card","Relic","Potion"],"build_version":"2020-12-13","purchased_purges":0,"victory":true,"max_hp_per_floor":[72,72,72,72,72,72,72,72,72,82,82,82,82,82,82,84,84,84,84,84,84,84,84,84,84,84,84,84,84,84,89,89,89,89,89,89,89,89,94,94,94,94,94,94,94,94,94,94,94,94,94,94],"card_choices":[{"not_picked":["Guardian:PrimingBeam","Replay:Vibes"],"picked":"DeceiveReality","floor":1},{"not_picked":["Protect","EmptyFist"],"picked":"Guardian:PiercingHide","floor":3},{"not_picked":["Guardian:Recover","Halt","Guardian:Gem_Yellow"],"picked":"SKIP","floor":4},{"not_picked":["FlurryOfBlows","Guardian:Repulse","Crescendo"],"picked":"SKIP","floor":6},{"not_picked":["CarveReality","Study"],"picked":"Guardian:PiercingHide","floor":8},{"not_picked":["FlyingSleeves","Guardian:Suspension"],"picked":"Guardian:Harden","floor":11},{"not_picked":["FollowUp","FlurryOfBlows"],"picked":"Guardian:PiercingHide","floor":12},{"not_picked":["DeceiveReality","Guardian:Emergency"],"picked":"FlurryOfBlows","floor":14},{"not_picked":["InnerPeace","Guardian:TemporalShield","Replay:Vibes"],"picked":"SKIP","floor":18},{"not_picked":["Guardian:Gem_Lightblue","Protect"],"picked":"CarveReality+1","floor":20},{"not_picked":["Guardian:WalkerClaw","Guardian:HyperBeam_Guardian"],"picked":"Guardian:Gem_Cyan","floor":21},{"not_picked":["SandsOfTime","Guardian:RollAttack+1","Guardian:TemporalStrike+1"],"picked":"SKIP","floor":24},{"not_picked":["Guardian:PiercingHide","SignatureMove","Guardian:Emergency"],"picked":"SKIP","floor":27},{"not_picked":["EmptyBody","LikeWater","Guardian:RollAttack"],"picked":"SKIP","floor":29},{"not_picked":["Guardian:PiercingHide","Guardian:PrismaticBeam"],"picked":"Guardian:EvasiveProtocol","floor":30},{"not_picked":["Study","Guardian:Planning","Guardian:Suspension"],"picked":"SKIP","floor":32},{"not_picked":["Sanctity","Guardian:VentSteam","MasterReality"],"picked":"SKIP","floor":33},{"not_picked":["Guardian:ArmoredProtocol","Consecrate+1"],"picked":"Guardian:Gem_Red","floor":37},{"not_picked":["SignatureMove","Guardian:Gem_Yellow"],"picked":"Guardian:FloatingOrbs","floor":38},{"not_picked":["Guardian:TemporalStrike+1","CarveReality"],"picked":"ClearTheMind+1","floor":40},{"not_picked":["Guardian:Recover","Guardian:WalkerClaw"],"picked":"Guardian:ArmoredProtocol","floor":43},{"not_picked":["Guardian:Gem_Fragmented","CrushJoints"],"picked":"TalkToTheHand","floor":44},{"not_picked":["Guardian:BronzeOrb+1","ThirdEye+1"],"picked":"Guardian:GemFinder","floor":46},{"not_picked":["expansioncontent:DonusPower","Bandage Up"],"picked":"Poisoned Strike","floor":47},{"not_picked":["Replay:SS_forest_6","expansioncontent:AwakenDeath"],"picked":"expansioncontent:CaCaw","floor":47},{"not_picked":["Discovery","Magnetism"],"picked":"Poisoned Strike","floor":47},{"not_picked":["infinitespire:TheBestDefense","infinitespire:Punishment"],"picked":"infinitespire:DeathsTouch","floor":49},{"not_picked":["Guardian:Gem_Cyan","Guardian:Gem_Green"],"picked":"Guardian:Gem_Red","floor":50},{"not_picked":["Replay:ManipulateFuture+1","Guardian:Suspension","Halt"],"picked":"SKIP","floor":50}],"player_experience":1805259,"relics_obtained":[{"floor":6,"key":"Dead Branch"},{"floor":8,"key":"Du-Vu Doll"},{"floor":9,"key":"TungstenRod"},{"floor":19,"key":"Replay:Bottled Snecko"},{"floor":24,"key":"Bottled Lightning"},{"floor":27,"key":"Bag of Marbles"},{"floor":28,"key":"Ancient Tea Set"},{"floor":33,"key":"Orichalcum"},{"floor":44,"key":"Blue Candle"},{"floor":45,"key":"TeardropLocket"},{"floor":46,"key":"Vajra"},{"floor":48,"key":"Replay:Bottled Eggs"}],"event_choices":[{"damage_healed":0,"gold_gain":0,"player_choice":"Leave","damage_taken":0,"max_hp_gain":0,"max_hp_loss":0,"event_name":"The Cleric","floor":2,"gold_loss":0},{"cards_removed":["Guardian:ExploitGems"],"damage_healed":5,"gold_gain":0,"player_choice":"Offered Rare","damage_taken":0,"max_hp_gain":10,"max_hp_loss":0,"event_name":"Bonfire Elementals","floor":10,"gold_loss":0},{"damage_healed":0,"gold_gain":0,"player_choice":"Shed Blood","damage_taken":21,"max_hp_gain":5,"max_hp_loss":0,"event_name":"Forgotten Altar","floor":31,"gold_loss":0},{"damage_healed":0,"gold_gain":0,"player_choice":"Memory 3","damage_taken":10,"max_hp_gain":0,"max_hp_loss":0,"event_name":"SensoryStone","floor":47,"gold_loss":0}],"is_beta":false,"boss_relics":[{"not_picked":["ReplayTheSpireMod:DimensionalGlitch","Sozu"],"picked":"infinitespire:Cupcake"},{"not_picked":["Coffee Dripper","VioletLotus"],"picked":"ChewingGum"}],"items_purged_floors":[],"is_endless":false,"potions_floor_spawned":[3,11,12,14,16,21,27,30,40,46,50],"ascension_level":0}}