{"host":"ufl0k2so27eic2iy","time":1608366463,"event":{"mods":["BaseMod","Minty Spire (QoL Compilation)","StSLib","The Animator"],"gold_per_floor":[113,36,46,73,96,96,127,127,127,143,154,304,335,350,350,422,422,439,47,30,30,58,88,88,88,114,164,379,379,379,379],"floor_reached":30,"playtime":1479,"items_purged":["animator:Strike"],"score":455,"play_id":"3c066508-aaa1-42d6-a008-7bdfc79f7c51","local_time":"20201219082743","is_ascension_mode":true,"campfire_choices":[{"data":"animator:Souei","floor":6.0,"key":"SMITH"},{"floor":8.0,"key":"REST"},{"data":"animator:KrulTepes","floor":15.0,"key":"SMITH"},{"data":"animator:Guren","floor":25,"key":"SMITH"},{"data":"animator:Zero","floor":29,"key":"SMITH"}],"circlet_count":0,"master_deck":["AscendersBane","animator:Strike_RozenMaiden","animator:Defend_RozenMaiden","animator:Defend","animator:Defend","animator:Defend","animator:Souseiseki","animator:Hinaichigo","animator:KrulTepes+1","animator:Rimuru","animator:Mitsuba","animator:Souei+1","animator:JunSakurada+6","animator:Mikaela","animator:MeguKakizaki","Doubt","animator:HiiragiShinya","animator:FeridBathory","animator:Guren+1","animator:Suigintou+1","animator:Zero+1","animator:GuildGirl","animator:Yuuichirou","animator:Rimuru","animator:ItamiYouji","animator:Curse_Greed"],"relics":["animator:LivingPicture","animator:TheMissingPiece","Blood Vial","Red Skull","Meat on the Bone","Pear","Blood Vial","Cursed Key","Blood Vial","Torii","Smiling Mask","Old Coin"],"acts_visited":["Exordium","TheCity"],"potions_floor_usage":[30],"damage_taken":[{"damage":0.0,"enemies":"Cultist","floor":1.0,"turns":3.0},{"damage":4.0,"enemies":"Jaw Worm","floor":3.0,"turns":3.0},{"damage":7.0,"enemies":"2 Louse","floor":4.0,"turns":4.0},{"damage":6.0,"enemies":"Exordium Wildlife","floor":5.0,"turns":5.0},{"damage":37.0,"enemies":"3 Sentries","floor":7.0,"turns":13.0},{"damage":1.0,"enemies":"Large Slime","floor":10.0,"turns":6.0},{"damage":4.0,"enemies":"Looter","floor":11.0,"turns":3.0},{"damage":16.0,"enemies":"Lagavulin","floor":13.0,"turns":7.0},{"damage":7.0,"enemies":"Blue Slaver","floor":14.0,"turns":8.0},{"damage":34.0,"enemies":"The Guardian","floor":16.0,"turns":12.0},{"damage":40.0,"enemies":"Spheric Guardian","floor":18.0,"turns":6.0},{"damage":24.0,"enemies":"2 Thieves","floor":20.0,"turns":4.0},{"damage":23.0,"enemies":"Sentry and Sphere","floor":22.0,"turns":6.0},{"damage":42.0,"enemies":"Gremlin Leader","floor":23.0,"turns":10.0},{"damage":33,"enemies":"Slavers","floor":30,"turns":6}],"seed_played":"6912639532330396638","potions_obtained":[{"floor":1.0,"key":"FearPotion"},{"floor":7.0,"key":"SkillPotion"},{"floor":10.0,"key":"Energy Potion"},{"floor":13.0,"key":"SteroidPotion"},{"floor":18.0,"key":"FearPotion"}],"is_trial":false,"path_per_floor":["M","$","M","M","M","R","E","R","T","M","M","?","E","M","R","B",null,"M","$","M","?","M","E","?","R","T","?","?","R","E"],"character_chosen":"THE_ANIMATOR","items_purchased":["animator:Rimuru","animator:Guren","animator:Suigintou","animator:Zero","animator:GuildGirl"],"campfire_rested":1,"item_purchase_floors":[2,19,19,19,19],"current_hp_per_floor":[60,60,56,49,43,43,6,25,25,38,37,37,51,52,52,38,67,49,49,47,47,46,26,26,26,26,26,26,26,0,0],"gold":379,"neow_bonus":"TEN_PERCENT_HP_BONUS","is_daily":false,"chose_seed":true,"campfire_upgraded":4,"win_rate":0.0,"timestamp":1608366463,"path_taken":["M","$","?","M","M","R","E","R","T","M","M","?","E","M","R","BOSS","M","$","M","?","M","E","?","R","T","?","?","R","E"],"items_purchased_type":["Card","Card","Card","Card","Card"],"build_version":"2020-12-13","purchased_purges":1,"victory":false,"max_hp_per_floor":[66,66,66,66,66,66,66,66,66,66,67,67,77,77,77,77,77,77,77,77,77,77,77,77,77,77,77,77,77,77,77],"card_choices":[{"not_picked":["animator:Shuna","animator:Spearman"],"picked":"animator:KrulTepes","floor":1.0},{"not_picked":["animator:Millim","animator:KrulTepes"],"picked":"animator:Mitsuba","floor":3.0},{"not_picked":["animator:Shichika","animator:KrulTepes"],"picked":"animator:Souei","floor":4.0},{"not_picked":["animator:Shirosaki","animator:Suigintou"],"picked":"animator:JunSakurada","floor":5.0},{"not_picked":["animator:UneriGinkaku","animator:NoriSakurada"],"picked":"animator:Mikaela","floor":7.0},{"not_picked":["animator:Arpeggio","animator:Mikaela","animator:ChaikaBohdan"],"picked":"SKIP","floor":10.0},{"not_picked":["animator:Millim","animator:Yoichi"],"picked":"animator:MeguKakizaki","floor":11.0},{"not_picked":["animator:Yoichi","animator:CrowleyEusford"],"picked":"animator:HiiragiShinya","floor":13.0},{"not_picked":["animator:Mitsuba","animator:Azekura"],"picked":"animator:JunSakurada","floor":14.0},{"not_picked":["animator:HigakiRinne","animator:Guren"],"picked":"animator:FeridBathory","floor":16.0},{"not_picked":["animator:Hakurou+1","animator:Shuna","animator:Arpeggio"],"picked":"SKIP","floor":18.0},{"not_picked":["animator:ZankiKiguchi","animator:Mikaela","animator:AcuraAkari"],"picked":"SKIP","floor":20.0},{"not_picked":["animator:Shinoa","animator:Mikaela"],"picked":"animator:Yuuichirou","floor":22.0},{"not_picked":["animator:DwarfShaman","animator:Millim"],"picked":"animator:Rimuru","floor":23}],"player_experience":2316379,"relics_obtained":[{"floor":7.0,"key":"Blood Vial"},{"floor":7.0,"key":"Red Skull"},{"floor":9.0,"key":"Meat on the Bone"},{"floor":13.0,"key":"Pear"},{"floor":16.0,"key":"Blood Vial"},{"floor":23,"key":"Blood Vial"},{"floor":23,"key":"Torii"},{"floor":26,"key":"Smiling Mask"}],"event_choices":[{"damage_healed":0.0,"max_hp_gain":0.0,"max_hp_loss":0.0,"gold_gain":150.0,"event_name":"Liars Game","player_choice":"AGREE","floor":12.0,"gold_loss":0.0,"damage_taken":0.0,"cards_obtained":["Doubt"]},{"damage_healed":0.0,"max_hp_gain":0.0,"max_hp_loss":0.0,"gold_gain":0.0,"event_name":"The Mausoleum","player_choice":"Ignored","floor":21.0,"gold_loss":0.0,"damage_taken":0.0},{"damage_healed":0,"gold_gain":0,"cards_transformed":["animator:Strike","animator:Strike"],"player_choice":"Became Test Subject","damage_taken":0,"max_hp_gain":0,"max_hp_loss":0,"event_name":"Drug Dealer","floor":24,"gold_loss":0,"cards_obtained":["animator:Suigintou","animator:ItamiYouji"]},{"damage_healed":0,"gold_gain":50,"player_choice":"Stole From Cult","damage_taken":0,"max_hp_gain":0,"max_hp_loss":0,"event_name":"Nest","floor":27,"gold_loss":0},{"damage_healed":0,"gold_gain":0,"player_choice":"Obtained Relic","damage_taken":0,"relics_obtained":["Old Coin"],"max_hp_gain":0,"max_hp_loss":0,"event_name":"Addict","floor":28,"gold_loss":85}],"is_beta":false,"boss_relics":[{"not_picked":["Ectoplasm","Fusion Hammer"],"picked":"Cursed Key"}],"items_purged_floors":[19],"is_endless":false,"potions_floor_spawned":[1,7,10,11,13,18,22],"killed_by":"Slavers","ascension_level":15}}