{"host":"1mxf43y0hzpoj3pg","time":1608368112,"event":{"mods":["AchievementEnabler","BaseMod","BetterRewards","Colored Map","Conspire","Downfall","Hubris","Minty Spire (QoL Compilation)","Permanent Neow","Replay The Spire","Shop Mod","StSLib","The Jungle"],"gold_per_floor":[99,109,181,181,331,331,331,256,256,256,279,279,309,344,374,489,489,489,530,530,530,530,558,558,588,513,513,534,566,34,134,156,269,269,269,304,335,335,357,382,454,489,489,529,564,563,597,641,675,707],"floor_reached":51,"playtime":4962,"items_purged":["Regret"],"score":768,"play_id":"691d19e1-b144-4146-8301-1d80aa655362","local_time":"20201219035512","is_ascension_mode":false,"campfire_choices":[{"data":"Guardian:TwinSlam","floor":1,"key":"SMITH"},{"floor":4,"key":"RECALL"},{"data":"Guardian:TemporalShield","floor":8,"key":"SMITH"},{"data":"Guardian:PiercingHide","floor":10,"key":"SMITH"},{"data":"Guardian:BaubleBeam","floor":18,"key":"SMITH"},{"data":"Guardian:PiercingHide","floor":26,"key":"SMITH"},{"data":"Guardian:ChargeUp","floor":38,"key":"SMITH"},{"data":"Guardian:TemporalShield","floor":43,"key":"SMITH"}],"circlet_count":0,"master_deck":["Guardian:Strike_Guardian","Guardian:Strike_Guardian","Guardian:Strike_Guardian","Guardian:Defend_Guardian","Guardian:Defend_Guardian","Guardian:Defend_Guardian","Guardian:Defend_Guardian","Guardian:CurlUp","Guardian:TwinSlam+1","Guardian:TemporalShield+1","ReplayTheSpireMod:Splinters","Guardian:PiercingHide+1","Guardian:TemporalShield+1","Slimebound:Icky","Guardian:ShieldCharger","Guardian:CrystalBeam","Guardian:PiercingHide+1","Guardian:BaubleBeam+1","Guardian:SpikerProtocol+1","Guardian:ShieldCharger","Guardian:ExploitGems","Guardian:Planning","Guardian:PiercingHide+1","Guardian:ChargeUp+1","Guardian:FloatingOrbs+1","Guardian:AncientConstruct","Guardian:Clone+1","Guardian:Harden+1","Guardian:BronzeArmor+1","Guardian:BronzeOrb+1","Guardian:TimeSifter","Guardian:Gem_White","Guardian:WalkerClaw","Guardian:BronzeOrb","Guardian:Incinerate","Guardian:TimeCapacitor","Guardian:Gem_Purple"],"relics":["Guardian:ModeShifter","Happy Flower","Replay:Bandana","Omamori","Meat on the Bone","downfall:HeartBlessingRed","downfall:ShatteredFragment","Philosopher\u0027s Stone","Toy Ornithopter","hubris:Icosahedron","Ring of Searing","downfall:HeartBlessingBlue","MerchantsRug","Thread and Needle","Painkiller Herb","hubris:CrystalStatue","Juzu Bracelet","ReplayTheSpireMod:CursedCoin"],"acts_visited":["Exordium","TheCity","TheBeyond"],"potions_floor_usage":[16,16,29,44,50],"damage_taken":[{"damage":0,"enemies":"Small Slimes","floor":2,"turns":3},{"damage":0,"enemies":"2 Louse","floor":11,"turns":2},{"damage":0,"enemies":"conspire:RoseBush","floor":13,"turns":2},{"damage":1,"enemies":"2 Fungi Beasts","floor":14,"turns":3},{"damage":8,"enemies":"Exordium Wildlife","floor":15,"turns":4},{"damage":17,"enemies":"downfall:Silent","floor":16,"turns":8},{"damage":16,"enemies":"Book of Stabbing","floor":19,"turns":6},{"damage":5,"enemies":"Spheric Guardian","floor":23,"turns":3},{"damage":0,"enemies":"Chosen","floor":25,"turns":4},{"damage":11,"enemies":"Snake Plant","floor":28,"turns":3},{"damage":4,"enemies":"Centurion and Healer","floor":29,"turns":6},{"damage":0,"enemies":"downfall:FleeingMerchant","floor":30,"turns":4},{"damage":18,"enemies":"3 Cultists","floor":32,"turns":5},{"damage":0,"enemies":"downfall:Watcher","floor":33,"turns":8},{"damage":15,"enemies":"3 Shapes","floor":36,"turns":4},{"damage":8,"enemies":"3 Darklings","floor":37,"turns":4},{"damage":3,"enemies":"4 Shapes","floor":39,"turns":8},{"damage":0,"enemies":"Transient","floor":40,"turns":5},{"damage":0,"enemies":"Maw","floor":42,"turns":7},{"damage":3,"enemies":"Reptomancer","floor":44,"turns":6},{"damage":0,"enemies":"Jaw Worm Horde","floor":45,"turns":4},{"damage":0,"enemies":"downfall:FleeingMerchant","floor":46,"turns":4},{"damage":0,"enemies":"Transient","floor":47,"turns":5},{"damage":0,"enemies":"3 Darklings","floor":48,"turns":4},{"damage":0,"enemies":"Jaw Worm Horde","floor":49,"turns":4},{"damage":6,"enemies":"downfall:Defect","floor":50,"turns":9}],"seed_played":"6413327737725180168","potions_obtained":[{"floor":3,"key":"LifebloodPotion"},{"floor":11,"key":"Death Potion"},{"floor":15,"key":"SpeedPotion"},{"floor":16,"key":"Venom Potion"},{"floor":25,"key":"SkillPotion"},{"floor":29,"key":"Languid Potion"},{"floor":39,"key":"Guardian:BlockOnCardUsePotion"},{"floor":40,"key":"Guardian:DefensiveModePotion"},{"floor":45,"key":"SteroidPotion"}],"is_trial":false,"path_per_floor":["R","M","?","R","?","?","T","R","?","R","M","?","M","M","M","B",null,"R","E","?","?","?","M","T","M","R","?","M","M","$","?","M","B",null,"T","?","?","T","?","?","T","?","T","E","?","T","?","?","?","B",null],"character_chosen":"GUARDIAN","items_purchased":["MerchantsRug","Guardian:ChargeUp","Guardian:FloatingOrbs+1","Thread and Needle","ReplayTheSpireMod:CursedCoin","Guardian:BronzeOrb","Guardian:Incinerate"],"campfire_rested":0,"item_purchase_floors":[30,30,30,30,46,46,46],"current_hp_per_floor":[80,80,80,80,80,80,80,80,56,56,56,56,56,55,47,42,80,80,64,64,64,64,59,59,59,69,69,58,59,59,59,53,53,90,90,75,67,67,64,64,64,64,64,66,66,66,66,66,66,65],"gold":707,"neow_bonus":"RANDOM_COMMON_RELIC","is_daily":false,"chose_seed":false,"campfire_upgraded":7,"win_rate":0.0,"timestamp":1608368112,"path_taken":["R","M","?","R","?","?","T","R","?","R","?","?","?","M","M","BOSS","R","E","?","?","?","M","T","M","R","?","?","M","$","?","M","BOSS","T","?","?","T","?","?","T","?","T","E","?","T","?","?","?","BOSS"],"items_purchased_type":["Relic","Card","Card","Relic","Relic","Card","Card"],"build_version":"2020-12-13","purchased_purges":1,"victory":true,"max_hp_per_floor":[80,80,80,80,80,80,80,80,80,80,80,80,80,80,80,80,80,80,80,80,80,80,80,80,80,90,90,90,90,90,90,90,90,90,90,90,90,90,90,90,90,90,90,90,90,90,90,90,90,90],"card_choices":[{"not_picked":["Guardian:Gem_Cyan","Guardian:Gem_Green"],"picked":"Guardian:TemporalShield","floor":2},{"not_picked":["Guardian:WalkerClaw","Guardian:Gem_Lightblue"],"picked":"Guardian:PiercingHide","floor":3},{"not_picked":["Guardian:GuardianWhirl","Guardian:MultiBeam"],"picked":"Guardian:TemporalShield","floor":3},{"not_picked":["Guardian:DonusPower","Guardian:FloatingOrbs"],"picked":"Guardian:ShieldCharger","floor":11},{"not_picked":["Guardian:Gem_Green","Guardian:Planning"],"picked":"Guardian:Gem_Purple","floor":13},{"not_picked":["Guardian:Suspension","Guardian:Planning"],"picked":"Guardian:CrystalBeam","floor":14},{"not_picked":["Guardian:WalkerClaw","Guardian:Gem_Fragmented"],"picked":"Guardian:PiercingHide","floor":15},{"not_picked":["Guardian:Gem_Orange","Guardian:RevengeProtocol"],"picked":"Guardian:BaubleBeam","floor":16},{"not_picked":["Guardian:RollAttack","Guardian:TemporalStrike"],"picked":"Guardian:SpikerProtocol","floor":19},{"not_picked":["Guardian:Reroute+1","Guardian:Gem_Cyan"],"picked":"Guardian:ShieldCharger","floor":23},{"not_picked":["Guardian:Incinerate+1","Guardian:TemporalShield"],"picked":"Guardian:ExploitGems","floor":25},{"not_picked":["Guardian:ShieldSpikes","Guardian:TemporalShield+1"],"picked":"Guardian:Planning","floor":28},{"not_picked":["Guardian:Planning","Guardian:Recover+1"],"picked":"Guardian:Gem_Cyan","floor":29},{"not_picked":["Guardian:TemporalStrike+1","Guardian:BronzeArmor"],"picked":"Guardian:PiercingHide+1","floor":30},{"not_picked":["Guardian:Gem_Cyan","Guardian:DonusPower+1","Guardian:Reroute"],"picked":"SKIP","floor":32},{"not_picked":["Guardian:Gem_Synthetic","Guardian:HyperBeam_Guardian"],"picked":"Guardian:AncientConstruct","floor":33},{"not_picked":["Guardian:Reroute+1","Guardian:Planning+1"],"picked":"Guardian:Clone+1","floor":36},{"not_picked":["Guardian:Gem_Lightblue","Guardian:BaubleBeam"],"picked":"Guardian:Harden+1","floor":37},{"not_picked":["Guardian:Planning+1","Guardian:Gem_Cyan"],"picked":"Guardian:BronzeArmor+1","floor":39},{"not_picked":["Guardian:RollAttack","Guardian:PrismaticBeam"],"picked":"Guardian:Gem_Blue","floor":40},{"not_picked":["Guardian:Gem_Red","Guardian:BronzeArmor"],"picked":"Guardian:BronzeOrb+1","floor":42},{"not_picked":["Guardian:Recover","Guardian:RollAttack"],"picked":"Guardian:TimeSifter","floor":44},{"not_picked":["Guardian:Gem_Red","Guardian:Clone+1"],"picked":"Guardian:Gem_White","floor":45},{"not_picked":["Guardian:TimeBomb","Guardian:TemporalShield"],"picked":"Guardian:WalkerClaw","floor":46},{"not_picked":["Guardian:PrismaticBeam+1","Guardian:ShieldCharger+1"],"picked":"Guardian:TimeCapacitor","floor":47},{"not_picked":["Guardian:Incinerate","Guardian:ShieldCharger+1"],"picked":"Guardian:Gem_Purple","floor":48},{"not_picked":["Guardian:TemporalStrike","Guardian:Gem_Red","Guardian:ShieldCharger+1"],"picked":"SKIP","floor":49}],"player_experience":193310,"relics_obtained":[{"floor":3,"key":"Replay:Bandana"},{"floor":7,"key":"Meat on the Bone"},{"floor":19,"key":"Toy Ornithopter"},{"floor":22,"key":"Ring of Searing"},{"floor":41,"key":"hubris:CrystalStatue"},{"floor":44,"key":"Juzu Bracelet"}],"event_choices":[{"damage_healed":0,"gold_gain":0,"player_choice":"Ignored","damage_taken":0,"max_hp_gain":0,"max_hp_loss":0,"event_name":"Ghosts","floor":27,"gold_loss":0}],"is_beta":false,"boss_relics":[{"not_picked":["Coffee Dripper","SlaversCollar"],"picked":"Philosopher\u0027s Stone"},{"not_picked":["Guardian:ModeShifterPlus","hubris:ScarierMask"],"picked":"Painkiller Herb"}],"items_purged_floors":[46],"is_endless":false,"potions_floor_spawned":[11,15,16,25,28,29,39,40,45,47,48],"ascension_level":0}}