{"host":"0azimyi6n3ugndj4","time":1608420634,"event":{"mods":["BaseMod","Bestiary","Conspire","Curses Come First","Defuse TimeMaze Blight","Hyrulean Relics","Infinite Spire","Minty Spire (QoL Compilation)","Relic Sorter","Relic Stats","Replay The Spire","StSLib","SuperFastMode","Uncapped","¡¼?Úª?ø«¡½REMEMod"],"gold_per_floor":[132,162,210,252,327,423,423,522,522,583,688,688,78,135,135,135,135],"floor_reached":16,"playtime":260,"items_purged":[],"score":365,"play_id":"ed94d9e9-d6c4-45c0-aa53-6901c21ee260","local_time":"20201220083034","daily_mods":["Insanity","Chimera","Specialized","Vintage","ControlledChaos","Allstar","Diverse","Colorless Cards","Heirloom","Time Dilation","Binary","Elite Swarm","Lethality","Midas","Uncertain Future"],"is_ascension_mode":true,"campfire_choices":[{"floor":12,"key":"REST"},{"floor":15,"key":"REST"}],"circlet_count":0,"master_deck":["Demon Form","Wraith Form v2","Echo Form","DevaForm","AscendersBane","Bash","Survivor","Zap","Strike_R","Strike_G","Strike_B","Defend_R","Defend_G","Defend_P","Pommel Strike","PiercingWail","Escape Plan","Backstab","Dagger Throw","Barrage","Panic Button","Headbutt","Outmaneuver","Madness","Twin Strike","Run Through","Endless Agony","Slice","Halt","FlurryOfBlows","Replay:Sssssssssshield","Sword Boomerang","Discovery","Consecrate","Gash","Body Slam","Conserve Battery","ReplayReversal","Panic Button","Good Instincts","Conserve Battery","Heavy Blade","Body Slam","Distraction","REME_GreenPollution","FlurryOfBlows","Backflip","Bane","ReplayGash","White Noise","Time Bomb","Hologram","FIFO Queue","Prostrate","Barrage","ReplayTheSpireMod:Stacked","SashWhip","Slice","Compile Driver","ClearTheMind","Bane","Perfected Strike","Hologram","WindmillStrike","Inflame","Inflame","Inflame","Inflame","Inflame","PanicButton","Blind","Impatience","Poisoned Strike","Replay:BasicMightCard","ReachHeaven","Jack Of All Trades","Barricade","Whirlwind","Core Surge","Secret Weapon"],"relics":["Ring of the Snake","Frozen Eye","REME_ComplimentaryCards","conspire:Boomerang","Tiny Chest","infinitespire:Beetle Shell","PreservedInsect","Replay:Arrowhead","Blood Vial","zeldaRelics:CourageTriforce","zeldaRelics:WisdomPiece","Torii","Iron Hammer","Akabeko"],"acts_visited":["Exordium"],"potions_floor_usage":[11,16,16],"damage_taken":[{"damage":5,"enemies":"Jaw Worm","floor":1,"turns":2},{"damage":0,"enemies":"2 Louse","floor":2,"turns":1},{"damage":11,"enemies":"Small Slimes","floor":3,"turns":2},{"damage":12,"enemies":"Blue Slaver","floor":4,"turns":3},{"damage":0,"enemies":"conspire:MimicChest","floor":5,"turns":3},{"damage":0,"enemies":"Gremlin Nob","floor":6,"turns":1},{"damage":28,"enemies":"Lagavulin","floor":8,"turns":4},{"damage":5,"enemies":"3 Sentries","floor":11,"turns":3},{"damage":13,"enemies":"Gremlin Gang","floor":14,"turns":2},{"damage":34,"enemies":"The Guardian","floor":16,"turns":3}],"seed_played":"-961792592880638460","potions_obtained":[{"floor":2,"key":"BlessingOfTheForge"},{"floor":5,"key":"Swift Potion"},{"floor":8,"key":"Elixir"},{"floor":14,"key":"Toxic Potion"}],"is_trial":true,"path_per_floor":["M","M","M","M","?","E","?","E","T","?","E","R","$","M","R","B"],"character_chosen":"THE_SILENT","items_purchased":["Torii","Iron Hammer"],"campfire_rested":2,"item_purchase_floors":[13,13],"current_hp_per_floor":[54,54,43,31,31,33,33,7,7,7,4,23,23,12,31,0,0],"gold":135,"neow_bonus":"","is_daily":false,"chose_seed":false,"campfire_upgraded":0,"win_rate":0.0,"timestamp":1608420634,"path_taken":["M","M","M","M","?","E","?","E","T","?","E","R","$","M","R","BOSS"],"items_purchased_type":["Relic","Relic"],"build_version":"2020-12-13","purchased_purges":0,"victory":false,"max_hp_per_floor":[66,66,66,66,66,66,66,66,66,66,66,66,66,66,66,66,66],"relic_stats":{"Blood Vial":10,"Torii":0,"counters":[10,24],"Tiny Chest":0,"PreservedInsect":85,"obtain_stats":[{"zeldaRelics:WisdomPiece":11,"Torii":13,"infinitespire:Beetle Shell":2,"PreservedInsect":3,"conspire:Boomerang":0,"Replay:Arrowhead":4,"zeldaRelics:CourageTriforce":9,"Akabeko":14,"Blood Vial":5,"Frozen Eye":0,"Tiny Chest":1,"Iron Hammer":13,"zeldaRelics:CouragePiece":6,"Ring of the Snake":0,"REME_ComplimentaryCards":0},{"zeldaRelics:WisdomPiece":8,"Torii":8,"infinitespire:Beetle Shell":2,"PreservedInsect":3,"conspire:Boomerang":0,"Replay:Arrowhead":4,"zeldaRelics:CourageTriforce":7,"Akabeko":9,"Blood Vial":5,"Frozen Eye":0,"Tiny Chest":1,"Iron Hammer":8,"zeldaRelics:CouragePiece":6,"Ring of the Snake":0,"REME_ComplimentaryCards":0},{"zeldaRelics:WisdomPiece":19,"Torii":19,"infinitespire:Beetle Shell":3,"PreservedInsect":5,"conspire:Boomerang":0,"Replay:Arrowhead":8,"zeldaRelics:CourageTriforce":16,"Akabeko":21,"Blood Vial":11,"Frozen Eye":0,"Tiny Chest":2,"Iron Hammer":19,"zeldaRelics:CouragePiece":12,"Ring of the Snake":0,"REME_ComplimentaryCards":0}],"Ring of the Snake":[20]},"card_choices":[{"not_picked":["Concentrate"],"picked":"Jack Of All Trades","floor":5},{"not_picked":["Corpse Explosion"],"picked":"Barricade","floor":6},{"not_picked":["REME_ShadowForm"],"picked":"Core Surge","floor":8},{"not_picked":["Berserk"],"picked":"Secret Weapon","floor":11}],"player_experience":1476432,"relics_obtained":[{"floor":1,"key":"Tiny Chest"},{"floor":2,"key":"infinitespire:Beetle Shell"},{"floor":3,"key":"PreservedInsect"},{"floor":4,"key":"Replay:Arrowhead"},{"floor":5,"key":"Blood Vial"},{"floor":6,"key":"zeldaRelics:CouragePiece"},{"floor":8,"key":"zeldaRelics:CouragePiece"},{"floor":9,"key":"zeldaRelics:CouragePiece"},{"floor":11,"key":"zeldaRelics:WisdomPiece"},{"floor":14,"key":"Akabeko"}],"event_choices":[{"damage_healed":0,"gold_gain":0,"cards_transformed":["Eruption"],"player_choice":"Change","damage_taken":0,"max_hp_gain":0,"max_hp_loss":0,"event_name":"Living Wall","floor":7,"gold_loss":0,"cards_obtained":["Whirlwind"]},{"damage_healed":0,"gold_gain":61,"player_choice":"Gained Gold","damage_taken":0,"max_hp_gain":0,"max_hp_loss":0,"event_name":"Golden Wing","floor":10,"gold_loss":0}],"is_beta":false,"boss_relics":[],"items_purged_floors":[],"is_endless":false,"potions_floor_spawned":[2,5,8,14],"killed_by":"The Guardian","ascension_level":20}}