{"host":"7pe9xwx78c6nlay8","time":1608399112,"event":{"mods":["BaseMod","Minty Spire (QoL Compilation)"],"gold_per_floor":[113,113,113,15,15,54,54,92,170,209,209,248,264,279,279,399,399,420,433,348,348,348],"floor_reached":21,"playtime":542,"items_purged":["Strike_P"],"score":395,"play_id":"5be5df1e-5540-4847-a4ea-6c167899f792","local_time":"20201220013152","is_ascension_mode":true,"campfire_choices":[{"data":"PathToVictory","floor":7,"key":"SMITH"},{"floor":11,"key":"REST"},{"floor":15,"key":"REST"}],"circlet_count":0,"master_deck":["AscendersBane","Strike_P","Strike_P+1","Strike_P+1","Defend_P","Defend_P","Defend_P","Defend_P","Eruption","Vigilance","PathToVictory+1","PathToVictory","JustLucky","JustLucky+1","Halt","Nirvana","DeusExMachina","LikeWater"],"relics":["PureWater","NeowsBlessing","Golden Idol","Bird Faced Urn","Lantern","Molten Egg 2","Potion Belt","Question Card","SlaversCollar","GoldenEye"],"acts_visited":["Exordium","TheCity"],"potions_floor_usage":[10,18,21],"damage_taken":[{"damage":0,"enemies":"Small Slimes","floor":1,"turns":2},{"damage":0,"enemies":"Lagavulin","floor":6,"turns":1},{"damage":0,"enemies":"3 Sentries","floor":8,"turns":2},{"damage":28,"enemies":"Gremlin Nob","floor":10,"turns":4},{"damage":15,"enemies":"Lagavulin","floor":12,"turns":5},{"damage":0,"enemies":"2 Louse","floor":13,"turns":3},{"damage":6,"enemies":"Jaw Worm","floor":14,"turns":3},{"damage":43,"enemies":"The Guardian","floor":16,"turns":10},{"damage":29,"enemies":"3 Byrds","floor":18,"turns":7},{"damage":2,"enemies":"Chosen","floor":19,"turns":4},{"damage":38,"enemies":"3 Cultists","floor":21,"turns":4}],"seed_played":"-8872398117738392698","potions_obtained":[{"floor":6,"key":"Block Potion"},{"floor":10,"key":"Explosive Potion"},{"floor":12,"key":"Energy Potion"},{"floor":14,"key":"Energy Potion"}],"is_trial":false,"path_per_floor":["M","?","?","$","$","E","R","E","T","E","R","E","M","M","R","B",null,"M","M","?","M"],"character_chosen":"WATCHER","items_purchased":["PathToVictory"],"campfire_rested":2,"item_purchase_floors":[4],"current_hp_per_floor":[65,65,52,52,52,52,52,52,52,24,44,29,29,23,43,2,51,24,22,22,0,0],"gold":348,"neow_bonus":"THREE_ENEMY_KILL","is_daily":false,"chose_seed":false,"campfire_upgraded":1,"win_rate":0.0,"timestamp":1608399112,"path_taken":["M","?","?","?","$","E","R","E","T","E","R","E","M","M","R","BOSS","M","M","?","M"],"items_purchased_type":["Card"],"build_version":"2020-12-13","purchased_purges":1,"victory":false,"max_hp_per_floor":[72,67,67,67,67,67,67,67,67,67,67,67,67,67,67,67,67,67,67,67,67,67],"card_choices":[{"not_picked":["EmptyBody","SignatureMove"],"picked":"PathToVictory","floor":1},{"not_picked":["FlurryOfBlows","Sanctity","CrushJoints"],"picked":"SKIP","floor":6},{"not_picked":["CrushJoints","PathToVictory"],"picked":"JustLucky","floor":8},{"not_picked":["Protect","Consecrate+1"],"picked":"JustLucky+1","floor":10},{"not_picked":["EmptyBody","CrushJoints+1","SashWhip+1"],"picked":"SKIP","floor":12},{"not_picked":["Alpha","FlurryOfBlows+1","Consecrate+1"],"picked":"Halt","floor":13},{"not_picked":["EmptyBody","Halt","CutThroughFate+1"],"picked":"Nirvana","floor":14},{"not_picked":["LessonLearned+1","Alpha","Scrawl"],"picked":"DeusExMachina","floor":16},{"not_picked":["EmptyBody","FollowUp+1","Pray+1"],"picked":"LikeWater","floor":18},{"not_picked":["EmptyBody","Worship","FlurryOfBlows+1","Tantrum+1"],"picked":"SKIP","floor":19}],"player_experience":1541214,"relics_obtained":[{"floor":6,"key":"Bird Faced Urn"},{"floor":8,"key":"Lantern"},{"floor":9,"key":"Molten Egg 2"},{"floor":10,"key":"Potion Belt"},{"floor":12,"key":"Question Card"}],"event_choices":[{"damage_healed":0,"gold_gain":0,"player_choice":"Lose Max HP","damage_taken":0,"relics_obtained":["Golden Idol"],"max_hp_gain":0,"max_hp_loss":5,"event_name":"Golden Idol","floor":2,"gold_loss":0},{"damage_healed":0,"gold_gain":0,"player_choice":"Entered Light","damage_taken":13,"max_hp_gain":0,"max_hp_loss":0,"event_name":"Shining Light","floor":3,"gold_loss":0,"cards_upgraded":["Strike_P","Strike_P"]},{"damage_healed":0,"gold_gain":0,"player_choice":"Obtained Relic","damage_taken":0,"relics_obtained":["GoldenEye"],"max_hp_gain":0,"max_hp_loss":0,"event_name":"Addict","floor":20,"gold_loss":85}],"is_beta":false,"boss_relics":[{"not_picked":["Runic Dome","SacredBark"],"picked":"SlaversCollar"}],"items_purged_floors":[4],"is_endless":false,"potions_floor_spawned":[6,10,12,14],"killed_by":"3 Cultists","ascension_level":11}}