{"host":"dwyzfvnzfcqffr30","time":1608421905,"event":{"mods":["2.2 Compatiblity","Act Like it!","BaseMod","Beaked The Cultist","Better Altar","Better Sensory Stone","Better Third Choice","Clockwork Mod","Colored Map","Colored Powertips","Conspire","Downfall","Elementarium","GifTheSpireLib","Halation","Hermit","Hubris","Jedi Mod","Menagerie","Mimic Mod","Minty Spire (QoL Compilation)","Permanent Neow","Random Character Button","Replay The Spire","Spicy Shops","StSLib","Stuff the Spire","The Construct","The Druid","TheFirefly","Trackpad","vexMod"],"gold_per_floor":[112,112,337,356,18,45,45,75,75,75,104,104,114,114,114,214,214,233,233,246,121,138,171,86,120,199,225,225,75,89,122,122,227,227,239,41,59,75,95,127,127,127,127,146,175,175,188,215,215,215,215],"floor_reached":50,"playtime":33938,"items_purged":["Shame","Injury","Decay","Pain"],"score":1112,"play_id":"1ba9b9d5-e0bc-4443-bb49-1d5146648413","local_time":"20201219155145","is_ascension_mode":true,"campfire_choices":[{"floor":7,"key":"REST"},{"floor":12,"key":"REST"},{"floor":15,"key":"RECALL"},{"floor":32,"key":"REST"},{"floor":42,"key":"REST"},{"floor":49,"key":"REST"}],"circlet_count":0,"master_deck":["AscendersBane","thefirefly:Strike+1","thefirefly:Strike+1","thefirefly:Strike+1","thefirefly:Strike+1","thefirefly:Defend+1","thefirefly:Defend+1","thefirefly:Defend+1","thefirefly:Defend+1","thefirefly:StealthMode+1","thefirefly:EnergyShield+1","MasterReality+1","thefirefly:ArtillleryBeam+1","thefirefly:FlareScreen+1","thefirefly:CreateClone+1","thefirefly:FlareScreen+1","thefirefly:SearingEnigma+1","thefirefly:FlareScreen+1","thefirefly:AutoTargeting+1","thefirefly:LaserMail+1","Amnesia","thefirefly:IonizedBarrier+1","thefirefly:MirrorShield+1","thefirefly:CreateClone+1","thefirefly:ShieldGenerator+1","thefirefly:ShieldGenerator+1","Parasite","thefirefly:ShieldArray+1","Writhe","thefirefly:ChargedLaser+1","thefirefly:LaserMail+1"],"relics":["thefirefly:StealthSystem","Bottled Tornado","Quantum Egg","Frozen Egg 2","Toxic Egg 2","Molten Egg 2","Juzu Bracelet","hubris:EvacipatedBox","hubris:FruitBowl","vexMod:BarristanHead","Tiny Chest","ReplayTheSpireMod:Shallot","Oddly Smooth Stone","Cursed Key","StuffTheSpire:SapphireSignet","Golden Egg","StuffTheSpire:Experiment12","jedi:archwizardhat","Meat on the Bone","Pet Ghost","Replay:Grab Bag","hubris:TerracottaHorce","trackpad:Coffee","Black Star","conspire:SpecialSausage","Chemical X","Vajra","vexMod:InvisibilityCloak","Pen Nib","thefirefly:LongRangeScanner","hubris:SphereOfDissonance","War Paint"],"acts_visited":["Menagerie:Menagerie","TheCity","TheBeyond"],"potions_floor_usage":[20,22,23,25,31,48,50],"damage_taken":[{"damage":0,"enemies":"Menagerie:StygianBoar","floor":1,"turns":4},{"damage":0,"enemies":"Menagerie:WhisperingWraith","floor":4,"turns":6},{"damage":27,"enemies":"Menagerie:MaskedSummoner","floor":6,"turns":13},{"damage":6,"enemies":"Menagerie:Hydra","floor":8,"turns":7},{"damage":8,"enemies":"Menagerie:VoidReaper","floor":11,"turns":8},{"damage":0,"enemies":"Menagerie:2_RABBITS","floor":13,"turns":3},{"damage":4,"enemies":"Menagerie:AVATARS","floor":16,"turns":9},{"damage":0,"enemies":"Shell Parasite","floor":18,"turns":6},{"damage":0,"enemies":"conspire:FuzzyDice","floor":20,"turns":5},{"damage":0,"enemies":"Centurion and Healer","floor":22,"turns":6},{"damage":0,"enemies":"conspire:Head Lice","floor":23,"turns":7},{"damage":6,"enemies":"Replay:Snechameleon","floor":25,"turns":7},{"damage":11,"enemies":"conspire:SneckoGhost","floor":27,"turns":9},{"damage":2,"enemies":"Snake Plant","floor":30,"turns":7},{"damage":10,"enemies":"Slavers","floor":31,"turns":5},{"damage":20,"enemies":"Champ","floor":33,"turns":14},{"damage":5,"enemies":"Orb Walker","floor":35,"turns":6},{"damage":0,"enemies":"3 Shapes","floor":37,"turns":7},{"damage":0,"enemies":"Sphere and 2 Shapes","floor":38,"turns":7},{"damage":0,"enemies":"Writhing Mass","floor":39,"turns":8},{"damage":0,"enemies":"Reptomancer","floor":40,"turns":10},{"damage":0,"enemies":"Maw","floor":44,"turns":11},{"damage":14,"enemies":"Nemesis","floor":45,"turns":11},{"damage":22,"enemies":"Transient","floor":47,"turns":5},{"damage":14,"enemies":"Reptomancer","floor":48,"turns":10},{"damage":490,"enemies":"hubris:GrandSnecko","floor":50,"turns":13}],"seed_played":"-5787380932075326518","potions_obtained":[{"floor":11,"key":"Swift Potion"},{"floor":16,"key":"DuplicationPotion"},{"floor":18,"key":"Energy Potion"},{"floor":23,"key":"jedi:StrikingPotion"},{"floor":25,"key":"Explosive Potion"},{"floor":35,"key":"construct:ShiftPotion"},{"floor":37,"key":"FearPotion"},{"floor":44,"key":"Dexterity Potion"},{"floor":47,"key":"Elixir"}],"is_trial":false,"path_per_floor":["M","?","?","M","$","E","R","E","T","$","E","R","M","?","R","B",null,"M","?","M","$","M","E","?","E","T","E","T","$","M","E","R","B",null,"M","$","M","M","M","E","?","R","T","M","E","?","M","E","R","B"],"character_chosen":"THE_FIREFLY","items_purchased":["thefirefly:CreateClone+1","thefirefly:IonizedBarrier+1","Pet Ghost","Chemical X"],"campfire_rested":5,"item_purchase_floors":[5,29,29,36],"current_hp_per_floor":[50,50,50,50,50,26,43,40,40,40,35,54,57,57,57,56,67,70,70,73,73,76,79,79,76,76,68,68,68,73,66,94,81,93,94,94,100,108,114,120,113,127,127,133,125,138,122,114,151,0,0],"gold":215,"neow_bonus":"TRANSFORM_CARD","is_daily":false,"chose_seed":false,"campfire_upgraded":0,"win_rate":0.0,"timestamp":1608421905,"path_taken":["M","?","?","M","$","E","R","E","T","$","E","R","M","?","R","BOSS","M","?","M","$","M","E","?","E","T","E","?","$","M","E","R","BOSS","M","$","M","M","M","E","?","R","T","M","E","?","M","E","R","BOSS"],"items_purchased_type":["Card","Card","Relic","Relic"],"build_version":"2020-12-13","purchased_purges":4,"victory":false,"max_hp_per_floor":[55,55,55,55,55,58,58,61,61,61,64,64,67,67,67,70,70,73,73,76,76,79,82,82,85,85,88,88,88,91,94,94,97,97,103,103,109,115,121,127,127,127,127,133,139,139,145,151,151,4,4],"card_choices":[{"not_picked":["thefirefly:FlakCannon+1","thefirefly:Pacify+1"],"picked":"thefirefly:ArtillleryBeam+1","floor":1},{"not_picked":["thefirefly:EMP+1","thefirefly:Reposition+1"],"picked":"thefirefly:FlareScreen+1","floor":4},{"not_picked":["thefirefly:Rend+1","thefirefly:FlakCannon+1"],"picked":"thefirefly:FlareScreen+1","floor":6},{"not_picked":["thefirefly:Distort+1","thefirefly:RollBack+1"],"picked":"thefirefly:SearingEnigma+1","floor":8},{"not_picked":["thefirefly:ReverseEngine+1","thefirefly:StoredPower+1"],"picked":"thefirefly:FlareScreen+1","floor":11},{"not_picked":["thefirefly:AccountUncertainty+1","thefirefly:Boost+1"],"picked":"thefirefly:AutoTargeting+1","floor":13},{"not_picked":["thefirefly:Ruminate+1","thefirefly:LaserBarrage+1","thefirefly:Boost+1"],"picked":"SKIP","floor":18},{"not_picked":["thefirefly:EMP+1","thefirefly:Distort+1"],"picked":"thefirefly:LaserMail+1","floor":20},{"not_picked":["thefirefly:FullProjection+1","thefirefly:NebulaVeil+1","thefirefly:EvasiveManeuver+1"],"picked":"SKIP","floor":22},{"not_picked":["thefirefly:AccountUncertainty+1","thefirefly:LifeSupport+1","thefirefly:EMP+1"],"picked":"SKIP","floor":23},{"not_picked":["thefirefly:LaserBarrage+1","thefirefly:SoulStrike+1","thefirefly:StoredPower+1"],"picked":"SKIP","floor":25},{"not_picked":["thefirefly:Reposition+1","thefirefly:Rend+1","thefirefly:ShieldArray+1"],"picked":"SKIP","floor":27},{"not_picked":["thefirefly:RollBack+1","thefirefly:ReverseEngine+1"],"picked":"thefirefly:MirrorShield+1","floor":30},{"not_picked":["thefirefly:EMP+1","thefirefly:CoveringFire+1","thefirefly:DataMiner+1"],"picked":"SKIP","floor":31},{"not_picked":["thefirefly:ParadoxEngine+1","thefirefly:AlphaStrike+1"],"picked":"thefirefly:CreateClone+1","floor":33},{"not_picked":["thefirefly:Preload+1","thefirefly:StoredPower+1"],"picked":"thefirefly:ShieldGenerator+1","floor":35},{"not_picked":["thefirefly:LaserBarrage+1","thefirefly:ReverseEngine+1","thefirefly:Ruminate+1"],"picked":"SKIP","floor":37},{"not_picked":["thefirefly:ArtillleryBeam+1","thefirefly:ReverseEngine+1"],"picked":"thefirefly:ShieldGenerator+1","floor":38},{"not_picked":["thefirefly:EMP+1","thefirefly:Distort+1"],"picked":"thefirefly:ShieldArray+1","floor":39},{"not_picked":["thefirefly:Ruminate+1","thefirefly:EvasiveManeuver+1","thefirefly:StarCinder+1"],"picked":"SKIP","floor":40},{"not_picked":["thefirefly:Ruminate+1","thefirefly:Prominence+1","thefirefly:Flight+1"],"picked":"SKIP","floor":44},{"not_picked":["thefirefly:AuroralDischarge+1","thefirefly:BreachMissile+1"],"picked":"thefirefly:ChargedLaser+1","floor":45},{"not_picked":["thefirefly:Distort+1","thefirefly:Pacify+1"],"picked":"thefirefly:LaserMail+1","floor":47},{"not_picked":["thefirefly:PotentAmmunition+1","thefirefly:DataMiner+1","thefirefly:ArtillleryBeam+1"],"picked":"SKIP","floor":48}],"player_experience":2084078,"relics_obtained":[{"floor":6,"key":"Tiny Chest"},{"floor":9,"key":"ReplayTheSpireMod:Shallot"},{"floor":11,"key":"Oddly Smooth Stone"},{"floor":23,"key":"StuffTheSpire:SapphireSignet"},{"floor":25,"key":"StuffTheSpire:Experiment12"},{"floor":26,"key":"jedi:archwizardhat"},{"floor":27,"key":"Meat on the Bone"},{"floor":40,"key":"Vajra"},{"floor":40,"key":"vexMod:InvisibilityCloak"},{"floor":43,"key":"Pen Nib"},{"floor":45,"key":"thefirefly:LongRangeScanner"},{"floor":48,"key":"hubris:SphereOfDissonance"},{"floor":48,"key":"War Paint"}],"event_choices":[{"damage_healed":0,"gold_gain":0,"player_choice":"Simplicity","damage_taken":0,"max_hp_gain":0,"max_hp_loss":8,"event_name":"betterThird:BetterWriting","floor":0,"gold_loss":0},{"damage_healed":0,"gold_gain":0,"player_choice":"Upgraded","damage_taken":0,"max_hp_gain":0,"max_hp_loss":0,"event_name":"Upgrade Shrine","floor":0,"gold_loss":0,"cards_upgraded":["thefirefly:StealthMode"]},{"damage_healed":0,"gold_gain":0,"player_choice":"Upgraded","damage_taken":0,"max_hp_gain":0,"max_hp_loss":0,"event_name":"Upgrade Shrine","floor":0,"gold_loss":0,"cards_upgraded":["thefirefly:EnergyShield"]},{"damage_healed":0,"gold_gain":0,"player_choice":"Lion","damage_taken":0,"relics_obtained":["vexMod:BarristanHead"],"max_hp_gain":0,"max_hp_loss":0,"event_name":"Menagerie:ThreeAnimals","floor":2,"gold_loss":0,"cards_obtained":["Injury"]},{"damage_healed":0,"gold_gain":225,"player_choice":"Raid","damage_taken":0,"max_hp_gain":0,"max_hp_loss":0,"event_name":"Menagerie:SpiderNest","floor":3,"gold_loss":0,"cards_obtained":["Shame"]},{"damage_healed":0,"gold_gain":0,"player_choice":"Ignored","damage_taken":0,"max_hp_gain":0,"max_hp_loss":0,"event_name":"Accursed Blacksmith","floor":14,"gold_loss":0},{"damage_healed":0,"gold_gain":0,"player_choice":"Cursed","damage_taken":0,"max_hp_gain":0,"max_hp_loss":0,"event_name":"Wheel of Change","floor":19,"gold_loss":0,"cards_obtained":["Decay"]},{"damage_healed":0,"gold_gain":0,"player_choice":"Obtained Relic","damage_taken":0,"relics_obtained":["Golden Egg"],"max_hp_gain":0,"max_hp_loss":0,"event_name":"Addict","floor":24,"gold_loss":85},{"damage_healed":0,"gold_gain":0,"player_choice":"Leave","damage_taken":0,"max_hp_gain":0,"max_hp_loss":0,"event_name":"conspire:Investor","floor":41,"gold_loss":0}],"is_beta":false,"boss_relics":[{"not_picked":["Ring of Chaos","hubris:HollowSoul","vexMod:EndlessSickness"],"picked":"Cursed Key"},{"not_picked":["jedi:paperlyon","halation:ForbiddenBikini","Replay:Bronze Core"],"picked":"Replay:Grab Bag"},{"not_picked":["StuffTheSpire:ModemDavis","vexMod:CursedCompass","Tiny House"],"picked":"hubris:TerracottaHorce"},{"not_picked":["conspire:RoyalGoblet","hubris:VirtuousBlindfold","Replay:Drink Me"],"picked":"trackpad:Coffee"},{"not_picked":["halation:MonkeysPaw","SacredBark","Coffee Dripper"],"picked":"Black Star"},{"not_picked":["Snecko Eye","Pandora\u0027s Box","jedi:battlestandard"],"picked":"conspire:SpecialSausage"}],"items_purged_floors":[5,5,21,36],"is_endless":false,"potions_floor_spawned":[11,16,18,23,25,35,37,44,47],"killed_by":"hubris:GrandSnecko","ascension_level":10}}