{"host":"sav7uxregyirlf69","time":1608383377,"event":{"mods":["AchievementEnabler","BaseMod","Colored Map","DeckTracker","Keyboard Shortcuts","Minty Spire (QoL Compilation)","READ ME - Guardian Mod","StSLib","SuperFastMode"],"gold_per_floor":[219,144,161,161,161,171,186,186,233,22,22,22,22,37,37,37,37],"floor_reached":16,"playtime":166,"items_purged":["Strike_R","Strike_R"],"score":90,"play_id":"5beece43-7e9b-47d1-b62d-d0fa30e5934d","local_time":"20201219220937","is_ascension_mode":false,"campfire_choices":[{"data":"Warcry","floor":8,"key":"SMITH"},{"data":"Finesse","floor":12,"key":"SMITH"},{"data":"Bash","floor":15,"key":"SMITH"}],"circlet_count":0,"master_deck":["Strike_R","Strike_R","Strike_R","Defend_R","Defend_R","Defend_R","Defend_R","Bash+1","Warcry+1","Dropkick","Finesse+1","Wild Strike"],"relics":["Burning Blood","Smiling Mask","Boot","Mummified Hand"],"acts_visited":["Exordium"],"potions_floor_usage":[6],"damage_taken":[{"damage":1,"enemies":"Cultist","floor":1,"turns":3},{"damage":6,"enemies":"Jaw Worm","floor":3,"turns":4},{"damage":12,"enemies":"Small Slimes","floor":6,"turns":4},{"damage":33,"enemies":"Exordium Thugs","floor":7,"turns":7},{"damage":2,"enemies":"Looter","floor":14,"turns":3},{"damage":37,"enemies":"The Guardian","floor":16,"turns":9}],"seed_played":"1737048507244782314","potions_obtained":[{"floor":1,"key":"BloodPotion"},{"floor":3,"key":"Swift Potion"},{"floor":5,"key":"Fire Potion"},{"floor":6,"key":"BloodPotion"}],"is_trial":false,"path_per_floor":["M","$","M","?","?","M","M","R","T","$","?","R","T","M","R","B"],"character_chosen":"IRONCLAD","items_purchased":["Dropkick","Finesse"],"campfire_rested":0,"item_purchase_floors":[10,10],"current_hp_per_floor":[80,80,80,85,85,85,58,58,58,58,51,51,51,55,55,18,18],"gold":37,"neow_bonus":"HUNDRED_GOLD","is_daily":false,"chose_seed":false,"campfire_upgraded":3,"win_rate":0.0,"timestamp":1608383377,"path_taken":["M","$","?","?","?","M","?","R","T","$","?","R","?","M","R","BOSS"],"items_purchased_type":["Card","Card"],"build_version":"2020-12-13","purchased_purges":2,"victory":false,"max_hp_per_floor":[80,80,80,85,85,85,85,85,85,85,85,85,85,85,85,85,85],"card_choices":[{"not_picked":["Whirlwind","Iron Wave"],"picked":"Warcry","floor":1},{"not_picked":["Pommel Strike","Dual Wield","Flex"],"picked":"SKIP","floor":3},{"not_picked":["Anger","Ghostly Armor","Battle Trance"],"picked":"SKIP","floor":6},{"not_picked":["Clash","Headbutt","True Grit"],"picked":"SKIP","floor":7},{"not_picked":["Iron Wave","Headbutt"],"picked":"Wild Strike","floor":14}],"player_experience":956939,"relics_obtained":[{"floor":9,"key":"Smiling Mask"},{"floor":13,"key":"Mummified Hand"}],"event_choices":[{"damage_healed":0,"gold_gain":0,"player_choice":"Donut","damage_taken":0,"max_hp_gain":5,"max_hp_loss":0,"event_name":"Big Fish","floor":4,"gold_loss":0},{"damage_healed":0,"gold_gain":0,"player_choice":"Got Potions","damage_taken":0,"max_hp_gain":0,"max_hp_loss":0,"event_name":"Lab","floor":5,"gold_loss":0},{"damage_healed":0,"gold_gain":0,"player_choice":"Success","damage_taken":7,"relics_obtained":["Boot"],"max_hp_gain":0,"max_hp_loss":0,"event_name":"Scrap Ooze","floor":11,"gold_loss":0}],"is_beta":false,"boss_relics":[],"items_purged_floors":[2,10],"is_endless":false,"potions_floor_spawned":[1,3,6],"killed_by":"The Guardian","ascension_level":0}}