{"host":"h0xw20cia6ppa69g","time":1608368219,"event":{"mods":["AchievementEnabler","BaseMod","Colored Map","Filter the Spire","Googly Eyes","Minty Spire (QoL Compilation)","Relic Stats","StSLib","The Awakened One except there are too many feathers","everything is the same but u backflip on backflip"],"gold_per_floor":[112,112,112,122,122,162,162,0,0,44,44,64,64,89,89,209,209,222,236,236,236,255,288,313,313,313],"floor_reached":25,"playtime":1328,"items_purged":[],"score":295,"play_id":"11daf9a3-c63e-4e51-b076-aeb6466273bb","local_time":"20201219025659","is_ascension_mode":true,"campfire_choices":[{"data":"Sweeping Beam","floor":7.0,"key":"SMITH"},{"data":"Hologram","floor":13.0,"key":"SMITH"},{"data":"Lockon","floor":15.0,"key":"SMITH"}],"circlet_count":0,"master_deck":["Dualcast","Hologram+1","Coolheaded","Echo Form","Heatsinks","Reinforced Body","Buffer+1","Lockon+1","Sweeping Beam+1","Blizzard","Skim","Force Field","Meteor Strike","Rip and Tear+1","Reprogram+1","Rainbow+1","Loop+1","Seek","Capacitor"],"relics":["Pandora\u0027s Box","Peace Pipe","Golden Idol","Symbiotic Virus","Membership Card","Art of War","Oddly Smooth Stone","Astrolabe","Enchiridion","Lantern"],"acts_visited":["Exordium","TheCity"],"potions_floor_usage":[25,25],"damage_taken":[{"damage":13.0,"enemies":"Jaw Worm","floor":1.0,"turns":5.0},{"damage":9.0,"enemies":"2 Louse","floor":4.0,"turns":6.0},{"damage":0.0,"enemies":"Lagavulin","floor":6.0,"turns":6.0},{"damage":7.0,"enemies":"3 Sentries","floor":10.0,"turns":4.0},{"damage":0.0,"enemies":"Cultist","floor":12.0,"turns":3.0},{"damage":7.0,"enemies":"Blue Slaver","floor":14.0,"turns":5.0},{"damage":4.0,"enemies":"Hexaghost","floor":16.0,"turns":10.0},{"damage":6.0,"enemies":"Spheric Guardian","floor":18.0,"turns":5.0},{"damage":12.0,"enemies":"Shell Parasite","floor":19.0,"turns":4.0},{"damage":8.0,"enemies":"Centurion and Healer","floor":22.0,"turns":6.0},{"damage":18.0,"enemies":"Book of Stabbing","floor":23.0,"turns":5.0},{"damage":0.0,"enemies":"3 Cultists","floor":24.0,"turns":4.0},{"damage":26,"enemies":"Gremlin Leader","floor":25,"turns":4}],"seed_played":"7523429645436962295","potions_obtained":[{"floor":6.0,"key":"Energy Potion"},{"floor":10.0,"key":"SpeedPotion"},{"floor":16.0,"key":"AttackPotion"},{"floor":18.0,"key":"Energy Potion"}],"is_trial":false,"path_per_floor":["M","?","?","M","?","E","R","$","T","E","?","M","R","M","R","B",null,"M","M","?","?","M","E","M","E"],"character_chosen":"DEFECT","items_purchased":["Membership Card","Blizzard"],"campfire_rested":0,"item_purchase_floors":[8,8],"current_hp_per_floor":[62,67,55,46,26,26,26,26,26,19,19,19,19,12,12,8,80,74,62,46,46,38,20,20,0,0],"gold":313,"neow_bonus":"BOSS_RELIC","is_daily":false,"chose_seed":false,"campfire_upgraded":3,"win_rate":0.0,"timestamp":1608368219,"path_taken":["M","?","?","M","?","E","R","$","T","E","?","M","R","?","R","BOSS","M","M","?","?","?","E","M","E"],"items_purchased_type":["Relic","Card"],"build_version":"2020-12-13","purchased_purges":0,"victory":false,"max_hp_per_floor":[75,80,80,80,80,80,80,80,80,80,80,80,80,80,80,80,80,80,80,80,80,80,80,80,80,80],"relic_stats":{"Peace Pipe":0,"counters":[13,67],"Golden Idol":72,"Astrolabe":["Rip and Tear","Reprogram","Rainbow"],"Pandora\u0027s Box":["Stack","Hologram","Coolheaded","Echo Form","Steam Power","Heatsinks","Reinforced Body","Buffer"],"Art of War":[17],"obtain_stats":[{"Peace Pipe":3,"Lantern":23,"Golden Idol":5,"Astrolabe":17,"Oddly Smooth Stone":10,"Enchiridion":20,"Pandora\u0027s Box":0,"Art of War":9,"Membership Card":8,"Cracked Core":0,"Symbiotic Virus":6},{"Peace Pipe":1,"Lantern":11,"Golden Idol":2,"Astrolabe":7,"Oddly Smooth Stone":4,"Enchiridion":9,"Pandora\u0027s Box":0,"Art of War":3,"Membership Card":3,"Cracked Core":0,"Symbiotic Virus":3},{"Peace Pipe":5,"Lantern":59,"Golden Idol":11,"Astrolabe":39,"Oddly Smooth Stone":21,"Enchiridion":48,"Pandora\u0027s Box":0,"Art of War":17,"Membership Card":17,"Cracked Core":0,"Symbiotic Virus":17}]},"card_choices":[{"not_picked":["Hologram","Steam Power","Leap"],"picked":"SKIP","floor":1.0},{"not_picked":["Hello World","Steam Power"],"picked":"Lockon","floor":4.0},{"not_picked":["Tempest","Storm"],"picked":"Sweeping Beam","floor":6.0},{"not_picked":["Machine Learning","Rebound"],"picked":"Ball Lightning","floor":10.0},{"not_picked":["Compile Driver","Rebound"],"picked":"Skim","floor":12.0},{"not_picked":["Stack","FTL"],"picked":"Force Field","floor":14.0},{"not_picked":["Seek","Buffer"],"picked":"Meteor Strike","floor":16.0},{"not_picked":["Coolheaded+1","Gash"],"picked":"Loop+1","floor":18.0},{"not_picked":["Lockon+1","Sweeping Beam","Gash"],"picked":"SKIP","floor":19.0},{"not_picked":["Steam","Redo","Beam Cell"],"picked":"SKIP","floor":22.0},{"not_picked":["Cold Snap+1","Stack"],"picked":"Seek","floor":23.0},{"not_picked":["Beam Cell","Gash"],"picked":"Capacitor","floor":24.0}],"player_experience":3522137,"relics_obtained":[{"floor":6.0,"key":"Symbiotic Virus"},{"floor":9.0,"key":"Art of War"},{"floor":10.0,"key":"Oddly Smooth Stone"},{"floor":20.0,"key":"Enchiridion"},{"floor":23.0,"key":"Lantern"}],"event_choices":[{"damage_healed":0.0,"max_hp_gain":5.0,"max_hp_loss":0.0,"gold_gain":0.0,"event_name":"Big Fish","player_choice":"Donut","floor":2.0,"gold_loss":0.0,"damage_taken":0.0},{"damage_healed":0.0,"max_hp_gain":0.0,"max_hp_loss":0.0,"gold_gain":0.0,"event_name":"Scrap Ooze","player_choice":"Success","floor":3.0,"gold_loss":0.0,"damage_taken":12.0,"relics_obtained":["Peace Pipe"]},{"damage_healed":0.0,"max_hp_gain":0.0,"max_hp_loss":0.0,"gold_gain":0.0,"event_name":"Golden Idol","player_choice":"Take Damage","floor":5.0,"gold_loss":0.0,"damage_taken":20.0,"relics_obtained":["Golden Idol"]},{"cards_removed":["Steam Power"],"damage_healed":0.0,"max_hp_gain":0.0,"max_hp_loss":0.0,"gold_gain":0.0,"event_name":"Purifier","player_choice":"Purged","floor":11.0,"gold_loss":0.0,"damage_taken":0.0},{"damage_healed":0.0,"max_hp_gain":0.0,"max_hp_loss":0.0,"gold_gain":0.0,"event_name":"Cursed Tome","player_choice":"Obtained Book","floor":20.0,"gold_loss":0.0,"damage_taken":16.0},{"damage_healed":0.0,"max_hp_gain":0.0,"max_hp_loss":0.0,"gold_gain":0.0,"event_name":"Upgrade Shrine","player_choice":"Upgraded","floor":21.0,"gold_loss":0.0,"damage_taken":0.0,"cards_upgraded":["Buffer"]}],"is_beta":false,"boss_relics":[{"not_picked":["Cursed Key","Sozu"],"picked":"Astrolabe"}],"items_purged_floors":[],"is_endless":false,"potions_floor_spawned":[6,10,16,18,24],"killed_by":"Gremlin Leader","ascension_level":1}}