{"host":"j05tanvorlbs2t7f","time":1608405784,"event":{"mods":["2.2 Compatiblity","AchievementEnabler","BaseMod","BetterRewards","Card Forge","Colored Powertips","Conspire","Downfall","Minty Spire (QoL Compilation)","Permanent Neow","Replay The Spire","Shade Mod","StSLib","The Bug Knight","The Construct","The Cursed","The Forsaken","The Hierophant","The Sage","TheHeartMod"],"gold_per_floor":[112,131,131,151,161,193,228,228,228,228,228,245,72,101,101,180,180,194,194,213,213,230,265,295,295,366,17,47,67,77,77,77,153,153,164,164,82,95,95,122,150,150,150,150,150,150,176,192,192,105,105,5,5,5,5,32,57,57],"floor_reached":59,"playtime":3714,"items_purged":[],"score":4606,"play_id":"6af5fa93-2554-4e56-ba46-0598f8d0687d","local_time":"20201219202304","is_ascension_mode":true,"campfire_choices":[{"floor":8,"key":"DIG"},{"floor":10,"key":"DIG"},{"floor":15,"key":"DIG"},{"floor":32,"key":"DIG"},{"floor":46,"key":"RECALL"},{"floor":49,"key":"DIG"},{"floor":51,"key":"DIG"},{"floor":55,"key":"DIG"}],"circlet_count":0,"master_deck":["AscendersBane","TheCursedMod:Strike_TheCursed","TheCursedMod:Strike_TheCursed","TheCursedMod:Strike_TheCursed","TheCursedMod:Strike_TheCursed","TheCursedMod:Defend_TheCursed","TheCursedMod:Defend_TheCursed","TheCursedMod:Defend_TheCursed","TheCursedMod:Defend_TheCursed","TheCursedMod:CursedWand+1","TheCursedMod:CleanUpWorkshop","TheCursedMod:Dregs","TheCursedMod:SpitefulPlan","TheCursedMod:HellsGateOpen+1","TheCursedMod:CursedAmulet","TheCursedMod:HellsGateOpen","TheCursedMod:SpitefulStrike+1","expansioncontent:ManipulateTime","Secret Weapon","TheCursedMod:LuckyCharm","TheCursedMod:SpitefulPlan","TheCursedMod:NeowsMight+1","TheCursedMod:SpitefulStrike","TheCursedMod:SpitefulStrike","TheCursedMod:HellfireBreathing+1","TheCursedMod:HellsGateOpen+1","TheCursedMod:CursedShiv+1","TheCursedMod:CollectTribute+1","TheCursedMod:CircleOfCorruption","TheCursedMod:Hemoplague+1","Necronomicurse","TheCursedMod:CollectTribute+1","ReplayTheSpireMod:IOU","TheCursedMod:SmokeScreen","ReplayTheSpireMod:IOU","ReplayTheSpireMod:IOU","TheCursedMod:CursedAmulet","TheCursedMod:Grudge","TheCursedMod:RavingStaff+1","TheCursedMod:HellfireBreathing+1","theForsaken:PlagueCurse","TheCursedMod:SpitefulStrike","TheCursedMod:RapidMovement","TheCursedMod:RapidMovement","ReplayTheSpireMod:IOU","ReplayTheSpireMod:IOU","TheCursedMod:RapidMovement+1"],"relics":["TheCursedMod:BlackMagic101","Hammer of Thor","Seething Fire","Anvil of the Gods","Blue Doll","MealTicket","TheCursedMod:CrystalBall","Anchor","FossilizedHelix","ReplayTheSpireMod:ShopPack","Turnip","Torii","ReplayTheSpireMod:Lightbulb","WingedGreaves","Replay:Wax Seal","Simple Rune","theForsaken:Kindling","Darkstone Periapt","Shovel","Frozen Egg 2","ReplayTheSpireMod:TigerMarble","Gambling Chip","Replay:Baseball","Chameleon Ring","Oddly Smooth Stone","Sling","Boot","Ancient Tea Set","SlaversCollar","Necronomicon","Bag of Marbles","Replay:Mystery Machine","Mummified Hand","Golden Egg","ReplayFunnel","StoneCalendar","sagemod:The_Guidebook_Guide","sagemod:Blowpipe","conspire:GlowingRock","TheCursedMod:OminousMark","Whetstone","Replay:Arrowhead","theForsaken:PlagueMask","Kunai","Thread and Needle","Snack Pack","Mercury Hourglass","TheCursedMod:Tack","Blood Vial"],"acts_visited":["Exordium","TheCity","TheBeyond","TheEnding"],"potions_floor_usage":[8,58,58],"damage_taken":[{"damage":0,"enemies":"conspire:RoseBush","floor":1,"turns":3},{"damage":0,"enemies":"Cultist","floor":2,"turns":4},{"damage":0,"enemies":"Jaw Worm","floor":4,"turns":3},{"damage":0,"enemies":"conspire:2 RoseBushes","floor":5,"turns":4},{"damage":0,"enemies":"Replay:BlueRogue","floor":6,"turns":4},{"damage":0,"enemies":"HollowMod:MossKnight","floor":7,"turns":5},{"damage":0,"enemies":"Blue Slaver","floor":12,"turns":3},{"damage":0,"enemies":"Replay:BlueRogue","floor":14,"turns":2},{"damage":0,"enemies":"Fading Forest","floor":16,"turns":13},{"damage":0,"enemies":"Shell Parasite","floor":18,"turns":3},{"damage":8,"enemies":"Chosen","floor":20,"turns":2},{"damage":0,"enemies":"3 Cultists","floor":22,"turns":3},{"damage":0,"enemies":"Gremlin Leader","floor":23,"turns":3},{"damage":0,"enemies":"Replay:Snechameleon","floor":24,"turns":3},{"damage":0,"enemies":"HollowMod:Nosk","floor":28,"turns":4},{"damage":0,"enemies":"Snecko","floor":29,"turns":2},{"damage":0,"enemies":"Automaton","floor":33,"turns":6},{"damage":0,"enemies":"Orb Walker","floor":35,"turns":2},{"damage":0,"enemies":"3 Shapes","floor":37,"turns":2},{"damage":0,"enemies":"Maw","floor":38,"turns":5},{"damage":3,"enemies":"Nemesis","floor":40,"turns":5},{"damage":0,"enemies":"Reptomancer","floor":41,"turns":2},{"damage":0,"enemies":"Giant Head","floor":47,"turns":3},{"damage":0,"enemies":"4 Shapes","floor":48,"turns":3},{"damage":0,"enemies":"Transient","floor":50,"turns":6},{"damage":0,"enemies":"Donu and Deca","floor":52,"turns":5},{"damage":0,"enemies":"conspire:OrnateMirror","floor":53,"turns":8},{"damage":0,"enemies":"Shield and Spear","floor":57,"turns":3},{"damage":8,"enemies":"NeowBoss","floor":58,"turns":6}],"seed_played":"-5691780628478738275","potions_obtained":[{"floor":1,"key":"Fire Potion"},{"floor":6,"key":"Weak Potion"},{"floor":7,"key":"Fruit Juice"},{"floor":14,"key":"Strength Potion"}],"is_trial":false,"path_per_floor":["M","M","?","M","M","E","E","R","T","R","?","M","$","E","R","B",null,"M","?","M","?","M","E","E","?","T","$","E","M","$","?","R","B",null,"M","?","M","M","?","E","E","?","PTL","PTL","T","R","E","M","R","M","R","B","B",null,"R","$","E","B",null],"character_chosen":"THE_CURSED","items_purchased":["Blue Doll","MealTicket","TheCursedMod:SpitefulPlan","Anchor","FossilizedHelix","ReplayTheSpireMod:ShopPack","TheCursedMod:HellsGateOpen+1","TheCursedMod:CursedAmulet","Torii","ReplayTheSpireMod:Lightbulb","Replay:Wax Seal","Simple Rune","TheCursedMod:HellsGateOpen","Darkstone Periapt","TheCursedMod:SpitefulStrike+1","Sling","Golden Egg","ReplayFunnel","sagemod:The_Guidebook_Guide","sagemod:Blowpipe","TheCursedMod:Tack"],"campfire_rested":0,"item_purchase_floors":[0,0,0,0,0,0,0,0,0,0,0,0,0,0,0,13,27,27,30,30,56],"current_hp_per_floor":[22,22,22,22,22,22,22,27,27,27,27,27,42,42,42,50,70,70,70,62,47,47,47,47,47,47,68,68,77,118,118,118,118,118,118,128,128,128,121,118,118,124,124,124,124,124,124,124,124,124,124,134,134,134,134,146,146,144],"gold":57,"neow_bonus":"","is_daily":false,"chose_seed":false,"campfire_upgraded":0,"win_rate":0.0,"timestamp":1608405784,"path_taken":["M","M","?","?","M","E","E","R","T","R","?","?","$","E","R","BOSS","M","?","M","?","M","E","E","?","T","?","E","M","$","?","R","BOSS","M","?","?","M","?","E","E","?","PTL","PTL","T","R","E","M","R","M","R","BOSS","BOSS","R","$","E","BOSS"],"items_purchased_type":["Relic","Relic","Card","Relic","Relic","Relic","Card","Card","Relic","Relic","Relic","Relic","Card","Relic","Card","Relic","Relic","Relic","Relic","Relic","Relic"],"build_version":"2020-12-13","purchased_purges":0,"victory":true,"max_hp_per_floor":[71,71,71,71,71,71,71,76,76,76,76,76,76,76,76,76,76,76,76,76,82,82,82,82,82,82,88,88,88,118,118,118,118,118,118,128,128,128,128,128,128,134,134,134,134,134,134,134,134,134,134,134,134,134,134,146,146,146],"card_choices":[{"not_picked":["Chrysalis","The Bomb"],"picked":"Mayhem","floor":0},{"not_picked":["ReplayTheSpireMod:Trickstab","Purity"],"picked":"expansioncontent:ManipulateTime","floor":0},{"not_picked":["Impatience","expansioncontent:AwakenDeath"],"picked":"Secret Weapon","floor":0},{"not_picked":["TheCursedMod:CircleOfBlood","TheCursedMod:TroublousMinions"],"picked":"TheCursedMod:LuckyCharm","floor":1},{"not_picked":["TheCursedMod:Stretching","TheCursedMod:CursedSpellbook"],"picked":"TheCursedMod:SpitefulPlan","floor":2},{"not_picked":["TheCursedMod:RapidMovement","TheCursedMod:WearCloak"],"picked":"TheCursedMod:NeowsMight","floor":4},{"not_picked":["TheCursedMod:CircleOfAmplification","TheCursedMod:CircleOfFlame"],"picked":"TheCursedMod:SpitefulStrike","floor":5},{"not_picked":["TheCursedMod:RavingStaff","TheCursedMod:Wield"],"picked":"TheCursedMod:SpitefulStrike","floor":6},{"not_picked":["TheCursedMod:CircleOfAbyss","TheCursedMod:LuckyCharm+1"],"picked":"TheCursedMod:HellfireBreathing+1","floor":7},{"not_picked":["TheCursedMod:CursedMace","TheCursedMod:VitalStrike"],"picked":"TheCursedMod:HellsGateOpen+1","floor":12},{"not_picked":["TheCursedMod:SpreadPlague","TheCursedMod:CursedMace"],"picked":"TheCursedMod:CursedShiv","floor":14},{"not_picked":["TheCursedMod:ManaCirculation+1","TheCursedMod:DarkBarrier"],"picked":"TheCursedMod:CollectTribute+1","floor":16},{"not_picked":["TheCursedMod:Stretching","TheCursedMod:SaltUponWound"],"picked":"TheCursedMod:CircleOfCorruption","floor":18},{"not_picked":["TheCursedMod:SurpriseAttack","TheCursedMod:CursedAmulet"],"picked":"TheCursedMod:Hemoplague+1","floor":20},{"not_picked":["TheCursedMod:CursedMace","TheCursedMod:CircleOfWindfury+1","TheCursedMod:CursedShiv"],"picked":"SKIP","floor":22},{"not_picked":["TheCursedMod:SaltUponWound","TheCursedMod:RavingStaff","TheCursedMod:CircleOfFlame"],"picked":"SKIP","floor":23},{"not_picked":["TheCursedMod:VitalStrike","TheCursedMod:Torture"],"picked":"TheCursedMod:CollectTribute+1","floor":24},{"not_picked":["TheCursedMod:CursedMace","TheCursedMod:CursedShiv"],"picked":"TheCursedMod:SmokeScreen","floor":28},{"not_picked":["TheCursedMod:RavingStaff","TheCursedMod:AbyssShockwave","TheCursedMod:CursedStaff+1"],"picked":"SKIP","floor":29},{"not_picked":["TheCursedMod:Neurasthenia","TheCursedMod:ShockAndAwe"],"picked":"TheCursedMod:ForbiddenAlchemy","floor":33},{"not_picked":["TheCursedMod:CircleOfFocus","TheCursedMod:CursedMace"],"picked":"TheCursedMod:CursedAmulet","floor":35},{"not_picked":["TheCursedMod:Torture","TheCursedMod:SaltUponWound+1","TheCursedMod:ReleasedStrength"],"picked":"SKIP","floor":37},{"not_picked":["TheCursedMod:Evocation","TheCursedMod:FleshFromBone"],"picked":"TheCursedMod:Grudge","floor":38},{"not_picked":["TheCursedMod:CircleOfWindfury","TheCursedMod:CircleOfAmplification+1"],"picked":"TheCursedMod:RavingStaff+1","floor":40},{"not_picked":["TheCursedMod:SpreadPlague","TheCursedMod:CircleOfFlame+1"],"picked":"TheCursedMod:HellfireBreathing+1","floor":41},{"not_picked":["TheCursedMod:CircleOfFocus","TheCursedMod:CursedShiv"],"picked":"TheCursedMod:SpitefulStrike","floor":47},{"not_picked":["TheCursedMod:EmpowerCircles+1","TheCursedMod:BloodBarrier"],"picked":"TheCursedMod:RapidMovement","floor":48},{"not_picked":["TheCursedMod:CursedAmulet","TheCursedMod:AntiAging"],"picked":"TheCursedMod:RapidMovement","floor":50},{"not_picked":["TheCursedMod:BloodBarrier+1","TheCursedMod:Hemoplague+1"],"picked":"TheCursedMod:RapidMovement+1","floor":57}],"player_experience":465908,"relics_obtained":[{"floor":3,"key":"Frozen Egg 2"},{"floor":6,"key":"ReplayTheSpireMod:TigerMarble"},{"floor":7,"key":"Gambling Chip"},{"floor":8,"key":"Replay:Baseball"},{"floor":9,"key":"Chameleon Ring"},{"floor":10,"key":"Oddly Smooth Stone"},{"floor":14,"key":"Boot"},{"floor":15,"key":"Ancient Tea Set"},{"floor":21,"key":"Necronomicon"},{"floor":23,"key":"Bag of Marbles"},{"floor":24,"key":"Replay:Mystery Machine"},{"floor":26,"key":"Mummified Hand"},{"floor":28,"key":"StoneCalendar"},{"floor":32,"key":"conspire:GlowingRock"},{"floor":40,"key":"Whetstone"},{"floor":41,"key":"Replay:Arrowhead"},{"floor":47,"key":"Kunai"},{"floor":49,"key":"Thread and Needle"},{"floor":51,"key":"Snack Pack"},{"floor":55,"key":"Mercury Hourglass"},{"floor":57,"key":"Blood Vial"}],"event_choices":[{"damage_healed":0,"gold_gain":0,"player_choice":"Relic","damage_taken":0,"max_hp_gain":0,"max_hp_loss":0,"event_name":"Wheel of Change","floor":3,"gold_loss":0},{"damage_healed":0,"gold_gain":0,"player_choice":"Upgraded","damage_taken":0,"max_hp_gain":0,"max_hp_loss":0,"event_name":"Upgrade Shrine","floor":11,"gold_loss":0,"cards_upgraded":["TheCursedMod:NeowsMight"]},{"damage_healed":0,"gold_gain":0,"player_choice":"Ignored","damage_taken":0,"max_hp_gain":0,"max_hp_loss":0,"event_name":"Beggar","floor":19,"gold_loss":0},{"damage_healed":0,"gold_gain":0,"player_choice":"Obtained Book","damage_taken":21,"max_hp_gain":0,"max_hp_loss":0,"event_name":"Cursed Tome","floor":21,"gold_loss":0},{"damage_healed":0,"gold_gain":0,"player_choice":"Ignored","damage_taken":0,"max_hp_gain":0,"max_hp_loss":0,"event_name":"Vampires","floor":25,"gold_loss":0},{"cards_removed":["TheCursedMod:ForbiddenAlchemy"],"damage_healed":0,"gold_gain":0,"player_choice":"Offered Rare","damage_taken":0,"max_hp_gain":10,"max_hp_loss":0,"event_name":"Bonfire Elementals","floor":36,"gold_loss":0},{"damage_healed":0,"gold_gain":0,"player_choice":"Leave","damage_taken":0,"max_hp_gain":0,"max_hp_loss":0,"event_name":"conspire:Investor","floor":39,"gold_loss":0},{"damage_healed":0,"gold_gain":0,"player_choice":"Obtain Plague Curse","damage_taken":0,"max_hp_gain":0,"max_hp_loss":0,"event_name":"Plague Doctor","floor":42,"gold_loss":0,"cards_obtained":["theForsaken:PlagueCurse"]}],"is_beta":false,"boss_relics":[{"not_picked":["Painkiller Herb","Kintsugi"],"picked":"SlaversCollar"},{"not_picked":["conspire:SpecialSausage","Coffee Dripper"],"picked":"TheCursedMod:OminousMark"}],"items_purged_floors":[],"is_endless":false,"potions_floor_spawned":[1,6,7,14,22,28,35,41,47,50],"ascension_level":20}}