{"host":"y16z69gp8tmadg9v","time":1608337301,"event":{"mods":["2.2 Compatiblity","AchievementEnabler","BaseMod","Block Reminder","Colored Map","Minty Spire (QoL Compilation)","Quick Restart","Rare Cards Sparkle","StSLib","everything is the same but u backflip on backflip"],"gold_per_floor":[113,83,97,116,128,128,154,167,193,223,242,128,143,156,156,261,261,275,286,286,286,313,313,68,103,130,159,173,188,188,219,219,322,322,334,334,44,56,56,82,82,117,117,134,134,160,193,209,209,209,209],"floor_reached":50,"playtime":2538,"items_purged":["Strike_R","Strike_R+1"],"score":978,"play_id":"fb896e6c-d59f-4379-a877-0ef8107d190b","local_time":"20201218192141","is_ascension_mode":true,"campfire_choices":[{"data":"Uppercut","floor":6.0,"key":"SMITH"},{"data":"True Grit","floor":15.0,"key":"SMITH"},{"data":"Corruption","floor":23.0,"key":"SMITH"},{"data":"Burning Pact","floor":30.0,"key":"SMITH"},{"floor":32.0,"key":"REST"},{"data":"Master of Strategy","floor":41.0,"key":"SMITH"},{"floor":45.0,"key":"REST"},{"floor":49.0,"key":"REST"}],"circlet_count":0,"master_deck":["Strike_R+1","Strike_R+1","Defend_R+1","Defend_R+1","Defend_R+1","Defend_R+1","Bash","Corruption+1","Headbutt","True Grit+1","Uppercut+1","Sword Boomerang","Burning Pact+1","Pommel Strike","Spot Weakness","Thunderclap","Impervious","Dark Embrace+1","Spot Weakness+1","J.A.X.","Heavy Blade+1","Reaper","CurseOfTheBell","Adrenaline+1","Master of Strategy+1","Seeing Red","Sword Boomerang+1","Infernal Blade","True Grit+1"],"relics":["Burning Blood","Whetstone","Red Skull","Bag of Preparation","SacredBark","Red Mask","HornCleat","Regal Pillow","Toy Ornithopter","Singing Bowl","Ornamental Fan","Calling Bell","Lantern","Blue Candle","WingedGreaves","Bronze Scales","Bag of Marbles","Boot","Mercury Hourglass"],"acts_visited":["Exordium","TheCity","TheBeyond"],"potions_floor_usage":[50],"damage_taken":[{"damage":0.0,"enemies":"Small Slimes","floor":1.0,"turns":3.0},{"damage":11.0,"enemies":"Cultist","floor":3.0,"turns":4.0},{"damage":0.0,"enemies":"2 Louse","floor":4.0,"turns":2.0},{"damage":11.0,"enemies":"2 Fungi Beasts","floor":5.0,"turns":4.0},{"damage":31.0,"enemies":"3 Sentries","floor":7.0,"turns":8.0},{"damage":7.0,"enemies":"Large Slime","floor":8.0,"turns":7.0},{"damage":15.0,"enemies":"Lagavulin","floor":10.0,"turns":6.0},{"damage":13.0,"enemies":"Blue Slaver","floor":11.0,"turns":2.0},{"damage":14.0,"enemies":"Exordium Thugs","floor":13.0,"turns":3.0},{"damage":0.0,"enemies":"Exordium Wildlife","floor":14.0,"turns":2.0},{"damage":14.0,"enemies":"Slime Boss","floor":16.0,"turns":6.0},{"damage":22.0,"enemies":"Spheric Guardian","floor":18.0,"turns":5.0},{"damage":22.0,"enemies":"3 Byrds","floor":19.0,"turns":7.0},{"damage":10.0,"enemies":"Masked Bandits","floor":22.0,"turns":3.0},{"damage":5.0,"enemies":"Slavers","floor":25.0,"turns":4.0},{"damage":13.0,"enemies":"Book of Stabbing","floor":27.0,"turns":5.0},{"damage":36.0,"enemies":"Shelled Parasite and Fungi","floor":28.0,"turns":6.0},{"damage":15.0,"enemies":"Snake Plant","floor":29.0,"turns":3.0},{"damage":21.0,"enemies":"Gremlin Leader","floor":31.0,"turns":5.0},{"damage":53.0,"enemies":"Champ","floor":33.0,"turns":10.0},{"damage":32.0,"enemies":"3 Darklings","floor":35.0,"turns":6.0},{"damage":13.0,"enemies":"3 Shapes","floor":38.0,"turns":4.0},{"damage":22.0,"enemies":"Reptomancer","floor":40.0,"turns":4.0},{"damage":74.0,"enemies":"Nemesis","floor":42.0,"turns":11.0},{"damage":0.0,"enemies":"Sphere and 2 Shapes","floor":44.0,"turns":2.0},{"damage":8.0,"enemies":"Giant Head","floor":46.0,"turns":5.0},{"damage":42.0,"enemies":"Nemesis","floor":47.0,"turns":5.0},{"damage":10.0,"enemies":"Transient","floor":48.0,"turns":5.0},{"damage":124,"enemies":"Awakened One","floor":50,"turns":9}],"seed_played":"8890855101431683766","potions_obtained":[{"floor":2.0,"key":"LiquidMemories"},{"floor":2.0,"key":"Swift Potion"},{"floor":3.0,"key":"DistilledChaos"},{"floor":5.0,"key":"PowerPotion"},{"floor":7.0,"key":"CultistPotion"},{"floor":13.0,"key":"Fruit Juice"},{"floor":14.0,"key":"CultistPotion"},{"floor":19.0,"key":"Block Potion"},{"floor":22.0,"key":"ColorlessPotion"},{"floor":27.0,"key":"Swift Potion"},{"floor":28.0,"key":"BloodPotion"},{"floor":31.0,"key":"DuplicationPotion"},{"floor":38.0,"key":"GamblersBrew"},{"floor":48.0,"key":"AttackPotion"}],"is_trial":false,"path_per_floor":["M","?","M","M","M","R","E","M","T","E","M","$","M","M","R","B",null,"M","M","?","?","?","R","$","E","T","E","M","M","R","E","R","B",null,"M","?","$","M","$","E","R","E","T","M","R","E","E","M","R","B"],"character_chosen":"IRONCLAD","items_purchased":["Spot Weakness","HornCleat","Master of Strategy"],"campfire_rested":3,"item_purchase_floors":[12,24,37],"current_hp_per_floor":[78,78,73,79,74,74,49,48,48,39,32,32,29,35,35,27,71,55,39,39,39,35,35,35,36,36,36,18,51,51,38,80,38,79,94,94,94,89,89,75,75,13,13,19,63,63,27,53,98,0,0],"gold":209,"neow_bonus":"ONE_RANDOM_RARE_CARD","is_daily":false,"chose_seed":false,"campfire_upgraded":5,"win_rate":0.0,"timestamp":1608337301,"path_taken":["M","?","M","M","M","R","E","M","T","E","?","$","M","M","R","BOSS","M","M","?","?","?","R","$","E","T","E","M","M","R","E","R","BOSS","M","?","$","M","?","E","R","E","T","M","R","E","E","M","R","BOSS"],"items_purchased_type":["Card","Relic","Card"],"build_version":"2020-12-13","purchased_purges":2,"victory":false,"max_hp_per_floor":[80,80,80,80,80,80,80,80,80,80,80,80,85,85,85,85,85,85,85,85,85,85,85,85,85,85,87,89,91,91,93,93,93,93,95,95,95,97,97,99,99,99,99,99,99,101,101,101,101,101,101],"card_choices":[{"not_picked":["Warcry","Shrug It Off"],"picked":"Headbutt","floor":1.0},{"not_picked":["Intimidate","Clash"],"picked":"True Grit","floor":3.0},{"not_picked":["Armaments","Clash","Warcry"],"picked":"SKIP","floor":4.0},{"not_picked":["Intimidate","Body Slam"],"picked":"Uppercut","floor":5.0},{"not_picked":["Clash","Warcry","Evolve"],"picked":"SKIP","floor":7.0},{"not_picked":["True Grit","Headbutt"],"picked":"Sword Boomerang","floor":8.0},{"not_picked":["Flame Barrier","Bludgeon"],"picked":"Burning Pact","floor":10.0},{"not_picked":["Heavy Blade","Clash"],"picked":"Pommel Strike","floor":11.0},{"not_picked":["Infernal Blade","Intimidate"],"picked":"Thunderclap","floor":13.0},{"not_picked":["Demon Form","Havoc","Twin Strike"],"picked":"SKIP","floor":14.0},{"not_picked":["Immolate","Barricade"],"picked":"Impervious","floor":16.0},{"not_picked":["Wild Strike+1","Sever Soul"],"picked":"Dark Embrace+1","floor":18.0},{"not_picked":["Dropkick","Warcry"],"picked":"Spot Weakness+1","floor":19.0},{"not_picked":["Shockwave","Flame Barrier+1"],"picked":"Heavy Blade+1","floor":25.0},{"not_picked":["Armaments","Pommel Strike","Warcry"],"picked":"Singing Bowl","floor":27.0},{"not_picked":["Searing Blow","Clothesline","Heavy Blade"],"picked":"Singing Bowl","floor":28.0},{"not_picked":["Body Slam","Bloodletting","Rupture"],"picked":"Singing Bowl","floor":29.0},{"not_picked":["True Grit","Body Slam","Clothesline"],"picked":"Singing Bowl","floor":31.0},{"not_picked":["Berserk","Brutality"],"picked":"Reaper","floor":33.0},{"not_picked":["Pommel Strike","Thunderclap","Power Through"],"picked":"Singing Bowl","floor":35.0},{"not_picked":["Rage","Perfected Strike+1","Flex+1"],"picked":"Singing Bowl","floor":38.0},{"not_picked":["Whirlwind+1","Heavy Blade+1","Barricade"],"picked":"Singing Bowl","floor":40.0},{"not_picked":["True Grit","Clothesline"],"picked":"Seeing Red","floor":42.0},{"not_picked":["Dark Embrace","Headbutt"],"picked":"Sword Boomerang+1","floor":44.0},{"not_picked":["Wild Strike","Metallicize","Headbutt"],"picked":"Singing Bowl","floor":46.0},{"not_picked":["Evolve+1","Wild Strike+1"],"picked":"Infernal Blade","floor":47.0},{"not_picked":["Heavy Blade","Clothesline"],"picked":"True Grit+1","floor":48.0}],"player_experience":777988,"relics_obtained":[{"floor":7.0,"key":"Whetstone"},{"floor":9.0,"key":"Red Skull"},{"floor":10.0,"key":"Bag of Preparation"},{"floor":22.0,"key":"Red Mask"},{"floor":25.0,"key":"Regal Pillow"},{"floor":26.0,"key":"Toy Ornithopter"},{"floor":27.0,"key":"Singing Bowl"},{"floor":31.0,"key":"Ornamental Fan"},{"floor":34.0,"key":"Lantern"},{"floor":34.0,"key":"Blue Candle"},{"floor":34.0,"key":"WingedGreaves"},{"floor":40.0,"key":"Bronze Scales"},{"floor":42.0,"key":"Bag of Marbles"},{"floor":46.0,"key":"Boot"},{"floor":47.0,"key":"Mercury Hourglass"}],"event_choices":[{"damage_healed":0.0,"max_hp_gain":0.0,"max_hp_loss":0.0,"gold_gain":0.0,"event_name":"The Woman in Blue","player_choice":"Bought 2 Potions","floor":2.0,"gold_loss":0.0,"damage_taken":0.0},{"damage_healed":0.0,"max_hp_gain":0.0,"max_hp_loss":0.0,"gold_gain":0.0,"event_name":"Back to Basics","player_choice":"Simplicity","floor":20.0,"gold_loss":0.0,"damage_taken":0.0,"cards_upgraded":["Strike_R","Strike_R","Defend_R","Defend_R","Defend_R","Defend_R"]},{"damage_healed":0.0,"max_hp_gain":0.0,"max_hp_loss":0.0,"gold_gain":0.0,"event_name":"Drug Dealer","player_choice":"Obtain J.A.X.","floor":21.0,"gold_loss":0.0,"damage_taken":0.0,"cards_obtained":["J.A.X."]},{"damage_healed":0.0,"max_hp_gain":0.0,"max_hp_loss":0.0,"gold_gain":0.0,"event_name":"Masked Bandits","player_choice":"Fought Bandits","floor":22.0,"gold_loss":0.0,"damage_taken":0.0},{"cards_removed":["Strike_R"],"damage_healed":0.0,"max_hp_gain":0.0,"max_hp_loss":0.0,"gold_gain":0.0,"event_name":"NoteForYourself","player_choice":"Took Card","floor":36.0,"gold_loss":0.0,"damage_taken":0.0,"cards_obtained":["Adrenaline"]}],"is_beta":false,"boss_relics":[{"not_picked":["Fusion Hammer","Runic Dome"],"picked":"SacredBark"},{"not_picked":["Pandora\u0027s Box","Runic Pyramid"],"picked":"Calling Bell"}],"items_purged_floors":[12,37],"is_endless":false,"potions_floor_spawned":[3,5,7,13,14,19,22,27,28,31,38,48],"killed_by":"Awakened One","ascension_level":9}}