{"host":"6fbjdsiu9jij34p7","time":1608369524,"event":{"mods":["2.2 Compatiblity","AchievementEnabler","BaseMod","Colored Map","DeckTracker","Highlight Path","Keyboard Shortcuts","Minty Spire (QoL Compilation)","Permanent Neow","Quick Restart","StSLib","SuperFastMode"],"gold_per_floor":[218,168,185,196,196,196,240,240,264,539,557,557,573,598,598,718,718,731,361,361,381,381,381],"floor_reached":22,"playtime":603,"items_purged":["Regret"],"score":251,"play_id":"2171a7da-3786-45dd-a0cd-eb832e9933a8","local_time":"20201219181844","is_ascension_mode":true,"campfire_choices":[{"floor":6.0,"key":"REST"},{"floor":8.0,"key":"REST"},{"floor":12.0,"key":"REST"},{"floor":15.0,"key":"REST"}],"circlet_count":0,"master_deck":["Strike_R","Strike_R","Strike_R","Defend_R","Defend_R","Defend_R","Defend_R","Bash","Flame Barrier","Shrug It Off","Spot Weakness","Body Slam","Flex","Shrug It Off","Barricade","Shrug It Off","Thunderclap","Dropkick"],"relics":["Burning Blood","Golden Idol","Art of War","Nunchaku","Philosopher\u0027s Stone","Bag of Preparation"],"acts_visited":["Exordium","TheCity"],"potions_floor_usage":[18,21],"damage_taken":[{"damage":10.0,"enemies":"2 Louse","floor":1.0,"turns":3.0},{"damage":8.0,"enemies":"Jaw Worm","floor":3.0,"turns":5.0},{"damage":0.0,"enemies":"Small Slimes","floor":4.0,"turns":5.0},{"damage":59.0,"enemies":"Gremlin Nob","floor":7.0,"turns":6.0},{"damage":14.0,"enemies":"Red Slaver","floor":11.0,"turns":6.0},{"damage":6.0,"enemies":"2 Fungi Beasts","floor":13.0,"turns":4.0},{"damage":21.0,"enemies":"Exordium Thugs","floor":14.0,"turns":6.0},{"damage":70.0,"enemies":"Hexaghost","floor":16.0,"turns":12.0},{"damage":39,"enemies":"Spheric Guardian","floor":18,"turns":6},{"damage":19,"enemies":"3 Byrds","floor":21,"turns":4},{"damage":20,"enemies":"Cultist and Chosen","floor":22,"turns":6}],"seed_played":"6981411901083986808","potions_obtained":[{"floor":3.0,"key":"Dexterity Potion"},{"floor":4.0,"key":"HeartOfIron"},{"floor":13.0,"key":"AttackPotion"},{"floor":14.0,"key":"Swift Potion"},{"floor":18,"key":"Energy Potion"}],"is_trial":false,"path_per_floor":["M","?","M","M","?","R","E","R","T","?","M","R","M","M","R","B",null,"M","$","?","M","M"],"character_chosen":"IRONCLAD","items_purchased":["Shrug It Off","SteroidPotion","Bag of Preparation","Thunderclap"],"campfire_rested":4,"item_purchase_floors":[19,19,19,19],"current_hp_per_floor":[68,68,66,72,52,76,23,47,47,47,39,63,63,48,72,8,62,29,29,29,16,0,0],"gold":381,"neow_bonus":"HUNDRED_GOLD","is_daily":false,"chose_seed":false,"campfire_upgraded":0,"win_rate":0.0,"timestamp":1608369524,"path_taken":["M","?","M","M","?","R","E","R","T","?","M","R","M","?","R","BOSS","M","$","?","M","M"],"items_purchased_type":["Card","Potion","Relic","Card"],"build_version":"2020-12-13","purchased_purges":1,"victory":false,"max_hp_per_floor":[80,80,80,80,80,80,80,80,80,80,80,80,80,80,80,80,80,80,80,80,80,80,80],"card_choices":[{"not_picked":["Thunderclap","Combust"],"picked":"Flame Barrier","floor":1.0},{"not_picked":["Infernal Blade","True Grit"],"picked":"Shrug It Off","floor":3.0},{"not_picked":["Iron Wave","Infernal Blade"],"picked":"Spot Weakness","floor":4.0},{"not_picked":["Twin Strike","Anger"],"picked":"Body Slam","floor":7.0},{"not_picked":["Metallicize","Heavy Blade"],"picked":"Flex","floor":11.0},{"not_picked":["Infernal Blade","Anger","Spot Weakness"],"picked":"SKIP","floor":13.0},{"not_picked":["Reckless Charge","Brutality"],"picked":"Shrug It Off","floor":14.0},{"not_picked":["Corruption","Reaper"],"picked":"Barricade","floor":16.0},{"not_picked":["Wild Strike","Heavy Blade","Anger+1"],"picked":"SKIP","floor":18},{"not_picked":["Headbutt","Pommel Strike","Flex"],"picked":"SKIP","floor":21}],"player_experience":240934,"relics_obtained":[{"floor":7.0,"key":"Art of War"},{"floor":9.0,"key":"Nunchaku"}],"event_choices":[{"cards_removed":["Strike_R"],"damage_healed":0.0,"max_hp_gain":0.0,"max_hp_loss":0.0,"gold_gain":0.0,"event_name":"The Cleric","player_choice":"Card Removal","floor":2.0,"gold_loss":50.0,"damage_taken":0.0},{"damage_healed":0.0,"max_hp_gain":0.0,"max_hp_loss":0.0,"gold_gain":0.0,"event_name":"Golden Idol","player_choice":"Take Damage","floor":5.0,"gold_loss":0.0,"damage_taken":20.0,"relics_obtained":["Golden Idol"]},{"damage_healed":0.0,"max_hp_gain":0.0,"max_hp_loss":0.0,"gold_gain":275.0,"event_name":"Golden Shrine","player_choice":"Desecrate","floor":10.0,"gold_loss":0.0,"damage_taken":0.0,"cards_obtained":["Regret"]},{"damage_healed":0,"gold_gain":0,"cards_transformed":["Strike_R"],"player_choice":"Transformed","damage_taken":0,"max_hp_gain":0,"max_hp_loss":0,"event_name":"Transmorgrifier","floor":20,"gold_loss":0,"cards_obtained":["Dropkick"]}],"is_beta":false,"boss_relics":[{"not_picked":["Busted Crown","Runic Dome"],"picked":"Philosopher\u0027s Stone"}],"items_purged_floors":[19],"is_endless":false,"potions_floor_spawned":[3,4,13,14,18],"killed_by":"Cultist and Chosen","ascension_level":7}}