{"host":"tj57avznel0uzvp6","time":1608390707,"event":{"mods":["BaseMod","Downfall","Glutton Mod","Minty Spire (QoL Compilation)","Remove Card Discount Mod","Replay The Spire","StSLib"],"gold_per_floor":[119,119,168,133,8,8,8,26,26,26,26,41,17,17,17,118,118,134,134,134,134,56,56,67,67,67,0,0,0,0,0,0,101,101,118,118,118,79,89,89,89,89,112,112,112,112,112,112,112,112,112],"floor_reached":50,"playtime":1357,"items_purged":[],"score":589,"play_id":"acf0c3f1-1520-4473-91bf-93a5c52f84be","local_time":"20201219081147","daily_mods":["Blue Cards","Colorless Cards","Time Dilation","Flight"],"is_ascension_mode":false,"campfire_choices":[{"data":"Echo Form","floor":6,"key":"SMITH"},{"data":"Slimebound:DuplicatedForm","floor":7,"key":"SMITH"},{"data":"Loop","floor":10,"key":"SMITH"},{"data":"Zap","floor":11,"key":"SMITH"},{"floor":15,"key":"REST"},{"floor":23,"key":"REST"},{"floor":25,"key":"REST"},{"data":"Glutton:StarvationMode","floor":28,"key":"SMITH"},{"data":"Capacitor","floor":29,"key":"SMITH"},{"data":"Guardian:ConstructionForm","floor":32,"key":"SMITH"},{"data":"FIFO Queue","floor":40,"key":"SMITH"},{"data":"Loop","floor":41,"key":"SMITH"},{"data":"Demon Form","floor":42,"key":"SMITH"},{"data":"Mind Blast","floor":44,"key":"SMITH"},{"data":"Self Repair","floor":45,"key":"SMITH"},{"data":"Magnetism","floor":47,"key":"SMITH"},{"data":"Hologram","floor":49,"key":"SMITH"}],"circlet_count":0,"master_deck":["Demon Form+1","Wraith Form v2","Echo Form+1","DevaForm","Glutton:StarvationMode+1","Guardian:ConstructionForm+1","hexamod:ParanormalForm","Slimebound:DuplicatedForm+1","sneckomod:SerpentMind","Strike_B","Strike_B","Strike_B","Strike_B","Defend_B","Defend_B","Defend_B","Defend_B","Zap+1","Dualcast","Rebound","ReplayTheSpireMod:Splinters","Mind Blast+1","Loop+1","White Noise+1","Self Repair+1","Hologram","Leap","Redo","Stack","ReplayTheSpireMod:Omega Cannon","Ball Lightning+1","Capacitor+1","Aggregate","Loop+1","Shame","Magnetism+1","Hologram+1","FIFO Queue+1","Conserve Battery+1","Hologram+1","Writhe"],"relics":["Cracked Core","replay:Trail_Library","Ornamental Fan","Meat on the Bone","Blood Vial","Replay:Bronze Core","Eternal Feather","Regal Pillow","MealTicket"],"acts_visited":["Exordium","TheCity","TheBeyond"],"potions_floor_usage":[16,33,33],"damage_taken":[{"damage":2,"enemies":"Small Slimes","floor":1,"turns":4},{"damage":4,"enemies":"2 Louse","floor":8,"turns":3},{"damage":11,"enemies":"Jaw Worm","floor":12,"turns":3},{"damage":14,"enemies":"Slime Boss","floor":16,"turns":8},{"damage":43,"enemies":"Spheric Guardian","floor":18,"turns":8},{"damage":35,"enemies":"Chosen","floor":24,"turns":5},{"damage":47,"enemies":"Champ","floor":33,"turns":9},{"damage":10,"enemies":"Orb Walker","floor":35,"turns":2},{"damage":0,"enemies":"3 Shapes","floor":39,"turns":7},{"damage":97,"enemies":"Time Eater","floor":50,"turns":7}],"seed_played":"-4855329741236507134","potions_obtained":[{"floor":3,"key":"Weak Potion"},{"floor":12,"key":"FearPotion"},{"floor":18,"key":"Weak Potion"},{"floor":24,"key":"EssenceOfDarkness"}],"is_trial":true,"path_per_floor":["M","?","?","?","$","R","R","M","T","R","R","M","$","T","R","B",null,"M","$","?","$","$","R","M","R","T","?","R","R","$","?","R","B",null,"M","$","?","$","M","R","R","R","T","R","R","?","R","$","R","B"],"character_chosen":"DEFECT","items_purchased":["Loop","White Noise+1","Redo","Capacitor","FIFO Queue"],"campfire_rested":3,"item_purchase_floors":[5,5,13,22,38],"current_hp_per_floor":[73,73,73,75,75,75,75,71,71,71,71,60,60,60,75,75,75,56,56,56,56,56,75,54,75,75,75,75,75,75,75,75,62,75,65,65,65,65,75,75,75,75,75,75,75,75,75,75,75,0,0],"gold":112,"neow_bonus":"","is_daily":false,"chose_seed":false,"campfire_upgraded":14,"win_rate":0.0,"timestamp":1608390707,"path_taken":["M","?","?","?","$","R","R","M","T","R","R","M","?","?","R","BOSS","M","$","?","?","$","R","M","R","T","?","R","R","$","?","R","BOSS","M","$","?","$","?","R","R","R","T","R","R","?","R","$","R","BOSS"],"items_purchased_type":["Card","Card","Card","Card","Card"],"build_version":"2020-12-13","purchased_purges":0,"victory":false,"max_hp_per_floor":[75,75,75,75,75,75,75,75,75,75,75,75,75,75,75,75,75,75,75,75,75,75,75,75,75,75,75,75,75,75,75,75,75,75,75,75,75,75,75,75,75,75,75,75,75,75,75,75,75,75,75],"card_choices":[{"not_picked":["Beam Cell","Steam"],"picked":"Rebound","floor":1},{"not_picked":["BasicCrystalCard","Auto Shields"],"picked":"Mind Blast","floor":3},{"not_picked":["Scrape","expansioncontent:TimeRipple"],"picked":"Self Repair","floor":8},{"not_picked":["Discovery","Turbo"],"picked":"Leap","floor":12},{"not_picked":["Thinking Ahead","ReplayTheSpireMod:Necrogeddon"],"picked":"ReplayTheSpireMod:Omega Cannon","floor":16},{"not_picked":["Beam Cell","Streamline+1"],"picked":"Ball Lightning+1","floor":18},{"not_picked":["Steam","Conserve Battery"],"picked":"Aggregate","floor":24},{"not_picked":["Rainbow","Biased Cognition"],"picked":"Magnetism","floor":33},{"not_picked":["Conserve Battery+1","Hello World+1"],"picked":"Hologram+1","floor":35},{"not_picked":["expansioncontent:SuperHexaguard","expansioncontent:PrepareCrush"],"picked":"Conserve Battery+1","floor":39}],"player_experience":566188,"relics_obtained":[{"floor":3,"key":"Ornamental Fan"},{"floor":9,"key":"Meat on the Bone"},{"floor":14,"key":"Blood Vial"},{"floor":26,"key":"Eternal Feather"},{"floor":43,"key":"MealTicket"}],"event_choices":[{"damage_healed":0,"gold_gain":0,"player_choice":"Ignored","damage_taken":0,"max_hp_gain":0,"max_hp_loss":0,"event_name":"Golden Wing","floor":2,"gold_loss":0},{"damage_healed":18,"gold_gain":0,"player_choice":"Healed","damage_taken":0,"max_hp_gain":0,"max_hp_loss":0,"event_name":"The Cleric","floor":4,"gold_loss":35},{"damage_healed":0,"gold_gain":0,"player_choice":"Ignored","damage_taken":0,"max_hp_gain":0,"max_hp_loss":0,"event_name":"NoteForYourself","floor":20,"gold_loss":0},{"damage_healed":0,"gold_gain":0,"player_choice":"Paid Fearfully","damage_taken":0,"max_hp_gain":0,"max_hp_loss":0,"event_name":"Masked Bandits","floor":27,"gold_loss":67},{"damage_healed":0,"gold_gain":0,"player_choice":"Stole Relic","damage_taken":0,"relics_obtained":["Regal Pillow"],"max_hp_gain":0,"max_hp_loss":0,"event_name":"Addict","floor":31,"gold_loss":0,"cards_obtained":["Shame"]},{"damage_healed":0,"gold_gain":0,"player_choice":"Ignored","damage_taken":0,"max_hp_gain":0,"max_hp_loss":0,"event_name":"Purifier","floor":37,"gold_loss":0},{"damage_healed":19,"gold_gain":0,"player_choice":"Writhe","damage_taken":0,"max_hp_gain":0,"max_hp_loss":0,"event_name":"Winding Halls","floor":46,"gold_loss":0,"cards_obtained":["Writhe"]}],"is_beta":false,"boss_relics":[{"not_picked":["SacredBark","Black Star"],"picked":"Replay:Bronze Core"},{"not_picked":["Coffee Dripper","Busted Crown","Astrolabe"]}],"items_purged_floors":[],"is_endless":true,"potions_floor_spawned":[12,18,24],"killed_by":"Time Eater","ascension_level":0}}