{"host":"n4f6h2mlrt4e12he","time":1608412435,"event":{"mods":["2.2 Compatiblity","BaseMod","Colored Map","Downfall","Highlight Path","Hubris","Minty Spire (QoL Compilation)","Shop Mod","StSLib"],"gold_per_floor":[99,133,133,133,133,94,120,144,184,46,70,95,107,138,165,281,293,230,242,254,335,374,402,414,426,457,469,166,116,116,145,160,256,256,256,279,297,327,327,338,338,338,351,351,386,87,87,101,116,116,116,116,116],"floor_reached":52,"playtime":5322,"items_purged":["Parasite"],"score":804,"play_id":"c1117b2e-eca5-43b1-938c-c110dd24eedd","local_time":"20201219161355","is_ascension_mode":false,"campfire_choices":[{"floor":1,"key":"RECALL"},{"data":"sneckomod:WideSting","floor":10,"key":"SMITH"},{"data":"sneckomod:DiceBoulder","floor":18,"key":"SMITH"},{"data":"sneckomod:DiceBoulder+1","floor":20,"key":"SMITH"},{"data":"sneckomod:DiceBoulder+2","floor":25,"key":"SMITH"},{"data":"sneckomod:SoulCleanse","floor":27,"key":"SMITH"},{"data":"sneckomod:MorePower","floor":35,"key":"SMITH"},{"data":"sneckomod:MasterEye","floor":42,"key":"SMITH"},{"data":"sneckomod:SerpentIdol","floor":44,"key":"SMITH"}],"circlet_count":0,"master_deck":["sneckomod:Strike","sneckomod:Defend","sneckomod:Defend","sneckomod:Defend+1","sneckomod:TailWhip","sneckomod:SnekBite","sneckomod:Unknown","sneckomod:Unknown","sneckomod:UnknownEthereal","sneckomod:UnknownVulnerable","sneckomod:QuickBite+1","sneckomod:UnknownClassRED+1","sneckomod:WideSting+1","sneckomod:SoulCleanse+1","sneckomod:DiceBoulder+3","sneckomod:DangerNoodle","sneckomod:UnknownRarePower","sneckomod:UnknownVulnerable","sneckomod:UnknownUncommonSkill+1","sneckomod:SoulDraw+1","sneckomod:UnknownClassRED","sneckomod:QuickMove+1","sneckomod:MorePower+1","sneckomod:SnakeSap","sneckomod:MasterEye+1","sneckomod:UnknownUncommonPower+1","sneckomod:UnknownX+1","sneckomod:TrashToTreasure+1","sneckomod:UnknownExhaust+1","sneckomod:DefensiveFlair+1","sneckomod:SerpentIdol+1","sneckomod:CheapStock"],"relics":["sneckomod:SneckoSoul","downfall:HeartsMalice","Centennial Puzzle","hubris:Towel","MawBank","hubris:SphereOfDissonance","downfall:HeartBlessingGreen","downfall:HeartBlessingRed","hubris:Icosahedron","hubris:ScarierMask","downfall:HeartBlessingBlue","hubris:BottledRain","Oddly Smooth Stone","White Beast Statue","Anchor","Red Mask","Busted Crown","War Paint","StoneCalendar","Mummified Hand","Toolbox","Bag of Marbles","Happy Flower","HornCleat"],"acts_visited":["Exordium","TheCity","TheBeyond","TheEnding"],"potions_floor_usage":[22,26,28,28,38,52,52],"damage_taken":[{"damage":0,"enemies":"Gremlin Nob","floor":2,"turns":1},{"damage":0,"enemies":"Jaw Worm","floor":3,"turns":1},{"damage":0,"enemies":"Cultist","floor":5,"turns":1},{"damage":5,"enemies":"downfall:FleeingMerchant","floor":6,"turns":4},{"damage":23,"enemies":"Lagavulin","floor":9,"turns":4},{"damage":0,"enemies":"2 Louse","floor":11,"turns":2},{"damage":0,"enemies":"Large Slime","floor":12,"turns":4},{"damage":0,"enemies":"Exordium Wildlife","floor":14,"turns":2},{"damage":10,"enemies":"Exordium Thugs","floor":15,"turns":3},{"damage":34,"enemies":"downfall:Silent","floor":16,"turns":7},{"damage":51,"enemies":"Gremlin Leader","floor":22,"turns":6},{"damage":7,"enemies":"Spheric Guardian","floor":23,"turns":3},{"damage":3,"enemies":"Shell Parasite","floor":26,"turns":6},{"damage":10,"enemies":"downfall:FleeingMerchant","floor":28,"turns":4},{"damage":9,"enemies":"Masked Bandits","floor":31,"turns":5},{"damage":1,"enemies":"Snecko","floor":32,"turns":3},{"damage":29,"enemies":"downfall:Ironclad","floor":33,"turns":9},{"damage":0,"enemies":"3 Darklings","floor":37,"turns":2},{"damage":12,"enemies":"Nemesis","floor":38,"turns":5},{"damage":0,"enemies":"Orb Walker","floor":40,"turns":2},{"damage":0,"enemies":"Writhing Mass","floor":43,"turns":5},{"damage":0,"enemies":"downfall:FleeingMerchant","floor":45,"turns":2},{"damage":0,"enemies":"Sphere and 2 Shapes","floor":48,"turns":1},{"damage":7,"enemies":"4 Shapes","floor":49,"turns":4},{"damage":0,"enemies":"downfall:Watcher","floor":50,"turns":7},{"damage":138,"enemies":"downfall:CharBossMerchant","floor":52,"turns":7}],"seed_played":"-5489421540632960054","potions_obtained":[{"floor":9,"key":"FearPotion"},{"floor":12,"key":"sneckomod:DiceRollPotion"},{"floor":15,"key":"FearPotion"},{"floor":22,"key":"LiquidBronze"},{"floor":26,"key":"GamblersBrew"},{"floor":28,"key":"Fire Potion"},{"floor":31,"key":"sneckomod:DiceRollPotion"},{"floor":32,"key":"Guardian:BlockOnCardUsePotion"},{"floor":38,"key":"sneckomod:DiceRollPotion"},{"floor":43,"key":"Energy Potion"},{"floor":49,"key":"Slimebound:ThreeZeroPotion"}],"is_trial":false,"path_per_floor":["R","E","M","?","M","$","T","T","E","R","M","M","?","M","M","B",null,"R","?","R","T","E","M","T","R","M","R","$","?","?","?","M","B",null,"R","?","M","E","?","M","T","R","M","R","$","$","T","M","M","B",null,"E"],"character_chosen":"THE_SNECKO","items_purchased":["sneckomod:WideSting","sneckomod:SnakeSap","Anchor","sneckomod:MasterEye","Toolbox","sneckomod:CheapStock","Bag of Marbles","Happy Flower"],"campfire_rested":0,"item_purchase_floors":[6,28,28,28,45,45,46,46],"current_hp_per_floor":[90,91,92,92,92,88,88,88,65,65,65,65,65,65,55,22,94,104,106,106,106,55,51,51,51,48,48,38,75,75,68,67,39,110,110,110,110,110,110,110,110,110,110,110,107,107,107,107,100,100,107,0,0],"gold":116,"neow_bonus":"THREE_ENEMY_KILL","is_daily":false,"chose_seed":false,"campfire_upgraded":8,"win_rate":0.0,"timestamp":1608412435,"path_taken":["R","E","M","?","M","$","T","?","E","R","M","?","?","M","M","BOSS","R","?","R","?","E","M","T","R","?","R","$","?","?","?","M","BOSS","R","?","M","E","?","M","T","R","M","R","$","$","?","M","M","BOSS","E"],"items_purchased_type":["Card","Card","Relic","Card","Relic","Card","Relic","Relic"],"build_version":"2020-12-13","purchased_purges":1,"victory":false,"max_hp_per_floor":[90,91,92,92,92,93,93,93,93,93,93,93,93,93,93,94,94,104,106,106,106,106,107,107,107,107,107,107,107,107,109,109,110,110,110,110,110,110,110,110,110,110,110,110,107,107,107,107,107,107,107,107,107],"card_choices":[{"not_picked":["sneckomod:UnknownVulnerable","sneckomod:ImprovisedAttack"],"picked":"sneckomod:UnknownEthereal","floor":2},{"not_picked":["sneckomod:QuickMove","sneckomod:UnknownX"],"picked":"sneckomod:UnknownVulnerable","floor":3},{"not_picked":["sneckomod:UnknownClassSLIMEBOUND","sneckomod:Unknown1Cost"],"picked":"sneckomod:QuickBite","floor":5},{"not_picked":["sneckomod:UnknownStrike","sneckomod:UnknownClassTHE_CHAMP_GRAY"],"picked":"sneckomod:UnknownClassRED","floor":6},{"not_picked":["sneckomod:UnknownClassTHE_CHAMP_GRAY","sneckomod:UnknownClassBLUE"],"picked":"sneckomod:SoulCleanse","floor":9},{"not_picked":["sneckomod:SoulRoll","sneckomod:RainOfDice","sneckomod:UnknownStrike"],"picked":"SKIP","floor":11},{"not_picked":["sneckomod:WideSting","sneckomod:UnknownWeak","sneckomod:IronFang"],"picked":"SKIP","floor":12},{"not_picked":["sneckomod:UnknownStrike","sneckomod:SnekBeam"],"picked":"sneckomod:DiceBoulder","floor":14},{"not_picked":["sneckomod:UnknownCommonSkill","sneckomod:WideSting"],"picked":"sneckomod:DangerNoodle","floor":15},{"not_picked":["sneckomod:UnknownRareSkill","sneckomod:SerpentMind"],"picked":"sneckomod:UnknownRarePower","floor":16},{"not_picked":["sneckomod:UnknownX","sneckomod:DiceBlock"],"picked":"sneckomod:SoulDraw+1","floor":22},{"not_picked":["sneckomod:DiceBlock+1","sneckomod:ImprovisedGuard"],"picked":"sneckomod:UnknownClassRED","floor":23},{"not_picked":["sneckomod:UnknownCommonAttack","sneckomod:UnknownX"],"picked":"sneckomod:QuickMove+1","floor":26},{"not_picked":["sneckomod:SoulCleanse","sneckomod:UnknownClassPURPLE"],"picked":"sneckomod:MorePower","floor":28},{"not_picked":["sneckomod:UnknownStrike+1","sneckomod:Unknown2Cost+1"],"picked":"sneckomod:UnknownUncommonPower+1","floor":31},{"not_picked":["sneckomod:Unknown2Cost","sneckomod:RainOfDice"],"picked":"sneckomod:UnknownX+1","floor":31},{"not_picked":["sneckomod:MasterEye","sneckomod:SoulRoll"],"picked":"sneckomod:TrashToTreasure+1","floor":32},{"not_picked":["sneckomod:UnknownStrength+1","sneckomod:UnknownUncommonAttack+1"],"picked":"sneckomod:UnknownExhaust+1","floor":33},{"not_picked":["sneckomod:UnknownStrike+1"],"picked":"SKIP","floor":37},{"not_picked":[],"picked":"sneckomod:DefensiveFlair+1","floor":38},{"not_picked":["sneckomod:UnknownCommonSkill+1"],"picked":"SKIP","floor":38},{"not_picked":["sneckomod:UnknownClassTHE_CHAMP_GRAY+1"],"picked":"SKIP","floor":40},{"not_picked":["sneckomod:UnknownClassGUARDIAN"],"picked":"SKIP","floor":40},{"not_picked":[],"picked":"sneckomod:SerpentIdol","floor":43},{"not_picked":["sneckomod:UnknownClassRED+1"],"picked":"SKIP","floor":43},{"not_picked":["sneckomod:TrashToTreasure"],"picked":"SKIP","floor":45},{"not_picked":["sneckomod:UnknownClassGUARDIAN+1"],"picked":"SKIP","floor":48},{"not_picked":["sneckomod:UnknownX+1"],"picked":"SKIP","floor":48},{"not_picked":["sneckomod:UnknownClassHEXA_GHOST_PURPLE+1"],"picked":"SKIP","floor":49},{"not_picked":["sneckomod:UnknownStrike+1"],"picked":"SKIP","floor":49},{"not_picked":["sneckomod:UnknownBlock"],"picked":"SKIP","floor":49}],"player_experience":1339332,"relics_obtained":[{"floor":2,"key":"Centennial Puzzle"},{"floor":8,"key":"MawBank"},{"floor":9,"key":"hubris:SphereOfDissonance"},{"floor":21,"key":"hubris:BottledRain"},{"floor":22,"key":"Oddly Smooth Stone"},{"floor":24,"key":"White Beast Statue"},{"floor":31,"key":"Red Mask"},{"floor":36,"key":"War Paint"},{"floor":38,"key":"StoneCalendar"},{"floor":41,"key":"Mummified Hand"},{"floor":47,"key":"HornCleat"}],"event_choices":[{"damage_healed":0,"gold_gain":0,"cards_transformed":["sneckomod:Strike","sneckomod:Strike"],"player_choice":"Became Test Subject","damage_taken":0,"max_hp_gain":0,"max_hp_loss":0,"event_name":"Drug Dealer","floor":19,"gold_loss":0,"cards_obtained":["sneckomod:UnknownVulnerable","sneckomod:UnknownUncommonSkill"]},{"damage_healed":0,"gold_gain":0,"player_choice":"Ignored","damage_taken":0,"max_hp_gain":0,"max_hp_loss":0,"event_name":"Ghosts","floor":30,"gold_loss":0},{"damage_healed":0,"gold_gain":0,"player_choice":"Fought Bandits","damage_taken":0,"max_hp_gain":0,"max_hp_loss":0,"event_name":"Masked Bandits","floor":31,"gold_loss":0}],"is_beta":false,"boss_relics":[{"not_picked":["hubris:VirtuousBlindfold","Runic Pyramid"],"picked":"hubris:ScarierMask"},{"not_picked":["hubris:CrackedHourglass","Astrolabe"],"picked":"Busted Crown"}],"items_purged_floors":[45],"is_endless":false,"potions_floor_spawned":[9,12,15,22,26,28,31,32,33,37,38,40,43,45,48,49],"killed_by":"downfall:CharBossMerchant","ascension_level":0}}