{"host":"12piqfhmdln9x2la","time":1608353083,"event":{"mods":["2.2 Compatiblity","AchievementEnabler","BaseMod","BetterRewards","Colored Powertips","Minty Spire (QoL Compilation)","Quick Restart","SuperFastMode"],"gold_per_floor":[117,117,133,83,258,293,293,307,384,412,423,423,458,474,474,474,474],"floor_reached":16,"playtime":431,"items_purged":[],"score":145,"play_id":"bdfe744f-b054-4d43-bf1d-7616eeafbdb0","local_time":"20201219134443","is_ascension_mode":false,"campfire_choices":[{"data":"Storm","floor":7,"key":"SMITH"},{"data":"Seek","floor":12,"key":"SMITH"},{"data":"Zap","floor":15,"key":"SMITH"}],"circlet_count":0,"master_deck":["Strike_B","Strike_B","Strike_B","Defend_B","Defend_B","Defend_B","Zap+1","Dualcast","Self Repair","Go for the Eyes","Doubt","Storm+1","Seek+1","Redo","Conserve Battery","Melter","Conserve Battery"],"relics":["Cracked Core","NeowsBlessing","Bronze Scales","Gremlin Horn","Anchor","Potion Belt"],"acts_visited":["Exordium"],"potions_floor_usage":[13,16],"damage_taken":[{"damage":0,"enemies":"Cultist","floor":1,"turns":1},{"damage":0,"enemies":"Small Slimes","floor":3,"turns":1},{"damage":0,"enemies":"Gremlin Nob","floor":6,"turns":1},{"damage":4,"enemies":"2 Louse","floor":8,"turns":2},{"damage":39,"enemies":"3 Sentries","floor":10,"turns":6},{"damage":8,"enemies":"Exordium Wildlife","floor":11,"turns":3},{"damage":16,"enemies":"Lagavulin","floor":13,"turns":6},{"damage":7,"enemies":"Blue Slaver","floor":14,"turns":4},{"damage":30,"enemies":"Hexaghost","floor":16,"turns":9}],"seed_played":"-5078850225766020846","potions_obtained":[{"floor":1,"key":"SmokeBomb"},{"floor":10,"key":"LiquidBronze"},{"floor":11,"key":"Block Potion"}],"is_trial":false,"path_per_floor":["M","?","M","?","?","E","R","M","T","E","M","R","E","M","R","B"],"character_chosen":"DEFECT","items_purchased":[],"campfire_rested":0,"item_purchase_floors":[],"current_hp_per_floor":[75,68,68,68,68,68,68,71,71,39,38,38,29,29,29,0,0],"gold":474,"neow_bonus":"THREE_ENEMY_KILL","is_daily":false,"chose_seed":false,"campfire_upgraded":3,"win_rate":0.0,"timestamp":1608353083,"path_taken":["M","?","M","?","?","E","R","?","T","E","M","R","E","M","R","BOSS"],"items_purchased_type":[],"build_version":"2020-12-13","purchased_purges":0,"victory":false,"max_hp_per_floor":[75,75,75,75,75,75,75,75,75,75,75,75,75,75,75,75,75],"card_choices":[{"not_picked":["Sweeping Beam","Go for the Eyes"],"picked":"Self Repair","floor":1},{"not_picked":["Steam","Stack"],"picked":"Go for the Eyes","floor":3},{"not_picked":["Rebound","Beam Cell"],"picked":"Storm","floor":6},{"not_picked":["Darkness","Undo"],"picked":"Seek","floor":8},{"not_picked":["Steam","Hello World"],"picked":"Redo","floor":10},{"not_picked":["Chaos","Cold Snap"],"picked":"Conserve Battery","floor":11},{"not_picked":["Reinforced Body","Auto Shields"],"picked":"Melter","floor":13},{"not_picked":["Steam","Gash"],"picked":"Conserve Battery","floor":14}],"player_experience":100867,"relics_obtained":[{"floor":6,"key":"Bronze Scales"},{"floor":9,"key":"Gremlin Horn"},{"floor":10,"key":"Anchor"},{"floor":13,"key":"Potion Belt"}],"event_choices":[{"cards_removed":["Defend_B"],"damage_healed":0,"gold_gain":0,"player_choice":"Card Removal","damage_taken":7,"max_hp_gain":0,"max_hp_loss":0,"event_name":"Golden Wing","floor":2,"gold_loss":0},{"cards_removed":["Strike_B"],"damage_healed":0,"gold_gain":0,"player_choice":"Card Removal","damage_taken":0,"max_hp_gain":0,"max_hp_loss":0,"event_name":"The Cleric","floor":4,"gold_loss":50},{"damage_healed":0,"gold_gain":175,"player_choice":"AGREE","damage_taken":0,"max_hp_gain":0,"max_hp_loss":0,"event_name":"Liars Game","floor":5,"gold_loss":0,"cards_obtained":["Doubt"]}],"is_beta":false,"boss_relics":[],"items_purged_floors":[],"is_endless":false,"potions_floor_spawned":[1,10,11],"killed_by":"Hexaghost","ascension_level":0}}