{"host":"2e3z4r48quhw80cc","time":1608354934,"event":{"mods":["BaseMod","Minty Spire (QoL Compilation)","Quick Restart","StSLib","SuperFastMode"],"gold_per_floor":[116,116,66,83,38,63,63,88,112,112,128,146,162,224,224,327,327,339,339,269,287,287,287,313,323,346,359,387,262,282,282,282],"floor_reached":31,"playtime":1362,"items_purged":[],"score":357,"play_id":"1ca82f64-97fa-41ba-8b4f-cc40878e17a3","local_time":"20201219141534","is_ascension_mode":true,"campfire_choices":[{"data":"Catalyst","floor":7.0,"key":"SMITH"},{"floor":10.0,"key":"REST"},{"data":"Well Laid Plans","floor":15.0,"key":"SMITH"},{"data":"Setup","floor":23.0,"key":"SMITH"}],"circlet_count":0,"master_deck":["Strike_G","Strike_G","Strike_G","Strike_G","Defend_G+1","Defend_G","Defend_G","Survivor","Neutralize","Crippling Poison","Catalyst+1","Deadly Poison+1","Setup+1","Calculated Gamble","Poisoned Stab","Well Laid Plans+1","Doppelganger","Cloak And Dagger","Malaise","Blur+1","Footwork","Bouncing Flask","Blade Dance+1","Bane+1","Malaise","Noxious Fumes","Backflip"],"relics":["Ring of the Snake","Lantern","Bronze Scales","White Beast Statue","Orichalcum","Pantograph","Black Star","Gremlin Horn","Vajra","Smiling Mask","Incense Burner","War Paint"],"acts_visited":["Exordium","TheCity"],"potions_floor_usage":[31],"damage_taken":[{"damage":0.0,"enemies":"2 Louse","floor":1.0,"turns":3.0},{"damage":16.0,"enemies":"Jaw Worm","floor":4.0,"turns":4.0},{"damage":12.0,"enemies":"Gremlin Nob","floor":6.0,"turns":4.0},{"damage":10.0,"enemies":"Lagavulin","floor":8.0,"turns":5.0},{"damage":0.0,"enemies":"Cultist","floor":11.0,"turns":2.0},{"damage":5.0,"enemies":"Blue Slaver","floor":12.0,"turns":3.0},{"damage":0.0,"enemies":"2 Fungi Beasts","floor":13.0,"turns":3.0},{"damage":10.0,"enemies":"Gremlin Nob","floor":14.0,"turns":3.0},{"damage":1.0,"enemies":"The Guardian","floor":16.0,"turns":7.0},{"damage":2.0,"enemies":"Spheric Guardian","floor":18.0,"turns":3.0},{"damage":3.0,"enemies":"Shell Parasite","floor":21.0,"turns":5.0},{"damage":45.0,"enemies":"Gremlin Leader","floor":24.0,"turns":12.0},{"damage":9.0,"enemies":"Snecko","floor":25.0,"turns":6.0},{"damage":22.0,"enemies":"Shelled Parasite and Fungi","floor":27.0,"turns":4.0},{"damage":0.0,"enemies":"Book of Stabbing","floor":28.0,"turns":5.0},{"damage":0.0,"enemies":"Centurion and Healer","floor":30.0,"turns":7.0},{"damage":0,"enemies":"3 Cultists","floor":31,"turns":3}],"seed_played":"6323926722450288704","potions_obtained":[{"floor":6.0,"key":"CunningPotion"},{"floor":8.0,"key":"Weak Potion"},{"floor":11.0,"key":"LiquidBronze"},{"floor":12.0,"key":"GhostInAJar"},{"floor":14.0,"key":"Poison Potion"},{"floor":16.0,"key":"LiquidBronze"},{"floor":18.0,"key":"Regen Potion"},{"floor":21.0,"key":"Poison Potion"},{"floor":24.0,"key":"Fire Potion"},{"floor":27.0,"key":"Ancient Potion"},{"floor":28.0,"key":"SteroidPotion"},{"floor":30.0,"key":"SkillPotion"}],"is_trial":false,"path_per_floor":["M","?","?","M","$","E","R","E","T","R","M","M","M","?","R","B",null,"M","?","$","M","?","R","E","M","T","M","E","$","M","M"],"character_chosen":"THE_SILENT","items_purchased":["Deadly Poison","Footwork","Noxious Fumes","Backflip"],"campfire_rested":1,"item_purchase_floors":[5,20,29,29],"current_hp_per_floor":[70,63,63,47,47,35,35,25,25,46,46,41,41,31,31,55,70,68,68,68,65,65,65,35,26,26,4,4,4,4,4,4],"gold":282,"neow_bonus":"RANDOM_COMMON_RELIC","is_daily":false,"chose_seed":false,"campfire_upgraded":3,"win_rate":0.0,"timestamp":1608354934,"path_taken":["M","?","?","M","?","E","R","E","T","R","M","?","M","?","R","BOSS","M","?","$","M","?","R","E","M","T","M","E","?","?","?"],"items_purchased_type":["Card","Card","Card","Card"],"build_version":"2020-12-13","purchased_purges":0,"victory":false,"max_hp_per_floor":[70,70,70,70,70,70,70,70,70,70,70,70,70,70,70,70,70,70,70,70,70,70,70,70,70,70,70,70,70,70,70,70],"card_choices":[{"not_picked":["Bane","Expertise"],"picked":"Crippling Poison","floor":1.0},{"not_picked":["Leg Sweep","Finisher"],"picked":"Catalyst","floor":4.0},{"not_picked":["PiercingWail","Tactician"],"picked":"Setup","floor":6.0},{"not_picked":["Masterful Stab","Dodge and Roll"],"picked":"Calculated Gamble","floor":8.0},{"not_picked":["Slice","Caltrops"],"picked":"Poisoned Stab","floor":11.0},{"not_picked":["Eviscerate","Predator"],"picked":"Well Laid Plans","floor":12.0},{"not_picked":["Acrobatics","Dagger Throw"],"picked":"Doppelganger","floor":13.0},{"not_picked":["Infinite Blades","Dagger Spray"],"picked":"Cloak And Dagger","floor":14.0},{"not_picked":["Night Terror","Doppelganger"],"picked":"Malaise","floor":16.0},{"not_picked":["Blade Dance","Setup"],"picked":"Blur+1","floor":18.0},{"not_picked":["Dagger Throw","Acrobatics","Dash"],"picked":"SKIP","floor":21.0},{"not_picked":["Acrobatics+1","Masterful Stab"],"picked":"Blade Dance+1","floor":24.0},{"not_picked":["Blade Dance","Night Terror"],"picked":"Bane+1","floor":25.0},{"not_picked":["Blade Dance","Heel Hook","Reflex+1"],"picked":"SKIP","floor":27.0},{"not_picked":["Deflect","Grand Finale"],"picked":"Malaise","floor":28.0},{"not_picked":["Deflect","Cloak And Dagger+1","Backflip"],"picked":"SKIP","floor":30.0}],"player_experience":78839,"relics_obtained":[{"floor":6.0,"key":"Bronze Scales"},{"floor":8.0,"key":"White Beast Statue"},{"floor":9.0,"key":"Orichalcum"},{"floor":14.0,"key":"Pantograph"},{"floor":24.0,"key":"Gremlin Horn"},{"floor":24.0,"key":"Vajra"},{"floor":26.0,"key":"Smiling Mask"},{"floor":28.0,"key":"Incense Burner"},{"floor":28.0,"key":"War Paint"}],"event_choices":[{"cards_removed":["Defend_G"],"damage_healed":0.0,"max_hp_gain":0.0,"max_hp_loss":0.0,"gold_gain":0.0,"event_name":"Golden Wing","player_choice":"Card Removal","floor":2.0,"gold_loss":0.0,"damage_taken":7.0},{"cards_removed":["Strike_G"],"damage_healed":0.0,"max_hp_gain":0.0,"max_hp_loss":0.0,"gold_gain":0.0,"event_name":"The Cleric","player_choice":"Card Removal","floor":3.0,"gold_loss":50.0,"damage_taken":0.0},{"damage_healed":0.0,"max_hp_gain":0.0,"max_hp_loss":0.0,"gold_gain":0.0,"event_name":"Dead Adventurer","player_choice":"Searched \u00271\u0027 times","floor":14.0,"gold_loss":0.0,"damage_taken":0.0},{"cards_removed":["Defend_G"],"damage_healed":0.0,"max_hp_gain":0.0,"max_hp_loss":0.0,"gold_gain":0.0,"event_name":"Back to Basics","player_choice":"Elegance","floor":19.0,"gold_loss":0.0,"damage_taken":0.0},{"damage_healed":0.0,"max_hp_gain":0.0,"max_hp_loss":0.0,"gold_gain":0.0,"event_name":"The Library","player_choice":"Read","floor":22.0,"gold_loss":0.0,"damage_taken":0.0,"cards_obtained":["Bouncing Flask"]}],"is_beta":false,"boss_relics":[{"not_picked":["Tiny House","Coffee Dripper"],"picked":"Black Star"}],"items_purged_floors":[],"is_endless":false,"potions_floor_spawned":[6,8,11,12,13,14,16,18,21,24,25,27,28,30],"killed_by":"3 Cultists","ascension_level":3}}