{"host":"lcjlbzrzh9t4oq34","time":1608342083,"event":{"mods":["2.2 Compatiblity","AchievementEnabler","Act Like it!","Aspiration","BaseMod","Better Third Choice","BetterRewards","Block Reminder","Colored Map","Colored Powertips","Conspire","Dio Mod","Downfall","Halation","HexUI Lib","Highlight Path","Hubris","Infinite Spire","Key Reminder","Minty Spire (QoL Compilation)","Pale of the Ancients","Permanent Neow","Quick Restart","Random Character Button","Rare Cards Sparkle","Relic Sorter","Reorder Act Four","Replay The Spire","Shop Mod","StSLib","SuperFastMode","The Jungle","Unknown Chances","egg","everything is the same but u backflip on backflip","slay the spire mod where everything is the same but ironclad has a cowboy hat","vexMod"],"gold_per_floor":[99,99,99,132,157,157,157,157,157],"floor_reached":8,"playtime":76,"items_purged":[],"score":75,"play_id":"5d1264f2-f0d0-4206-8fdb-19abbcd8860e","local_time":"20201218204123","is_ascension_mode":false,"campfire_choices":[{"data":"hexamod:Float","floor":1,"key":"SMITH"}],"circlet_count":0,"master_deck":["hexamod:Strike","hexamod:Strike","hexamod:Strike","hexamod:Strike","hexamod:Defend","hexamod:Defend","hexamod:Defend","hexamod:Sear","hexamod:Float+1","hexamod:HeatCrush","hexamod:GhostflameBarrier","hexamod:Firestarter"],"relics":["hexamod:SpiritBrand","downfall:HeartsMalice","Vajra","Replay:Rubber Ducky","infinitespire:BottledMercury"],"acts_visited":[],"potions_floor_usage":[],"damage_taken":[{"damage":0,"enemies":"conspire:RoseBush","floor":3,"turns":1},{"damage":0,"enemies":"3 Sentries","floor":4,"turns":1},{"damage":0,"enemies":"Cultist","floor":6,"turns":1},{"damage":0,"enemies":"Gremlin Nob","floor":8,"turns":1}],"seed_played":"4044713614583084860","potions_obtained":[{"floor":4,"key":"champ:CounterPotion"}],"is_trial":false,"path_per_floor":["R","?","M","E","T","M","T","E"],"character_chosen":"THE_SPIRIT","items_purchased":[],"campfire_rested":0,"item_purchase_floors":[],"current_hp_per_floor":[70,70,70,70,70,70,70,70,70],"gold":157,"neow_bonus":"THREE_ENEMY_KILL","is_daily":false,"chose_seed":false,"campfire_upgraded":1,"win_rate":0.0,"timestamp":1608342083,"path_taken":["R","?","?","E","?","M","T","E"],"items_purchased_type":[],"build_version":"2020-12-13","purchased_purges":0,"victory":false,"max_hp_per_floor":[70,70,70,70,70,70,70,70,70],"card_choices":[{"not_picked":["hexamod:ThermalTransfer","hexamod:Firestarter"],"picked":"hexamod:HeatCrush","floor":3},{"not_picked":["hexamod:FastForward","hexamod:Again"],"picked":"hexamod:GhostflameBarrier","floor":4},{"not_picked":["hexamod:PhantomCloak","hexamod:Haunt"],"picked":"hexamod:Firestarter","floor":6}],"player_experience":1064906,"relics_obtained":[{"floor":4,"key":"Vajra"},{"floor":5,"key":"Replay:Rubber Ducky"},{"floor":7,"key":"infinitespire:BottledMercury"}],"event_choices":[{"cards_removed":["hexamod:Defend"],"damage_healed":0,"gold_gain":0,"player_choice":"Purged","damage_taken":0,"max_hp_gain":0,"max_hp_loss":0,"event_name":"Purifier","floor":2,"gold_loss":0}],"is_beta":false,"boss_relics":[],"items_purged_floors":[],"is_endless":false,"potions_floor_spawned":[4],"killed_by":"Gremlin Nob","ascension_level":0}}