{"host":"fhq3k2nq5elnbks3","time":1608352829,"event":{"mods":["2.2 Compatiblity","AchievementEnabler","Act Like it!","AlwaysNeverKeys","Astrologer","Bartender","BaseMod","Better Altar","Better Skull","Better Vampires","Better-Laid Plans","Block Reminder","CapriCore","Card Filter","CatGirl Mod","Chen","Colored Powertips","Displayed Cursed Tome","Ekko","Eldritch Tears","Fiend Mod","Fireblade Mod","Friendly Minions","FutureSeer","GifTheSpireLib","Gremlin Skip","Hallownest","Hermit","Hunter ??","JesterMod","Koishi","Magitek Elite","Minty Spire (QoL Compilation)","Nova Terra(??·??)","Onozuka Komachi Mod","Permanent Neow","QueenMod","Quick Restart","Relic Filter","Robot Space Explorer","Ruin Mod","SOS???????","Shop Mod","StSLib","SuperFastMode","Td1madao Mod","The Administrix","The Cursed","The Fake Hero","The Forsaken","The Necromancer","The Trickster","TheFirefly","Transform Curses","Uncapped","Unknown Chances","Wandering Minibosses","Yohane!"],"gold_per_floor":[112,112,112,42,42,77,77,77,129,155,155,181,181,215,215,318,318,332,332,146,146,66,92,92,92,92],"floor_reached":25,"playtime":1208,"items_purged":[],"score":289,"play_id":"9adaa682-ca1a-4fed-9bab-42aac0d2741f","local_time":"20201218224029","daily_mods":["Heirloom","Time Dilation","Flight"],"is_ascension_mode":false,"campfire_choices":[{"data":"QueenMod:Recruit","floor":7,"key":"SMITH"},{"data":"QueenMod:Mark","floor":8,"key":"SMITH"},{"data":"QueenMod:PopulateOrder","floor":13,"key":"SMITH"},{"data":"QueenMod:QuickJabs","floor":15,"key":"SMITH"},{"data":"QueenMod:WarriorDrones","floor":24,"key":"SMITH"}],"circlet_count":0,"master_deck":["QueenMod:Strike","QueenMod:Strike","QueenMod:Defend","QueenMod:Defend","QueenMod:Defend","QueenMod:QuickJabs+1","QueenMod:Recruit+1","QueenMod:Mark+1","QueenMod:Charge","QueenMod:PopulateOrder+1","QueenMod:WarriorDrones+1","Hallownest:skillCityofTearsMap"],"relics":["QueenMod:QueensBanner","Shovel","Hallownest:StagBellRelic1","Lantern","theForsaken:Gavel","Pantograph","Protect_Vest","Bag of Marbles","Coffee Dripper","MerchantsRug","theForsaken:Lifeblossom","Kunai"],"acts_visited":["Hallownest:Greenpath","Hallownest:CityofTears"],"potions_floor_usage":[],"damage_taken":[{"damage":0,"enemies":"Hallownest:2_MossCreeps","floor":1,"turns":6},{"damage":17,"enemies":"Hallownest:eliteMossKnight","floor":6,"turns":21},{"damage":13,"enemies":"Hallownest:eliteCrystalGuardian","floor":10,"turns":4},{"damage":0,"enemies":"Hallownest:eliteVengeflyKing","floor":12,"turns":5},{"damage":0,"enemies":"Hallownest:eliteMossKnight","floor":14,"turns":4},{"damage":7,"enemies":"Hallownest:BossBrokenVessel","floor":16,"turns":6},{"damage":0,"enemies":"Hallownest:2_Mistakes","floor":18,"turns":3},{"damage":24,"enemies":"Hallownest:eliteSoulWarrior","floor":23,"turns":3},{"damage":0,"enemies":"Hallownest:Nosk","floor":25,"turns":1}],"seed_played":"-4000016387505546111","potions_obtained":[{"floor":6,"key":"LiquidBronze"},{"floor":14,"key":"Explosive Potion"},{"floor":23,"key":"PowerPotion"}],"is_trial":true,"path_per_floor":["M","?","?","?","?","E","R","R","T","E","T","E","R","E","R","B",null,"M","?","$","?","?","E","R","E"],"character_chosen":"THE_QUEEN","items_purchased":["MerchantsRug","theForsaken:Lifeblossom"],"campfire_rested":0,"item_purchase_floors":[20,20],"current_hp_per_floor":[75,75,66,66,66,49,49,49,49,36,36,36,36,36,36,54,75,75,75,75,71,71,51,51,51,51],"gold":92,"neow_bonus":"","is_daily":false,"chose_seed":false,"campfire_upgraded":5,"win_rate":0.0,"timestamp":1608352829,"path_taken":["M","?","?","?","?","E","R","R","T","E","?","E","R","E","R","BOSS","M","?","$","?","?","E","R","E"],"items_purchased_type":["Relic","Relic"],"build_version":"2020-12-13","purchased_purges":0,"victory":false,"max_hp_per_floor":[75,75,75,75,75,75,75,75,75,75,75,75,75,75,75,75,75,75,75,75,75,75,75,75,75,75],"card_choices":[{"not_picked":["QueenMod:CrossGuard","QueenMod:PollenBlast"],"picked":"QueenMod:Mark","floor":1},{"not_picked":["QueenMod:CrossGuard","QueenMod:Fleche","QueenMod:OverwhelmingForce"],"picked":"SKIP","floor":6},{"not_picked":["QueenMod:Beekeeping","QueenMod:IAmTheSwarm"],"picked":"QueenMod:Charge","floor":10},{"not_picked":["QueenMod:Beekeeping","QueenMod:Fleche"],"picked":"QueenMod:PopulateOrder","floor":12},{"not_picked":["QueenMod:CrossGuard","QueenMod:HonorGuard","QueenMod:Feint"],"picked":"SKIP","floor":14},{"not_picked":["QueenMod:HoldPosition","QueenMod:ChainStrike+1"],"picked":"QueenMod:WarriorDrones","floor":18},{"not_picked":["QueenMod:Rally+1","QueenMod:HiveNetwork","QueenMod:Ambush"],"picked":"SKIP","floor":23},{"not_picked":["QueenMod:Rally+1","QueenMod:HiveNetwork","QueenMod:Ambush"],"picked":"SKIP","floor":23}],"player_experience":252230,"relics_obtained":[{"floor":6,"key":"Lantern"},{"floor":9,"key":"theForsaken:Gavel"},{"floor":10,"key":"Pantograph"},{"floor":11,"key":"Protect_Vest"},{"floor":12,"key":"Du-Vu Doll"},{"floor":14,"key":"Bag of Marbles"},{"floor":23,"key":"Kunai"}],"event_choices":[],"is_beta":false,"boss_relics":[{"not_picked":["Calling Bell","Busted Crown"],"picked":"Coffee Dripper"}],"items_purged_floors":[],"is_endless":false,"potions_floor_spawned":[6,14,23],"killed_by":"Hallownest:Nosk","ascension_level":0}}