{"host":"lg1piimdyocafd6j","time":1608383527,"event":{"mods":["AchievementEnabler","BaseMod","Better Third Choice","BetterRewards","Colored Map","Colored Powertips","Downfall","Minty Spire (QoL Compilation)","Quick Restart","Rare Cards Sparkle","StSLib","SuperFastMode"],"gold_per_floor":[119,119,134,61,78,78,112,137,137,154,154,165,9,20,20,117,117,136,42,53,53,53,78,78,38,38,138,138,149,149,161,161,261,261,273,293,293,293],"floor_reached":37,"playtime":2037,"items_purged":["Defend_B"],"score":408,"play_id":"edc3d6fe-873b-4de8-acf0-79c8ab569d4c","local_time":"20201219141207","is_ascension_mode":true,"campfire_choices":[{"data":"Static Discharge","floor":6,"key":"SMITH"},{"floor":15,"key":"RECALL"},{"floor":24,"key":"REST"},{"data":"Electrodynamics","floor":28,"key":"SMITH"},{"data":"Consume","floor":30,"key":"SMITH"},{"data":"Buffer","floor":32,"key":"SMITH"}],"circlet_count":0,"master_deck":["Strike_B+1","Defend_B","Zap","Static Discharge+1","Self Repair","Self Repair","Self Repair","Capacitor","Hello World","Conserve Battery","Electrodynamics+1","Coolheaded+1","Glacier+1","All For One+1","Gash","Loop","Gash","Buffer+1","Capacitor","Turbo","Consume+1","Ball Lightning+1","Seek","Reinforced Body+1"],"relics":["Cracked Core","Whetstone","Pen Nib","Astrolabe","Gambling Chip","HornCleat","Unceasing Top","Molten Egg 2","Inserter"],"acts_visited":["Exordium","TheCity","TheBeyond"],"potions_floor_usage":[7,12,18,20,27,27,33],"damage_taken":[{"damage":2,"enemies":"Jaw Worm","floor":1,"turns":4},{"damage":4,"enemies":"Cultist","floor":3,"turns":4},{"damage":7,"enemies":"2 Louse","floor":5,"turns":3},{"damage":20,"enemies":"Lagavulin","floor":7,"turns":6},{"damage":19,"enemies":"Blue Slaver","floor":10,"turns":2},{"damage":11,"enemies":"Exordium Thugs","floor":12,"turns":3},{"damage":23,"enemies":"Exordium Wildlife","floor":14,"turns":3},{"damage":32,"enemies":"Hexaghost","floor":16,"turns":8},{"damage":23,"enemies":"Spheric Guardian","floor":18,"turns":4},{"damage":29,"enemies":"Shell Parasite","floor":20,"turns":5},{"damage":43,"enemies":"Slavers","floor":23,"turns":5},{"damage":18,"enemies":"Colosseum Slavers","floor":27,"turns":5},{"damage":21,"enemies":"Colosseum Nobs","floor":27,"turns":5},{"damage":29,"enemies":"Centurion and Healer","floor":29,"turns":7},{"damage":0,"enemies":"3 Cultists","floor":31,"turns":3},{"damage":44,"enemies":"Collector","floor":33,"turns":8},{"damage":30,"enemies":"3 Darklings","floor":35,"turns":2},{"damage":0,"enemies":"Orb Walker","floor":36,"turns":4},{"damage":41,"enemies":"2 Orb Walkers","floor":37,"turns":4}],"seed_played":"-5536798973185340944","potions_obtained":[{"floor":1,"key":"Explosive Potion"},{"floor":10,"key":"DistilledChaos"},{"floor":12,"key":"Swift Potion"},{"floor":16,"key":"Ancient Potion"},{"floor":18,"key":"PotionOfCapacity"},{"floor":23,"key":"FearPotion"},{"floor":29,"key":"Block Potion"}],"is_trial":false,"path_per_floor":["M","?","M","$","M","R","E","T","T","M","?","M","$","M","R","B",null,"M","$","M","?","?","E","R","$","T","?","R","M","R","M","R","B",null,"M","M","?"],"character_chosen":"DEFECT","items_purchased":["Self Repair","Hello World","Gash","Loop","Capacitor"],"campfire_rested":1,"item_purchase_floors":[4,13,19,19,25],"current_hp_per_floor":[73,73,69,69,75,75,69,69,69,64,57,67,67,65,65,54,75,73,73,65,65,65,43,65,65,65,61,61,53,53,67,67,44,75,59,59,18,18],"gold":293,"neow_bonus":"REMOVE_CARD","is_daily":false,"chose_seed":false,"campfire_upgraded":4,"win_rate":0.0,"timestamp":1608383527,"path_taken":["M","?","M","$","?","R","E","?","T","M","?","M","?","M","R","BOSS","M","$","M","?","?","E","R","?","T","?","R","M","R","M","R","BOSS","M","M","?"],"items_purchased_type":["Card","Card","Card","Card","Card"],"build_version":"2020-12-13","purchased_purges":1,"victory":false,"max_hp_per_floor":[75,75,75,75,75,75,75,75,75,75,75,75,75,75,75,75,75,75,75,75,75,75,75,75,75,75,75,75,75,75,75,75,75,75,75,75,75,75],"card_choices":[{"not_picked":["Barrage","Leap"],"picked":"Static Discharge","floor":1},{"not_picked":["Rebound","Streamline"],"picked":"Self Repair","floor":3},{"not_picked":["Skim","Beam Cell","Sweeping Beam"],"picked":"SKIP","floor":5},{"not_picked":["Reprogram","Compile Driver"],"picked":"Self Repair","floor":7},{"not_picked":["Streamline","Undo","Hologram"],"picked":"SKIP","floor":10},{"not_picked":["Rip and Tear","Stack"],"picked":"Capacitor","floor":12},{"not_picked":["Go for the Eyes","Undo"],"picked":"Conserve Battery","floor":14},{"not_picked":["Biased Cognition","Hyperbeam"],"picked":"Electrodynamics","floor":16},{"not_picked":["Skim","Barrage","Go for the Eyes"],"picked":"SKIP","floor":18},{"not_picked":["Compile Driver","Steam+1"],"picked":"Gash","floor":20},{"not_picked":["Heatsinks+1","FTL"],"picked":"Buffer","floor":23},{"not_picked":["Compile Driver+1","Sweeping Beam+1"],"picked":"Turbo","floor":27},{"not_picked":["Barrage+1","Redo"],"picked":"Consume","floor":29},{"not_picked":["Hologram","Cold Snap+1"],"picked":"Ball Lightning+1","floor":31},{"not_picked":["Multi-Cast","Fission"],"picked":"Seek","floor":33},{"not_picked":["Tempest","Capacitor"],"picked":"Reinforced Body+1","floor":35},{"not_picked":["Coolheaded","BootSequence+1","Compile Driver+1"],"picked":"SKIP","floor":36}],"player_experience":193290,"relics_obtained":[{"floor":7,"key":"Whetstone"},{"floor":9,"key":"Pen Nib"},{"floor":23,"key":"Gambling Chip"},{"floor":26,"key":"HornCleat"},{"floor":27,"key":"Unceasing Top"},{"floor":27,"key":"Molten Egg 2"}],"event_choices":[{"cards_removed":["Strike_B"],"damage_healed":0,"gold_gain":0,"player_choice":"Purged","damage_taken":0,"max_hp_gain":0,"max_hp_loss":0,"event_name":"Purifier","floor":2,"gold_loss":0},{"cards_removed":["Strike_B"],"damage_healed":0,"gold_gain":0,"player_choice":"Card Removal","damage_taken":7,"max_hp_gain":0,"max_hp_loss":0,"event_name":"Golden Wing","floor":11,"gold_loss":0},{"damage_healed":0,"gold_gain":0,"player_choice":"Ignored","damage_taken":0,"max_hp_gain":0,"max_hp_loss":0,"event_name":"The Mausoleum","floor":21,"gold_loss":0},{"damage_healed":0,"gold_gain":0,"player_choice":"Adaptability","damage_taken":0,"max_hp_gain":0,"max_hp_loss":0,"event_name":"betterThird:BetterWriting","floor":22,"gold_loss":0},{"damage_healed":0,"gold_gain":0,"player_choice":"Fight","damage_taken":0,"max_hp_gain":0,"max_hp_loss":0,"event_name":"Colosseum","floor":27,"gold_loss":0},{"damage_healed":0,"gold_gain":0,"player_choice":"Fought Nobs","damage_taken":0,"max_hp_gain":0,"max_hp_loss":0,"event_name":"Colosseum","floor":27,"gold_loss":0},{"damage_healed":0,"gold_gain":0,"player_choice":"Fight","damage_taken":0,"max_hp_gain":0,"max_hp_loss":0,"event_name":"Mysterious Sphere","floor":37,"gold_loss":0}],"is_beta":false,"boss_relics":[{"not_picked":["SacredBark","Tiny House"],"picked":"Astrolabe"},{"not_picked":["Velvet Choker","FrozenCore"],"picked":"Inserter"}],"items_purged_floors":[13],"is_endless":false,"potions_floor_spawned":[1,10,12,16,18,23,29],"killed_by":"2 Orb Walkers","ascension_level":1}}