{"host":"0rxdudjy6rylha1k","time":1608419551,"event":{"mods":["Aspiration","BaseMod","Colored Map","Colored Powertips","Downfall","Highlight Path","Hubris","Minty Spire (QoL Compilation)","StSLib"],"gold_per_floor":[99,126,126,126,158,83,83,83,99,128,228,228,0,20,37,134,134,134,162,177,202,202,222,222,222,322,322,407,37,37,37,54,158,158,158,158,187,205,270,290,290,315,315,343,393,393,294,294,314,314],"floor_reached":51,"playtime":13140,"items_purged":["champ:Strike","champ:Strike","Grand Finale"],"score":1310,"play_id":"93874414-1ca5-4d10-bf93-cadf9d591fe2","local_time":"20201219161231","is_ascension_mode":true,"campfire_choices":[{"floor":1.0,"key":"RECALL"},{"data":"champ:Taunt","floor":6.0,"key":"SMITH"},{"data":"champ:VampiricStrike","floor":18.0,"key":"SMITH"},{"data":"champ:VampiricStrike","floor":22.0,"key":"SMITH"},{"data":"champ:RapidStrikes","floor":25.0,"key":"SMITH"},{"data":"champ:RapidStrikes","floor":27.0,"key":"SMITH"},{"data":"champ:DefensiveStyle","floor":35.0,"key":"SMITH"},{"data":"champ:Lariat","floor":43,"key":"SMITH"}],"circlet_count":0,"master_deck":["champ:Defend","champ:Defend","champ:Defend","champ:Execute","champ:Taunt+1","champ:Control","champ:GladiatorsShout","champ:StanceDance","champ:Haymaker","champ:DefensiveShout","champ:Taunt","champ:IronFortress","champ:Backstep","champ:VampiricStrike+1","champ:RapidStrikes+1","champ:Aggression","champ:VampiricStrike+1","champ:Riposte+1","champ:Encircle+1","champ:RapidStrikes+1","champ:Lariat+1","champ:IronFortress","champ:DefensiveStyle+1","champ:SwordThrow","champ:PreciseThrust+1","champ:EnchantShield","champ:Shatter+1","Flying Knee","Expertise","champ:Haymaker+1","champ:DefensiveStyle"],"relics":["champ:ChampionCrown","downfall:HeartsMalice","Juzu Bracelet","Sundial","downfall:HeartBlessingRed","MealTicket","hubris:Icosahedron","aspiration:ChemicalBlood","White Beast Statue","Runic Pyramid","Ancient Tea Set","hubris:PeanutButter","Turnip","Bronze Scales","downfall:KnowingSkull","SlaversCollar","hubris:Towel","Toy Ornithopter","hubris:SlimyHat","Lizard Tail","Strawberry","aspiration:FrozenJewel","champ:GladiatorsBookOfMartialProwess","Oddly Smooth Stone","champ:FightingForDummies"],"acts_visited":["Exordium","TheCity","TheBeyond"],"potions_floor_usage":[39,39,39,39,40,40,40,42,44,44,44,44,45,45,45,47,49,49,49,49,50,50,50,50,50],"damage_taken":[{"damage":0.0,"enemies":"Lagavulin","floor":2.0,"turns":1.0},{"damage":0.0,"enemies":"2 Louse","floor":3.0,"turns":1.0},{"damage":0.0,"enemies":"Cultist","floor":4.0,"turns":1.0},{"damage":20.0,"enemies":"3 Sentries","floor":5.0,"turns":6.0},{"damage":9.0,"enemies":"Jaw Worm","floor":9.0,"turns":3.0},{"damage":16.0,"enemies":"Lagavulin","floor":10.0,"turns":5.0},{"damage":31.0,"enemies":"downfall:LadyInBlue","floor":11.0,"turns":6.0},{"damage":5.0,"enemies":"downfall:FleeingMerchant","floor":13.0,"turns":4.0},{"damage":0.0,"enemies":"2 Fungi Beasts","floor":14.0,"turns":3.0},{"damage":5.0,"enemies":"Large Slime","floor":15.0,"turns":4.0},{"damage":29.0,"enemies":"downfall:Silent","floor":16.0,"turns":8.0},{"damage":17.0,"enemies":"Slavers","floor":19.0,"turns":5.0},{"damage":5.0,"enemies":"Shell Parasite","floor":20.0,"turns":2.0},{"damage":32.0,"enemies":"Gremlin Leader","floor":21.0,"turns":6.0},{"damage":11.0,"enemies":"Snake Plant","floor":23.0,"turns":4.0},{"damage":0.0,"enemies":"downfall:FleeingMerchant","floor":29.0,"turns":4.0},{"damage":4.0,"enemies":"Centurion and Healer","floor":32.0,"turns":4.0},{"damage":27.0,"enemies":"downfall:Watcher","floor":33.0,"turns":7.0},{"damage":37.0,"enemies":"Giant Head","floor":37.0,"turns":6.0},{"damage":14.0,"enemies":"Orb Walker","floor":38.0,"turns":3.0},{"damage":56,"enemies":"Reptomancer","floor":39,"turns":5},{"damage":31,"enemies":"3 Darklings","floor":40,"turns":4},{"damage":0,"enemies":"Nemesis","floor":42,"turns":1},{"damage":16,"enemies":"Reptomancer","floor":44,"turns":6},{"damage":27,"enemies":"Mind Bloom Boss Battle","floor":45,"turns":7},{"damage":12,"enemies":"downfall:FleeingMerchant","floor":47,"turns":4},{"damage":50,"enemies":"Writhing Mass","floor":49,"turns":5},{"damage":47,"enemies":"downfall:Defect","floor":50,"turns":4}],"seed_played":"-9048138410943932667","potions_obtained":[{"floor":2.0,"key":"ColorlessPotion"},{"floor":5.0,"key":"Weak Potion"},{"floor":9.0,"key":"Regen Potion"},{"floor":13.0,"key":"PowerPotion"},{"floor":14.0,"key":"LiquidMemories"},{"floor":15.0,"key":"sneckomod:MuddlingPotion"},{"floor":16.0,"key":"SteroidPotion"},{"floor":16.0,"key":"Fire Potion"},{"floor":19.0,"key":"champ:CounterPotion"},{"floor":20.0,"key":"champ:CounterPotion"},{"floor":21.0,"key":"GamblersBrew"},{"floor":23.0,"key":"FearPotion"},{"floor":29.0,"key":"Ancient Potion"},{"floor":32.0,"key":"Fire Potion"},{"floor":33.0,"key":"ColorlessPotion"},{"floor":37.0,"key":"Swift Potion"},{"floor":38.0,"key":"Fire Potion"},{"floor":39,"key":"Energy Potion"},{"floor":40,"key":"EntropicBrew"},{"floor":42,"key":"sneckomod:MuddlingPotion"},{"floor":45,"key":"Regen Potion"},{"floor":47,"key":"EssenceOfSteel"},{"floor":49,"key":"Regen Potion"},{"floor":49,"key":"SpeedPotion"}],"is_trial":false,"path_per_floor":["R","E","M","M","E","R","T","?","M","E","?","?","$","M","M","B",null,"R","E","M","E","R","M","T","R","?","R","?","$","?","?","M","B",null,"R","?","E","M","E","M","T","E","R","E","?","?","$","?","M","B",null],"character_chosen":"THE_CHAMP","items_purchased":["champ:VampiricStrike","champ:Lariat","Bronze Scales","champ:IronFortress","Oddly Smooth Stone","champ:FightingForDummies"],"campfire_rested":0,"item_purchase_floors":[13,29,29,29,47,47],"current_hp_per_floor":[90,90,90,90,75,75,75,75,71,77,56,56,71,83,90,80,88,88,90,90,90,90,81,81,81,81,81,63,90,81,81,90,90,90,90,90,76,90,90,71,71,83,83,97,97,97,97,97,87,102],"gold":314,"neow_bonus":"THREE_ENEMY_KILL","is_daily":false,"chose_seed":false,"campfire_upgraded":7,"win_rate":0.0,"timestamp":1608419551,"path_taken":["R","E","M","M","E","R","T","?","M","E","?","?","$","M","M","BOSS","R","E","M","E","R","M","T","R","?","R","?","$","?","?","M","BOSS","R","?","E","M","E","M","T","E","R","E","?","?","$","?","M","BOSS"],"items_purchased_type":["Card","Card","Relic","Card","Relic","Relic"],"build_version":"2020-12-13","purchased_purges":3,"victory":true,"max_hp_per_floor":[90,90,90,90,90,90,90,90,90,90,90,90,90,90,90,90,90,90,90,90,90,90,90,90,90,90,90,90,90,90,90,90,90,90,90,90,90,90,90,90,90,97,97,97,97,97,97,97,102,102],"card_choices":[{"not_picked":["champ:CalledShot","champ:BringItOn"],"picked":"champ:Control","floor":2.0},{"not_picked":["champ:Encircle","champ:TornadoPunch"],"picked":"champ:GladiatorsShout","floor":3.0},{"not_picked":["champ:Backstep","champ:BladeFlurry","champ:GladiatorStyle"],"picked":"SKIP","floor":4.0},{"not_picked":["champ:GladiatorsShout","champ:PerfectForm"],"picked":"champ:StanceDance","floor":5.0},{"not_picked":["champ:FocusedBerserking","champ:EndlessRage"],"picked":"champ:Haymaker","floor":9.0},{"not_picked":["champ:Backstep","champ:SwordSigil"],"picked":"champ:DefensiveShout","floor":10.0},{"not_picked":["champ:Shatter","champ:DeathBlow"],"picked":"champ:Backstep","floor":13.0},{"not_picked":["champ:CalledShot","champ:StanceDance"],"picked":"champ:RapidStrikes","floor":14.0},{"not_picked":["champ:CalledShot","champ:PerfectedStrike"],"picked":"champ:Aggression","floor":15.0},{"not_picked":["champ:CheapShot","champ:Devastate"],"picked":"champ:VampiricStrike","floor":16.0},{"not_picked":["champ:Backstep","champ:EnragedBash"],"picked":"champ:Riposte+1","floor":19.0},{"not_picked":["champ:FocusedGladiator","champ:StanceDance"],"picked":"champ:Encircle+1","floor":20.0},{"not_picked":["champ:LastStand","champ:PerfectedStrike+1"],"picked":"champ:RapidStrikes","floor":21.0},{"not_picked":["champ:Backstep","champ:GutPunch+1","champ:DeathBlow"],"picked":"SKIP","floor":23.0},{"not_picked":["champ:GladiatorStyle","champ:BladeFlurry","champ:HeartStrike"],"picked":"SKIP","floor":29.0},{"not_picked":["champ:DefensiveShout+1","champ:CrookedStrike+1"],"picked":"champ:DefensiveStyle","floor":32.0},{"not_picked":["champ:LastStand","champ:PerfectForm"],"picked":"champ:SwordThrow","floor":33.0},{"not_picked":["champ:BringItOn+1","champ:RecklessLeap+1"],"picked":"champ:PreciseThrust+1","floor":37.0},{"not_picked":["champ:CrookedStrike+1","champ:FightOn","champ:FocusedGladiator+1"],"picked":"SKIP","floor":38.0},{"not_picked":["champ:ShieldSigil","champ:PerfectedStrike","champ:DefensiveShout"],"picked":"SKIP","floor":39},{"not_picked":["champ:BringItOn","champ:GladiatorsShout+1","champ:StanceDance"],"picked":"SKIP","floor":40},{"not_picked":["champ:Lariat","champ:RecklessLeap","champ:StanceDance"],"picked":"SKIP","floor":42},{"not_picked":["champ:CrookedStrike+1","champ:RisingSlash"],"picked":"champ:EnchantShield","floor":44},{"not_picked":["champ:Circumvent","champ:AdrenalArmor"],"picked":"champ:Shatter+1","floor":45},{"not_picked":["champ:SwordThrow","champ:GladiatorsShout"],"picked":"champ:Haymaker+1","floor":47},{"not_picked":["champ:Haymaker+1","champ:GladiatorsShout"],"picked":"champ:DefensiveStyle","floor":49}],"player_experience":2305040,"relics_obtained":[{"floor":2.0,"key":"Juzu Bracelet"},{"floor":5.0,"key":"Sundial"},{"floor":7.0,"key":"MealTicket"},{"floor":10.0,"key":"aspiration:ChemicalBlood"},{"floor":11.0,"key":"White Beast Statue"},{"floor":19.0,"key":"Ancient Tea Set"},{"floor":21.0,"key":"hubris:PeanutButter"},{"floor":24.0,"key":"Turnip"},{"floor":37.0,"key":"Toy Ornithopter"},{"floor":39,"key":"hubris:SlimyHat"},{"floor":41,"key":"Lizard Tail"},{"floor":42,"key":"Strawberry"},{"floor":44,"key":"aspiration:FrozenJewel"},{"floor":45,"key":"champ:GladiatorsBookOfMartialProwess"}],"event_choices":[],"is_beta":false,"boss_relics":[{"not_picked":["Empty Cage","Coffee Dripper"],"picked":"Runic Pyramid"},{"not_picked":["Velvet Choker","hubris:GrandSneckoEye"],"picked":"SlaversCollar"}],"items_purged_floors":[13,29,47],"is_endless":false,"potions_floor_spawned":[2,5,9,13,14,15,16,19,20,21,23,29,32,33,37,38,39,40,42,44,45,47,49],"ascension_level":5}}