{"host":"sum4dy402bbv9y4o","time":1608387985,"event":{"mods":["Aspiration","BaseMod","Conspire","Highlight Path","Minty Spire (QoL Compilation)","StSLib"],"gold_per_floor":[112,128,0,10,29,29,62,62,89,116,128,156,5,19,19,98,98,114,132,132,20,20,40,40,40],"floor_reached":24,"playtime":697,"items_purged":[],"score":416,"play_id":"498e6396-1f07-4437-bd21-502ffed73065","local_time":"20201219172625","is_ascension_mode":true,"campfire_choices":[{"data":"Eruption","floor":6,"key":"SMITH"},{"data":"Adaptation","floor":11,"key":"SMITH"},{"data":"Wallop","floor":15,"key":"SMITH"}],"circlet_count":0,"master_deck":["AscendersBane","Eruption+1","Vigilance","Adaptation+1","CrushJoints","Wallop+1","FlurryOfBlows","SashWhip","Consecrate+1","SandsOfTime","EmptyFist","LessonLearned","Halt","CarveReality","Collect","Judgement","FearNoEvil+1","FlyingSleeves","Protect","Devotion","Wish","BowlingBash","MentalFortress","JustLucky","Writhe","Halt"],"relics":["PureWater","aspiration:Nostalgia","Burning Blood","Turnip","conspire:TopHat","MawBank","Pandora\u0027s Box","Calipers"],"acts_visited":["Exordium","TheCity"],"potions_floor_usage":[5,10,16,16,23,24,24],"damage_taken":[{"damage":0,"enemies":"Cultist","floor":1,"turns":3},{"damage":0,"enemies":"Small Slimes","floor":2,"turns":2},{"damage":2,"enemies":"Jaw Worm","floor":4,"turns":5},{"damage":0,"enemies":"Blue Slaver","floor":5,"turns":3},{"damage":13,"enemies":"Gremlin Nob","floor":7,"turns":4},{"damage":20,"enemies":"3 Sentries","floor":10,"turns":4},{"damage":0,"enemies":"Large Slime","floor":12,"turns":3},{"damage":3,"enemies":"3 Louse","floor":14,"turns":2},{"damage":24,"enemies":"Hexaghost","floor":16,"turns":5},{"damage":10,"enemies":"2 Thieves","floor":18,"turns":5},{"damage":27,"enemies":"Shell Parasite","floor":19,"turns":5},{"damage":5,"enemies":"Centurion and Healer","floor":23,"turns":8},{"damage":37,"enemies":"Book of Stabbing","floor":24,"turns":4}],"seed_played":"3765203882684402522","potions_obtained":[{"floor":2,"key":"AttackPotion"},{"floor":4,"key":"Fire Potion"},{"floor":7,"key":"FearPotion"},{"floor":10,"key":"ColorlessPotion"},{"floor":18,"key":"PowerPotion"},{"floor":23,"key":"SpeedPotion"}],"is_trial":false,"path_per_floor":["M","M","$","M","M","R","E","?","T","E","R","M","$","M","R","B",null,"M","M","?","$","?","M","E"],"character_chosen":"WATCHER","items_purchased":["Wallop","SkillPotion","LessonLearned","JustLucky","LiquidMemories"],"campfire_rested":0,"item_purchase_floors":[3,3,13,21,21],"current_hp_per_floor":[67,68,68,68,68,68,61,61,61,47,47,53,53,56,56,38,61,57,36,36,36,36,37,0,0],"gold":40,"neow_bonus":"NOSTALGIA","is_daily":false,"chose_seed":false,"campfire_upgraded":3,"win_rate":0.0,"timestamp":1608387985,"path_taken":["M","M","$","M","?","R","E","?","T","E","R","?","?","M","R","BOSS","M","M","?","$","?","M","E"],"items_purchased_type":["Card","Potion","Card","Card","Potion"],"build_version":"2020-12-13","purchased_purges":0,"victory":false,"max_hp_per_floor":[68,68,68,68,68,68,68,68,68,68,68,68,68,68,68,68,68,68,68,68,68,68,68,68,68],"card_choices":[{"not_picked":["EmptyBody","Halt"],"picked":"Adaptation","floor":1},{"not_picked":["Evaluate","Protect"],"picked":"CrushJoints","floor":2},{"not_picked":["Prostrate","ClearTheMind"],"picked":"FlurryOfBlows","floor":4},{"not_picked":["PathToVictory","Evaluate"],"picked":"SashWhip","floor":5},{"not_picked":["PathToVictory","SashWhip"],"picked":"Consecrate","floor":7},{"not_picked":["InnerPeace","PathToVictory"],"picked":"SandsOfTime","floor":10},{"not_picked":["CrushJoints","Wish"],"picked":"EmptyFist","floor":12},{"not_picked":["Weave","CutThroughFate"],"picked":"Halt","floor":14},{"not_picked":["Vengeance","DeceiveReality"],"picked":"BowlingBash","floor":18},{"not_picked":["Evaluate+1","ThirdEye"],"picked":"MentalFortress","floor":19},{"not_picked":["PathToVictory","CutThroughFate"],"picked":"Halt","floor":23}],"player_experience":2825747,"relics_obtained":[{"floor":7,"key":"Turnip"},{"floor":9,"key":"conspire:TopHat"},{"floor":10,"key":"MawBank"}],"event_choices":[{"damage_healed":0,"gold_gain":0,"player_choice":"Got Potions","damage_taken":0,"max_hp_gain":0,"max_hp_loss":0,"event_name":"Lab","floor":8,"gold_loss":0},{"damage_healed":0,"gold_gain":0,"player_choice":"Ignored","damage_taken":0,"max_hp_gain":0,"max_hp_loss":0,"event_name":"Vampires","floor":20,"gold_loss":0},{"damage_healed":0,"gold_gain":0,"player_choice":"Opened","damage_taken":0,"relics_obtained":["Calipers"],"max_hp_gain":0,"max_hp_loss":0,"event_name":"The Mausoleum","floor":22,"gold_loss":0,"cards_obtained":["Writhe"]}],"is_beta":false,"boss_relics":[{"not_picked":["Cursed Key","Runic Dome"],"picked":"Pandora\u0027s Box"}],"items_purged_floors":[],"is_endless":false,"potions_floor_spawned":[2,4,7,10,18,23],"killed_by":"Book of Stabbing","ascension_level":20}}