{"host":"htqwg582tjjtn9p7","time":1608401984,"event":{"mods":["2.2 Compatiblity","AchievementEnabler","Act Like it!","Aspiration","BaseMod","Better Third Choice","Colored Map","Conspire","Curses Come First","Displayed Cursed Tome","Energized Spire","Force Act Four","GifTheSpireLib","Hermit","Highlight Path","JesterMod","Mad Scientist","Minty Spire (QoL Compilation)","Pale of the Ancients","Permanent Neow","Random Character Button","Relic Stats","Replay The Spire","Robot Space Explorer","Somnambulant","Spicy Shops","Spikes Relics","StSLib","Stuff the Spire","The Blue Laboratory","The Disciple","The Dragon Tamer","The Forsaken","The Gatherer","The Judge","The Jungle","The Runesmith","The Servant 0.9.4"],"gold_per_floor":[117,130,38,38,50,50,79,79,102,134,134,145,145,158,158,234,234,245,245,245,295,42,42,56,90,90,16,42,57,57,75,75,149,149,168,168,13,27,37,37,67,117,117,150,150,3,3,22,22,22,36,54,54,54,54,69,69,96,96,96],"floor_reached":61,"playtime":2860,"items_purged":[],"score":2157,"play_id":"f89738e2-99b1-456e-8d71-c0e41edc004f","local_time":"20201219191944","is_ascension_mode":true,"campfire_choices":[{"data":"somnambulantmod: QuickNap","floor":6.0,"key":"SMITH"},{"data":"StuffTheSpire:DoubleShiv","floor":8.0,"key":"SMITH"},{"floor":11.0,"key":"REST"},{"data":"ReplayTheSpireMod:Scrap Shanks","floor":13.0,"key":"SMITH"},{"floor":15.0,"key":"REST"},{"floor":23.0,"key":"REST"},{"data":"Blade Dance","floor":30.0,"key":"SMITH"},{"floor":32.0,"key":"REST"},{"data":"Prepared","floor":40.0,"key":"SMITH"},{"data":"Footwork","floor":45.0,"key":"SMITH"},{"data":"Panache","floor":47.0,"key":"SMITH"},{"data":"Pot Of Greed","floor":49.0,"key":"SMITH"},{"data":"Pot Of Greed","floor":55,"key":"SMITH"},{"floor":57,"key":"REST"}],"circlet_count":0,"master_deck":["AscendersBane","Strike_G","Strike_G","Strike_G+1","Strike_G+1","Strike_G","Defend_G","Defend_G","Defend_G","Defend_G","Defend_G","Survivor","Neutralize+1","Gatherer:Strike_Gatherer","somnambulantmod: QuickNap+1","Flying Knee","StuffTheSpire:DoubleShiv+1","Blade Dance","Backflip","Acrobatics","Dash","ReplayTheSpireMod:Scrap Shanks+1","Prepared","Tools of the Trade","Terror+1","Footwork","Panache+1","ReplayTheSpireMod:Speed Training","StuffTheSpire:ReptileScales+1","Pot Of Greed","Pot Of Greed+1","Pot Of Greed","Noxious Fumes","Deflect","Blade Dance+1","Prepared+1","Storm of Steel","Clumsy","Slice","Pot Of Greed+1","Accuracy","Slice","Footwork+1","After Image","ReplayTheSpireMod:The Works","Deflect"],"relics":["Ring of the Snake","Unceasing Top","aspiration:StickyExplosives_weak","Anchor","aspiration:HummingbirdHeart","StuffTheSpire:RunicHypercube","aspiration:HiddenCompartment","Grinning Jar","Whetstone","energizedSpire:HighHeels","Orrery","StuffTheSpire:GrapeVine","Onion Ring","StuffTheSpire:Gunfinga","paleoftheancients:Timepiece","Gremlin Horn","CultistMask","paleoftheancients:SoulOfTheWokeBloke","StuffTheSpire:Tea","ReplayTheSpireMod:TigerMarble"],"acts_visited":["Exordium","TheCity","TheBeyond","TheBeyond"],"potions_floor_usage":[],"damage_taken":[{"damage":0.0,"enemies":"Cultist","floor":1.0,"turns":4.0},{"damage":0.0,"enemies":"conspire:RoseBush","floor":2.0,"turns":6.0},{"damage":0.0,"enemies":"Small Slimes","floor":5.0,"turns":2.0},{"damage":18.0,"enemies":"Lagavulin","floor":7.0,"turns":8.0},{"damage":17.0,"enemies":"3 Sentries","floor":10.0,"turns":7.0},{"damage":0.0,"enemies":"Blue Slaver","floor":12.0,"turns":2.0},{"damage":4.0,"enemies":"Large Slime","floor":14.0,"turns":7.0},{"damage":32.0,"enemies":"Fading Forest","floor":16.0,"turns":11.0},{"damage":0.0,"enemies":"conspire:FuzzyDice","floor":18.0,"turns":5.0},{"damage":0.0,"enemies":"Spheric Guardian","floor":24.0,"turns":3.0},{"damage":0.0,"enemies":"conspire:Head Lice","floor":25.0,"turns":4.0},{"damage":0.0,"enemies":"Replay:Snechameleon","floor":28.0,"turns":4.0},{"damage":0.0,"enemies":"Centurion and Healer","floor":29.0,"turns":3.0},{"damage":0.0,"enemies":"Sentry and Sphere","floor":31.0,"turns":3.0},{"damage":0.0,"enemies":"Champ","floor":33.0,"turns":6.0},{"damage":0.0,"enemies":"Orb Walker","floor":35.0,"turns":2.0},{"damage":0.0,"enemies":"3 Shapes","floor":38.0,"turns":2.0},{"damage":0.0,"enemies":"3 Darklings","floor":39.0,"turns":3.0},{"damage":0.0,"enemies":"Nemesis","floor":41.0,"turns":3.0},{"damage":0.0,"enemies":"Giant Head","floor":44.0,"turns":3.0},{"damage":0.0,"enemies":"Sphere and 2 Shapes","floor":48.0,"turns":4.0},{"damage":9.0,"enemies":"Replay:Hell Engine","floor":50.0,"turns":4.0},{"damage":5.0,"enemies":"Replay:Hell Engine","floor":51.0,"turns":4.0},{"damage":3,"enemies":"Replay:Hell Engine","floor":52,"turns":3},{"damage":0,"enemies":"Replay:Hell Engine","floor":56,"turns":1},{"damage":0,"enemies":"paleoftheancients:N","floor":60,"turns":6}],"seed_played":"4030840420486800614","potions_obtained":[{"floor":7.0,"key":"blueLaboratory:PolymorphPotion"},{"floor":10.0,"key":"LiquidMemories"},{"floor":12.0,"key":"EssenceOfSteel"},{"floor":33.0,"key":"Block Potion"},{"floor":39.0,"key":"blueLaboratory:FruitPunch"}],"is_trial":false,"path_per_floor":["M","M","$","?","M","R","E","R","T","E","R","M","R","M","R","B",null,"M","?","?","?","$","R","M","E","T","$","E","M","R","M","R","B",null,"M","?","$","M","M","R","E","?","T","E","R","$","R","M","R","B","M","M","$","T","R","M","R","T","?","B",null],"character_chosen":"THE_SILENT","items_purchased":["Blade Dance","Footwork","Panache","Noxious Fumes","Orrery","After Image"],"campfire_rested":5,"item_purchase_floors":[3,22,22,27,37,46],"current_hp_per_floor":[59,59,59,59,59,59,41,41,41,24,43,43,43,39,58,26,56,56,38,38,38,38,59,59,59,59,59,59,59,59,59,71,71,71,71,71,71,71,71,71,71,71,71,71,71,71,71,71,71,69,68,65,65,65,65,65,71,71,71,71],"gold":96,"neow_bonus":"ONE_RARE_RELIC","is_daily":false,"chose_seed":false,"campfire_upgraded":9,"win_rate":0.0,"timestamp":1608401984,"path_taken":["M","?","$","?","M","R","E","R","T","E","R","M","R","?","R","BOSS","M","?","?","?","$","R","M","E","T","$","E","?","R","M","R","BOSS","M","?","$","M","M","R","E","?","T","E","R","$","R","?","R","BOSS","M","M","?","T","R","M","R","T","?","BOSS"],"items_purchased_type":["Card","Card","Card","Card","Relic","Card"],"build_version":"2020-12-13","purchased_purges":0,"victory":true,"max_hp_per_floor":[66,66,66,66,66,66,66,66,66,66,66,66,66,66,66,66,66,66,71,71,71,71,71,71,71,71,71,71,71,71,71,71,71,71,71,71,71,71,71,71,71,71,71,71,71,71,71,71,71,71,71,71,71,71,71,71,71,71,71,71],"relic_stats":{"Gremlin Horn":[10,10],"counters":[26,108],"Whetstone":["Strike_G","Strike_G"],"obtain_stats":[{"StuffTheSpire:RunicHypercube":17,"Gremlin Horn":50,"aspiration:HummingbirdHeart":10,"StuffTheSpire:GrapeVine":41,"Whetstone":28,"aspiration:HiddenCompartment":25,"aspiration:StickyExplosives_weak":7,"paleoftheancients:Timepiece":50,"Anchor":9,"StuffTheSpire:Gunfinga":44,"paleoftheancients:SoulOfTheWokeBloke":51,"Orrery":37,"Onion Ring":43,"CultistMask":50,"ReplayTheSpireMod:TigerMarble":58,"Grinning Jar":26,"Unceasing Top":0,"energizedSpire:HighHeels":34,"Ring of the Snake":0,"StuffTheSpire:Tea":54},{"StuffTheSpire:RunicHypercube":8,"Gremlin Horn":22,"aspiration:HummingbirdHeart":5,"StuffTheSpire:GrapeVine":19,"Whetstone":12,"aspiration:HiddenCompartment":11,"aspiration:StickyExplosives_weak":4,"paleoftheancients:Timepiece":22,"Anchor":4,"StuffTheSpire:Gunfinga":20,"paleoftheancients:SoulOfTheWokeBloke":23,"Orrery":16,"Onion Ring":19,"CultistMask":22,"ReplayTheSpireMod:TigerMarble":25,"Grinning Jar":11,"Unceasing Top":0,"energizedSpire:HighHeels":15,"Ring of the Snake":0,"StuffTheSpire:Tea":24},{"StuffTheSpire:RunicHypercube":47,"Gremlin Horn":94,"aspiration:HummingbirdHeart":27,"StuffTheSpire:GrapeVine":84,"Whetstone":62,"aspiration:HiddenCompartment":59,"aspiration:StickyExplosives_weak":20,"paleoftheancients:Timepiece":94,"Anchor":20,"StuffTheSpire:Gunfinga":87,"paleoftheancients:SoulOfTheWokeBloke":98,"Orrery":76,"Onion Ring":84,"CultistMask":94,"ReplayTheSpireMod:TigerMarble":102,"Grinning Jar":59,"Unceasing Top":0,"energizedSpire:HighHeels":74,"Ring of the Snake":0,"StuffTheSpire:Tea":101}],"Unceasing Top":[75],"Ring of the Snake":[52]},"card_choices":[{"not_picked":["StuffTheSpire:BumpUp","Outmaneuver"],"picked":"Flying Knee","floor":1.0},{"not_picked":["Hidden Blade","ReplayTheSpireMod:Exploit Weakness"],"picked":"StuffTheSpire:DoubleShiv","floor":2.0},{"not_picked":["ReplayTheSpireMod:Tripwire","Poisoned Stab"],"picked":"Backflip","floor":5.0},{"not_picked":["StuffTheSpire:BumpUp","Skewer"],"picked":"Acrobatics","floor":7.0},{"not_picked":["StuffTheSpire:BrimstoneBlast","ShadowRift"],"picked":"Dash","floor":10.0},{"not_picked":["Bane","Dagger Throw"],"picked":"ReplayTheSpireMod:Scrap Shanks","floor":12.0},{"not_picked":["Outmaneuver","Caltrops"],"picked":"Prepared","floor":14.0},{"not_picked":["aspiration:Lunge","Venomology"],"picked":"Tools of the Trade","floor":16.0},{"not_picked":["Dodge and Roll","Outmaneuver"],"picked":"Terror+1","floor":18.0},{"not_picked":["Toxin Wave","Blade Dance"],"picked":"ReplayTheSpireMod:Speed Training","floor":24.0},{"not_picked":["Replay:Poison Smokescreen","Deadly Poison"],"picked":"StuffTheSpire:ReptileScales+1","floor":25.0},{"not_picked":["Acrobatics","Venomology"],"picked":"Deflect","floor":28.0},{"not_picked":["Backflip","Flechettes"],"picked":"Blade Dance","floor":29.0},{"not_picked":["Sucker Punch","StuffTheSpire:BumpUp"],"picked":"Prepared","floor":31.0},{"not_picked":["Phantasmal Killer","Poison Darts"],"picked":"Storm of Steel","floor":33.0},{"not_picked":["Heel Hook+1","Expertise","Dodge and Roll"],"picked":"SKIP","floor":35.0},{"not_picked":["Malaise","PiercingWail"],"picked":"Slice","floor":37.0},{"not_picked":["Deadly Poison","Sucker Punch"],"picked":"Accuracy","floor":37.0},{"not_picked":["Distraction+1","StuffTheSpire:Injection","Masterful Stab"],"picked":"SKIP","floor":38.0},{"not_picked":["Sucker Punch","Quick Slash"],"picked":"Slice","floor":39.0},{"not_picked":["Crippling Poison","Caltrops+1","Outmaneuver"],"picked":"SKIP","floor":41.0},{"not_picked":["Hidden Blade","Bullet Time"],"picked":"Footwork","floor":44.0},{"not_picked":["Outmaneuver","Dagger Spray"],"picked":"ReplayTheSpireMod:The Works","floor":48.0},{"not_picked":["Underhanded Strike","ShadowRift+1"],"picked":"Deflect","floor":51.0},{"not_picked":["Underhanded Strike","Finisher","conspire:DoublingDagger"],"picked":"SKIP","floor":52},{"not_picked":["Backflip","Well Laid Plans+1","Deadly Poison"],"picked":"SKIP","floor":56}],"player_experience":1710078,"relics_obtained":[{"floor":7.0,"key":"aspiration:StickyExplosives_weak"},{"floor":9.0,"key":"Anchor"},{"floor":10.0,"key":"aspiration:HummingbirdHeart"},{"floor":25.0,"key":"aspiration:HiddenCompartment"},{"floor":26.0,"key":"Grinning Jar"},{"floor":28.0,"key":"Whetstone"},{"floor":41.0,"key":"StuffTheSpire:GrapeVine"},{"floor":43.0,"key":"Onion Ring"},{"floor":44.0,"key":"StuffTheSpire:Gunfinga"},{"floor":51.0,"key":"paleoftheancients:SoulOfTheWokeBloke"},{"floor":54,"key":"StuffTheSpire:Tea"},{"floor":58,"key":"ReplayTheSpireMod:TigerMarble"}],"event_choices":[{"damage_healed":0.0,"max_hp_gain":0.0,"max_hp_loss":0.0,"gold_gain":0.0,"event_name":"Upgrade Shrine","player_choice":"Upgraded","floor":4.0,"gold_loss":0.0,"damage_taken":0.0,"cards_upgraded":["Neutralize"]},{"damage_healed":0.0,"max_hp_gain":5.0,"max_hp_loss":0.0,"gold_gain":0.0,"event_name":"Forgotten Altar","player_choice":"Shed Blood","floor":19.0,"gold_loss":0.0,"damage_taken":23.0},{"damage_healed":0.0,"max_hp_gain":0.0,"max_hp_loss":0.0,"gold_gain":50.0,"event_name":"Golden Shrine","player_choice":"Pray","floor":21.0,"gold_loss":0.0,"damage_taken":0.0},{"damage_healed":0.0,"max_hp_gain":0.0,"max_hp_loss":0.0,"gold_gain":50.0,"event_name":"Golden Shrine","player_choice":"Pray","floor":42.0,"gold_loss":0.0,"damage_taken":0.0}],"is_beta":false,"boss_relics":[{"not_picked":["Replay:Fungal Core","theForsaken:PaleLantern"],"picked":"StuffTheSpire:RunicHypercube"},{"not_picked":["energizedSpire:SpiderWeb","Coffee Dripper"],"picked":"energizedSpire:HighHeels"}],"items_purged_floors":[],"is_endless":false,"potions_floor_spawned":[7,10,12,24,33,39,41,44,60],"ascension_level":15}}