{"host":"49c2zf0lajbcs427","time":1608375963,"event":{"mods":["AchievementEnabler","BaseMod","Colored Map","Colored Powertips","Highlight Path","Minty Spire (QoL Compilation)","Relic Stats","StSLib"],"gold_per_floor":[159,84,84,96,96,96,114,114,195,195,206,206,44,64,64,142,142,161,161,173,187,187,219,219,250,304,304,332,332,351,362,362,435,435,449,466,180,180,192,223,223,223,247,261,261,93,93,165,165,165,165],"floor_reached":50,"playtime":3012,"items_purged":["Strike_P"],"score":1279,"play_id":"e5e5f580-1786-41b8-953e-6190fd662f20","local_time":"20201220000603","is_ascension_mode":true,"campfire_choices":[{"data":"Eruption","floor":6,"key":"SMITH"},{"data":"ReachHeaven","floor":8,"key":"SMITH"},{"data":"Vigilance","floor":10,"key":"SMITH"},{"data":"Scrawl","floor":12,"key":"SMITH"},{"data":"Scrawl","floor":15,"key":"SMITH"},{"floor":24,"key":"REST"},{"floor":27,"key":"REST"},{"floor":32,"key":"REST"},{"floor":42,"key":"REST"},{"floor":49,"key":"RECALL"}],"circlet_count":0,"master_deck":["AscendersBane","Strike_P+1","Defend_P+1","Defend_P","Defend_P","Defend_P","Eruption+1","Vigilance+1","FlurryOfBlows+1","CutThroughFate+1","CrushJoints+1","ReachHeaven+1","Scrawl+1","Scrawl+1","Wireheading","DeusExMachina","ClearTheMind","TalkToTheHand","Tantrum","FlurryOfBlows+1","EmptyBody+1","LikeWater","FlurryOfBlows","FlurryOfBlows","Devotion","Adaptation+1","Protect+1","ConjureBlade","DeusExMachina"],"relics":["Tiny House","InkBottle","Fusion Hammer","White Beast Statue","StoneCalendar","Tiny Chest","Centennial Puzzle","Pocketwatch","SacredBark","Ornamental Fan","Omamori","Whetstone","Bag of Marbles","DollysMirror","Sundial"],"acts_visited":["Exordium","TheCity","TheBeyond"],"potions_floor_usage":[16,20,25,44,50,50,50,50],"damage_taken":[{"damage":2,"enemies":"Small Slimes","floor":1,"turns":4},{"damage":0,"enemies":"Jaw Worm","floor":4,"turns":3},{"damage":0,"enemies":"Cultist","floor":7,"turns":2},{"damage":1,"enemies":"Large Slime","floor":11,"turns":2},{"damage":3,"enemies":"Blue Slaver","floor":14,"turns":3},{"damage":19,"enemies":"The Guardian","floor":16,"turns":11},{"damage":0,"enemies":"2 Thieves","floor":18,"turns":2},{"damage":0,"enemies":"3 Byrds","floor":20,"turns":3},{"damage":0,"enemies":"Centurion and Healer","floor":21,"turns":3},{"damage":0,"enemies":"Gremlin Leader","floor":23,"turns":2},{"damage":10,"enemies":"Book of Stabbing","floor":25,"turns":3},{"damage":11,"enemies":"Gremlin Leader","floor":28,"turns":4},{"damage":12,"enemies":"Shelled Parasite and Fungi","floor":30,"turns":2},{"damage":10,"enemies":"Snecko","floor":31,"turns":5},{"damage":0,"enemies":"Champ","floor":33,"turns":7},{"damage":0,"enemies":"Orb Walker","floor":35,"turns":2},{"damage":0,"enemies":"3 Shapes","floor":36,"turns":3},{"damage":9,"enemies":"Writhing Mass","floor":39,"turns":6},{"damage":8,"enemies":"Giant Head","floor":40,"turns":4},{"damage":0,"enemies":"Spire Growth","floor":44,"turns":3},{"damage":141,"enemies":"Awakened One","floor":50,"turns":7}],"seed_played":"2931861182705406663","potions_obtained":[{"floor":0,"key":"Regen Potion"},{"floor":14,"key":"EssenceOfSteel"},{"floor":18,"key":"Fire Potion"},{"floor":23,"key":"SpeedPotion"},{"floor":25,"key":"EssenceOfSteel"},{"floor":28,"key":"Energy Potion"},{"floor":30,"key":"EntropicBrew"},{"floor":35,"key":"Ambrosia"},{"floor":44,"key":"Dexterity Potion"}],"is_trial":false,"path_per_floor":["M","?","?","M","?","R","M","R","T","R","M","R","$","M","R","B",null,"M","?","M","M","?","E","R","E","T","R","E","?","M","M","R","B",null,"M","M","$","?","M","E","T","R","T","M","?","$","?","T","R","B"],"character_chosen":"WATCHER","items_purchased":["Scrawl","Ornamental Fan","DollysMirror"],"campfire_rested":4,"item_purchase_floors":[13,37,46],"current_hp_per_floor":[64,64,42,42,42,42,42,42,42,42,41,41,41,38,38,19,60,60,60,60,60,60,60,73,63,63,73,62,62,50,40,61,61,70,70,70,70,70,61,53,53,73,73,73,73,73,73,73,73,0,0],"gold":165,"neow_bonus":"BOSS_RELIC","is_daily":false,"chose_seed":false,"campfire_upgraded":5,"win_rate":0.0,"timestamp":1608375963,"path_taken":["M","?","?","M","?","R","M","R","T","R","?","R","$","M","R","BOSS","M","?","M","M","?","E","R","E","T","R","E","?","?","M","R","BOSS","M","M","$","?","M","E","?","R","T","?","?","$","?","?","R","BOSS"],"items_purchased_type":["Card","Relic","Relic"],"build_version":"2020-12-13","purchased_purges":1,"victory":false,"max_hp_per_floor":[73,73,73,73,73,73,73,73,73,73,73,73,73,73,73,73,73,73,73,73,73,73,73,73,73,73,73,73,73,73,73,73,73,73,73,73,73,73,73,73,73,73,73,73,73,73,73,73,73,73,73],"relic_stats":{"Centennial Puzzle":[15],"counters":[21,81],"Ornamental Fan":[112],"Sundial":[0],"StoneCalendar":[96],"Tiny Chest":2,"Whetstone":["FlurryOfBlows","FlurryOfBlows"],"obtain_stats":[{"Tiny House":0,"SacredBark":34,"StoneCalendar":25,"Omamori":40,"Whetstone":41,"White Beast Statue":23,"Centennial Puzzle":28,"Ornamental Fan":37,"DollysMirror":46,"Sundial":48,"Tiny Chest":26,"Fusion Hammer":17,"Bag of Marbles":43,"PureWater":0,"InkBottle":9,"Pocketwatch":29},{"Tiny House":0,"SacredBark":15,"StoneCalendar":11,"Omamori":19,"Whetstone":19,"White Beast Statue":10,"Centennial Puzzle":12,"Ornamental Fan":17,"DollysMirror":20,"Sundial":20,"Tiny Chest":11,"Fusion Hammer":6,"Bag of Marbles":19,"PureWater":0,"InkBottle":3,"Pocketwatch":12},{"Tiny House":0,"SacredBark":56,"StoneCalendar":38,"Omamori":71,"Whetstone":71,"White Beast Statue":35,"Centennial Puzzle":42,"Ornamental Fan":61,"DollysMirror":74,"Sundial":74,"Tiny Chest":38,"Fusion Hammer":25,"Bag of Marbles":71,"PureWater":0,"InkBottle":9,"Pocketwatch":42}],"InkBottle":[42],"Pocketwatch":[12]},"card_choices":[{"not_picked":["Evaluate","Consecrate"],"picked":"FlurryOfBlows","floor":0},{"not_picked":["CrushJoints","Halt"],"picked":"CutThroughFate","floor":1},{"not_picked":["MentalFortress","Prostrate"],"picked":"CrushJoints","floor":4},{"not_picked":["ClearTheMind","WreathOfFlame"],"picked":"ReachHeaven","floor":7},{"not_picked":["ClearTheMind","Halt"],"picked":"Scrawl","floor":11},{"not_picked":["ThirdEye","SashWhip"],"picked":"Wireheading","floor":14},{"not_picked":["Ragnarok","LessonLearned"],"picked":"DeusExMachina","floor":16},{"not_picked":["CrushJoints+1","Consecrate"],"picked":"ClearTheMind","floor":18},{"not_picked":["Prostrate","MentalFortress"],"picked":"Tantrum","floor":20},{"not_picked":["Consecrate","Collect"],"picked":"FlurryOfBlows","floor":21},{"not_picked":["CrushJoints","FlyingSleeves"],"picked":"EmptyBody+1","floor":23},{"not_picked":["ClearTheMind","FollowUp"],"picked":"LikeWater","floor":25},{"not_picked":["SashWhip","Alpha"],"picked":"FlurryOfBlows","floor":28},{"not_picked":["FlyingSleeves","Crescendo"],"picked":"FlurryOfBlows","floor":30},{"not_picked":["Consecrate","WindmillStrike","ForeignInfluence"],"picked":"SKIP","floor":31},{"not_picked":["Alpha","Brilliance"],"picked":"Devotion","floor":33},{"not_picked":["BowlingBash","Protect+1"],"picked":"Adaptation+1","floor":35},{"not_picked":["ForeignInfluence","Consecrate"],"picked":"Protect+1","floor":36},{"not_picked":["FollowUp","Protect","CutThroughFate"],"picked":"SKIP","floor":39},{"not_picked":["Consecrate","Halt"],"picked":"ConjureBlade","floor":40},{"not_picked":["Crescendo","Nirvana","PathToVictory"],"picked":"SKIP","floor":44}],"player_experience":2127073,"relics_obtained":[{"floor":9,"key":"InkBottle"},{"floor":23,"key":"White Beast Statue"},{"floor":25,"key":"StoneCalendar"},{"floor":26,"key":"Tiny Chest"},{"floor":28,"key":"Centennial Puzzle"},{"floor":40,"key":"Omamori"},{"floor":41,"key":"Whetstone"},{"floor":43,"key":"Bag of Marbles"},{"floor":48,"key":"Sundial"}],"event_choices":[{"cards_removed":["Strike_P"],"damage_healed":0,"gold_gain":0,"player_choice":"Card Removal","damage_taken":0,"max_hp_gain":0,"max_hp_loss":0,"event_name":"The Cleric","floor":2,"gold_loss":75},{"damage_healed":0,"gold_gain":0,"player_choice":"Entered Light","damage_taken":22,"max_hp_gain":0,"max_hp_loss":0,"event_name":"Shining Light","floor":3,"gold_loss":0,"cards_upgraded":["Strike_P","CutThroughFate"]},{"damage_healed":0,"gold_gain":0,"player_choice":"Grow","damage_taken":0,"max_hp_gain":0,"max_hp_loss":0,"event_name":"Living Wall","floor":5,"gold_loss":0,"cards_upgraded":["CrushJoints"]},{"damage_healed":0,"gold_gain":0,"player_choice":"Read","damage_taken":0,"max_hp_gain":0,"max_hp_loss":0,"event_name":"The Library","floor":19,"gold_loss":0,"cards_obtained":["TalkToTheHand"]},{"damage_healed":0,"gold_gain":0,"player_choice":"Ignored","damage_taken":0,"max_hp_gain":0,"max_hp_loss":0,"event_name":"Vampires","floor":22,"gold_loss":0},{"damage_healed":0,"gold_gain":0,"player_choice":"Gave Potion","damage_taken":0,"relics_obtained":["Pocketwatch"],"max_hp_gain":0,"max_hp_loss":0,"event_name":"WeMeetAgain","floor":29,"gold_loss":0},{"cards_removed":["Strike_P"],"damage_healed":0,"gold_gain":0,"player_choice":"Removed Attack","damage_taken":0,"max_hp_gain":0,"max_hp_loss":0,"event_name":"Falling","floor":38,"gold_loss":0},{"damage_healed":0,"gold_gain":0,"player_choice":"Ignored","damage_taken":0,"max_hp_gain":0,"max_hp_loss":0,"event_name":"Tomb of Lord Red Mask","floor":45,"gold_loss":0},{"damage_healed":0,"gold_gain":0,"player_choice":"Ignored","damage_taken":0,"max_hp_gain":0,"max_hp_loss":0,"event_name":"Mysterious Sphere","floor":47,"gold_loss":0}],"is_beta":false,"boss_relics":[{"not_picked":["Runic Pyramid","Snecko Eye"],"picked":"Fusion Hammer"},{"not_picked":["Velvet Choker","Black Star"],"picked":"SacredBark"}],"items_purged_floors":[13],"is_endless":false,"potions_floor_spawned":[14,18,23,25,28,30,31,33,35,36,39,40,44],"killed_by":"Awakened One","ascension_level":19}}