{"host":"oy4pyvr762z5n0bb","time":1608350408,"event":{"mods":["AchievementEnabler","BaseMod","Colored Map","Colored Powertips","Googly Eyes","Key Reminder","Minty Spire (QoL Compilation)","Quick Restart","Relic Sorter","StSLib","SuperFastMode","Unceasing Turn Reminder","slay the spire mod where everything is the same but ironclad has a cowboy hat"],"gold_per_floor":[112,287,287,287,297,297,330,330,380,399,399,417,442,83,83,184,184,200,220,91,110,110,110,110,136,136,37,37,37],"floor_reached":28,"playtime":494,"items_purged":["Strike_R","Strike_R"],"score":292,"play_id":"b4abb305-2e83-4029-97aa-f556843a6420","local_time":"20201218200008","is_ascension_mode":true,"campfire_choices":[{"data":"Perfected Strike","floor":6,"key":"SMITH"},{"data":"Disarm","floor":8,"key":"SMITH"},{"data":"Sword Boomerang","floor":11,"key":"SMITH"},{"data":"Wild Strike","floor":15,"key":"SMITH"},{"data":"Fire Breathing","floor":23,"key":"SMITH"}],"circlet_count":0,"master_deck":["Strike_R","Strike_R","Strike_R","Defend_R","Defend_R+1","Defend_R","Defend_R+1","Bash+1","Reckless Charge","Perfected Strike+1","Disarm+1","Sword Boomerang+1","Reckless Charge","Power Through","Wild Strike+1","Warcry","Fiend Fire","Fire Breathing+1","Wild Strike","Sever Soul","Fire Breathing+1","Writhe","Whirlwind+1","Armaments"],"relics":["Burning Blood","Smiling Mask","Spirit Poop","Blue Candle","War Paint","Dream Catcher","Mercury Hourglass","Philosopher\u0027s Stone","Paper Frog","Question Card","Bottled Lightning","Gambling Chip"],"acts_visited":["Exordium","TheCity"],"potions_floor_usage":[7,16,16,25],"damage_taken":[{"damage":11,"enemies":"2 Louse","floor":1,"turns":3},{"damage":0,"enemies":"Small Slimes","floor":5,"turns":4},{"damage":20,"enemies":"3 Sentries","floor":7,"turns":6},{"damage":1,"enemies":"Cultist","floor":10,"turns":3},{"damage":13,"enemies":"2 Fungi Beasts","floor":12,"turns":3},{"damage":18,"enemies":"Lagavulin","floor":13,"turns":5},{"damage":16,"enemies":"The Guardian","floor":16,"turns":11},{"damage":6,"enemies":"Chosen","floor":18,"turns":3},{"damage":0,"enemies":"Spheric Guardian","floor":19,"turns":3},{"damage":28,"enemies":"Shelled Parasite and Fungi","floor":21,"turns":6},{"damage":42,"enemies":"Slavers","floor":25,"turns":4},{"damage":24,"enemies":"Snake Plant","floor":28,"turns":2}],"seed_played":"6584348693818343585","potions_obtained":[{"floor":5,"key":"Explosive Potion"},{"floor":12,"key":"ElixirPotion"},{"floor":13,"key":"LiquidBronze"},{"floor":16,"key":"SpeedPotion"},{"floor":18,"key":"CultistPotion"},{"floor":25,"key":"BloodPotion"}],"is_trial":false,"path_per_floor":["M","?","?","?","M","R","E","R","T","M","R","M","E","$","R","B",null,"M","M","$","M","?","R","?","E","T","$","M"],"character_chosen":"IRONCLAD","items_purchased":["Mercury Hourglass","Wild Strike","Warcry","Sever Soul","Armaments"],"campfire_rested":0,"item_purchase_floors":[14,14,14,20,27],"current_hp_per_floor":[75,75,72,72,78,78,64,64,64,69,69,62,50,50,50,40,80,80,80,80,58,58,58,58,22,22,22,0,0],"gold":37,"neow_bonus":"UPGRADE_CARD","is_daily":false,"chose_seed":false,"campfire_upgraded":5,"win_rate":0.0,"timestamp":1608350408,"path_taken":["M","?","?","?","?","R","E","R","T","M","R","M","E","$","R","BOSS","M","M","$","M","?","R","?","E","T","$","?"],"items_purchased_type":["Relic","Card","Card","Card","Card"],"build_version":"2020-12-13","purchased_purges":2,"victory":false,"max_hp_per_floor":[80,80,80,80,80,80,80,80,80,80,80,80,80,80,80,80,80,80,80,80,80,80,80,80,80,80,80,80,80],"card_choices":[{"not_picked":["Heavy Blade","Uppercut"],"picked":"Reckless Charge","floor":1},{"not_picked":["Anger","Twin Strike"],"picked":"Perfected Strike","floor":5},{"not_picked":["Ghostly Armor","Pummel"],"picked":"Disarm","floor":7},{"not_picked":["Battle Trance","Armaments"],"picked":"Sword Boomerang","floor":10},{"not_picked":["Havoc","Battle Trance"],"picked":"Reckless Charge","floor":12},{"not_picked":["Anger","Sever Soul"],"picked":"Power Through","floor":13},{"not_picked":["Barricade","Bludgeon"],"picked":"Fiend Fire","floor":16},{"not_picked":["Pommel Strike","Wild Strike"],"picked":"Fire Breathing","floor":18},{"not_picked":["Warcry","Pommel Strike"],"picked":"Wild Strike","floor":19},{"not_picked":["Clothesline","Entrench"],"picked":"Fire Breathing+1","floor":21},{"not_picked":["Brutality","Blood for Blood","Anger+1","Whirlwind+1"],"picked":"SKIP","floor":25},{"not_picked":["Brutality","Blood for Blood","Anger+1"],"picked":"Whirlwind+1","floor":25}],"player_experience":543911,"relics_obtained":[{"floor":7,"key":"Blue Candle"},{"floor":9,"key":"War Paint"},{"floor":13,"key":"Dream Catcher"},{"floor":24,"key":"Question Card"},{"floor":25,"key":"Bottled Lightning"},{"floor":26,"key":"Gambling Chip"}],"event_choices":[{"damage_healed":0,"gold_gain":175,"player_choice":"AGREE","damage_taken":0,"max_hp_gain":0,"max_hp_loss":0,"event_name":"Liars Game","floor":2,"gold_loss":0,"cards_obtained":["Doubt"]},{"damage_healed":0,"gold_gain":0,"player_choice":"Success","damage_taken":3,"relics_obtained":["Smiling Mask"],"max_hp_gain":0,"max_hp_loss":0,"event_name":"Scrap Ooze","floor":3,"gold_loss":0},{"cards_removed":["Doubt"],"damage_healed":0,"gold_gain":0,"player_choice":"Offered Curse","damage_taken":0,"relics_obtained":["Spirit Poop"],"max_hp_gain":0,"max_hp_loss":0,"event_name":"Bonfire Elementals","floor":4,"gold_loss":0},{"damage_healed":0,"gold_gain":0,"player_choice":"Opened","damage_taken":0,"relics_obtained":["Paper Frog"],"max_hp_gain":0,"max_hp_loss":0,"event_name":"The Mausoleum","floor":22,"gold_loss":0,"cards_obtained":["Writhe"]},{"damage_healed":0,"gold_gain":0,"player_choice":"Relic","damage_taken":0,"max_hp_gain":0,"max_hp_loss":0,"event_name":"Wheel of Change","floor":24,"gold_loss":0}],"is_beta":false,"boss_relics":[{"not_picked":["Astrolabe","Cursed Key"],"picked":"Philosopher\u0027s Stone"}],"items_purged_floors":[20,27],"is_endless":false,"potions_floor_spawned":[5,12,13,16,18,25],"killed_by":"Snake Plant","ascension_level":4}}