{"host":"k8rvlbgef0osgts5","time":1608422344,"event":{"mods":["BaseMod","Bestiary","Better Altar","Better Sensory Stone","Better Third Choice","Displayed Cursed Tome","Dota2Spire","Hubris","Infinite Spire","Minty Spire (QoL Compilation)","Replay The Spire","StSLib","The Alterego","The Bug Knight","The Construct","The Hierophant","Uncapped"],"gold_per_floor":[119,119,135,154,2,30,30,44,70,70,70,116,163,163,163,163,163],"floor_reached":16,"playtime":1114,"items_purged":[],"score":127,"play_id":"07860449-da22-42c0-9eb0-ae0b5224561c","local_time":"20201219165904","is_ascension_mode":false,"campfire_choices":[{"floor":7,"key":"REST"},{"data":"alterego_mod:Clones","floor":10,"key":"SMITH"}],"circlet_count":0,"master_deck":["alterego_mod:Strike","alterego_mod:Strike","alterego_mod:Strike","alterego_mod:Strike","alterego_mod:Defend","alterego_mod:Defend","alterego_mod:Defend","alterego_mod:Defend","alterego_mod:Impale","alterego_mod:BigMeatyClaws","alterego_mod:BrynhildrsRune","alterego_mod:Clones+1","alterego_mod:IndependentAction+1","alterego_mod:BusterCard","alterego_mod:Complex","alterego_mod:Cycle"],"relics":["alterego_mod:MasochisticConstitution","hubris:FruitBowl","hubris:EvacipatedBox","Omamori","Replay:Bottled Steam","Dota2Spire:HandOfMidas"],"acts_visited":["Exordium"],"potions_floor_usage":[3,6,12,16],"damage_taken":[{"damage":26,"enemies":"Cultist","floor":1,"turns":6},{"damage":6,"enemies":"Jaw Worm","floor":3,"turns":11},{"damage":2,"enemies":"Small Slimes","floor":4,"turns":6},{"damage":34,"enemies":"Gremlin Nob","floor":6,"turns":5},{"damage":18,"enemies":"Blue Slaver","floor":8,"turns":7},{"damage":28,"enemies":"Exordium Thugs","floor":12,"turns":9},{"damage":10,"enemies":"Looter","floor":13,"turns":4},{"damage":20,"enemies":"The Guardian","floor":16,"turns":2}],"seed_played":"-480754398595527446","potions_obtained":[{"floor":1,"key":"Weak Potion"},{"floor":4,"key":"Block Potion"},{"floor":12,"key":"Fruit Juice"},{"floor":15,"key":"SkillPotion"},{"floor":15,"key":"GamblersBrew"}],"is_trial":false,"path_per_floor":["M","$","M","M","$","E","R","M","T","R","?","M","M","?","R","B"],"character_chosen":"The_Alterego","items_purchased":["hubris:FruitBowl","hubris:EvacipatedBox","Omamori"],"campfire_rested":1,"item_purchase_floors":[2,2,5],"current_hp_per_floor":[59,21,23,36,36,10,34,24,24,24,24,18,9,9,9,0,0],"gold":163,"neow_bonus":"TEN_PERCENT_HP_BONUS","is_daily":false,"chose_seed":false,"campfire_upgraded":1,"win_rate":0.0,"timestamp":1608422344,"path_taken":["M","?","M","M","$","E","R","M","T","R","?","M","M","?","R","BOSS"],"items_purchased_type":["Relic","Relic","Relic"],"build_version":"2020-12-13","purchased_purges":0,"victory":false,"max_hp_per_floor":[78,78,79,80,80,81,81,82,82,82,82,90,91,91,91,91,91],"card_choices":[{"not_picked":["alterego_mod:Exercise","alterego_mod:Maid"],"picked":"alterego_mod:Clones","floor":1},{"not_picked":["alterego_mod:BreastValley","alterego_mod:Lingerie"],"picked":"alterego_mod:IndependentAction","floor":3},{"not_picked":["alterego_mod:Cycle","alterego_mod:GoddessCore"],"picked":"alterego_mod:BusterCard","floor":4},{"not_picked":["alterego_mod:Clones","alterego_mod:SideboobHour"],"picked":"alterego_mod:Complex","floor":6},{"not_picked":["alterego_mod:DiscoLights","alterego_mod:Maid","alterego_mod:Bounce"],"picked":"SKIP","floor":8},{"not_picked":["alterego_mod:Rip","alterego_mod:Complex"],"picked":"alterego_mod:Cycle","floor":12},{"not_picked":["alterego_mod:BreastValley","alterego_mod:Birthday","alterego_mod:DiscoLights"],"picked":"SKIP","floor":13}],"player_experience":251309,"relics_obtained":[{"floor":6,"key":"Replay:Bottled Steam"},{"floor":9,"key":"Dota2Spire:HandOfMidas"}],"event_choices":[{"damage_healed":0,"gold_gain":0,"player_choice":"Grow","damage_taken":0,"max_hp_gain":0,"max_hp_loss":0,"event_name":"Living Wall","floor":14,"gold_loss":0,"cards_upgraded":["alterego_mod:IndependentAction"]}],"is_beta":false,"boss_relics":[],"items_purged_floors":[],"is_endless":false,"potions_floor_spawned":[1,4,12],"killed_by":"The Guardian","ascension_level":0}}