{"host":"vd5put2n5b3t1prw","time":1608361630,"event":{"mods":["2.2 Compatiblity","AchievementEnabler","BaseMod","Better Altar","Better Match","Better Note","Better Sensory Stone","Better Silent Start","Better Skull","Better Third Choice","Better Vampires","Better-Laid Plans","BetterRewards","Block Reminder","Card Forge","Colored Map","Custom Start","Downfall","Emptier Cage","Marked Mod","Minty Spire (QoL Compilation)","Quick Restart","Random Character Button","Relic Stats","Reorder Act Four","Spicy Shops","StSLib","Transform Curses","Waifu the Spire"],"gold_per_floor":[118,129,139,154,329,329,341,341,365,377,402,413,440,453,453,558,558,578,281,299,312,326,336,24,36,85,85,85,85,105,131,131,231,231,250,297,312,312,312,343,343,375,429,429,439,294,294,294,294,294,294,203,203,232,232,232],"floor_reached":55,"playtime":1010,"items_purged":[],"score":1036,"play_id":"8d549f0a-376c-46af-a3f7-ef48372e72d9","local_time":"20201219010710","is_ascension_mode":false,"campfire_choices":[{"floor":8,"key":"RECALL"},{"floor":15,"key":"REST"},{"floor":27,"key":"DIG"},{"floor":32,"key":"DIG"},{"floor":41,"key":"DIG"},{"floor":44,"key":"DIG"},{"floor":47,"key":"DIG"},{"floor":49,"key":"DIG"},{"floor":53,"key":"DIG"}],"circlet_count":0,"master_deck":["Dropkick+1","Dropkick+1","Thunderclap+1","Adrenaline+1","Blasphemy+1"],"relics":["champ:ChampionCrown","Hammer of Thor","Seething Fire","Anvil of the Gods","NeowsBlessing","Akabeko","Omamori","Sozu","Ancient Tea Set","Whetstone","Shovel","Vajra","Question Card","Pen Nib","Lantern","Black Star","Pocketwatch","Molten Egg 2","Oddly Smooth Stone","CeramicFish","Nunchaku","Calipers","Happy Flower","Smiling Mask","Juzu Bracelet","Strawberry","Bag of Marbles","Torii","Gremlin Horn","Mercury Hourglass","Toy Ornithopter"],"acts_visited":["Exordium","TheCity","TheBeyond","TheEnding"],"potions_floor_usage":[55],"damage_taken":[{"damage":0,"enemies":"Cultist","floor":1,"turns":1},{"damage":0,"enemies":"2 Louse","floor":2,"turns":1},{"damage":0,"enemies":"Jaw Worm","floor":3,"turns":1},{"damage":0,"enemies":"Looter","floor":4,"turns":1},{"damage":0,"enemies":"Red Slaver","floor":7,"turns":1},{"damage":0,"enemies":"Exordium Wildlife","floor":10,"turns":1},{"damage":0,"enemies":"Gremlin Nob","floor":11,"turns":1},{"damage":0,"enemies":"3 Louse","floor":12,"turns":1},{"damage":0,"enemies":"3 Sentries","floor":13,"turns":1},{"damage":0,"enemies":"Looter","floor":14,"turns":1},{"damage":0,"enemies":"The Guardian","floor":16,"turns":1},{"damage":0,"enemies":"2 Thieves","floor":18,"turns":1},{"damage":0,"enemies":"3 Byrds","floor":20,"turns":1},{"damage":0,"enemies":"Shelled Parasite and Fungi","floor":21,"turns":1},{"damage":0,"enemies":"Centurion and Healer","floor":22,"turns":1},{"damage":0,"enemies":"Snake Plant","floor":23,"turns":1},{"damage":0,"enemies":"Snecko","floor":25,"turns":1},{"damage":0,"enemies":"Centurion and Healer","floor":30,"turns":1},{"damage":0,"enemies":"Book of Stabbing","floor":31,"turns":1},{"damage":0,"enemies":"Collector","floor":33,"turns":1},{"damage":9,"enemies":"3 Shapes","floor":35,"turns":1},{"damage":0,"enemies":"2 Orb Walkers","floor":36,"turns":1},{"damage":0,"enemies":"Orb Walker","floor":37,"turns":1},{"damage":0,"enemies":"Reptomancer","floor":40,"turns":1},{"damage":0,"enemies":"Giant Head","floor":42,"turns":1},{"damage":0,"enemies":"Writhing Mass","floor":45,"turns":1},{"damage":27,"enemies":"Time Eater","floor":50,"turns":2},{"damage":0,"enemies":"Shield and Spear","floor":54,"turns":1},{"damage":108,"enemies":"The Heart","floor":55,"turns":3}],"seed_played":"4613271732101575339","potions_obtained":[{"floor":3,"key":"DistilledChaos"},{"floor":4,"key":"Explosive Potion"},{"floor":10,"key":"Swift Potion"},{"floor":14,"key":"FearPotion"}],"is_trial":false,"path_per_floor":["M","M","M","M","?","?","M","R","T","M","E","M","E","M","R","B",null,"M","$","M","M","M","M","$","M","T","R","$","?","M","E","R","B",null,"M","?","M","?","$","E","R","E","T","R","M","$","R","?","R","B",null,"$","R","E","B"],"character_chosen":"THE_CHAMP","items_purchased":["Ancient Tea Set","Whetstone","Shovel","Juzu Bracelet","Torii"],"campfire_rested":1,"item_purchase_floors":[19,19,24,46,52],"current_hp_per_floor":[90,90,90,90,90,90,90,90,90,90,90,90,90,90,90,90,90,90,90,90,90,90,90,90,90,90,90,90,90,90,90,90,90,90,81,81,81,81,81,81,81,81,81,81,81,81,88,88,88,61,92,92,92,92,0,0],"gold":232,"neow_bonus":"THREE_ENEMY_KILL","is_daily":false,"chose_seed":false,"campfire_upgraded":0,"win_rate":0.0,"timestamp":1608361630,"path_taken":["M","M","M","M","?","?","M","R","T","M","E","M","E","M","R","BOSS","M","$","?","M","?","M","$","M","T","R","$","?","?","E","R","BOSS","M","?","M","?","$","E","R","E","T","R","M","$","R","?","R","BOSS","$","R","E","BOSS"],"items_purchased_type":["Relic","Relic","Relic","Relic","Relic"],"build_version":"2020-12-13","purchased_purges":0,"victory":false,"max_hp_per_floor":[90,90,90,90,90,90,90,90,90,90,90,90,90,90,90,90,90,90,90,90,90,90,90,90,90,90,90,90,90,90,90,90,90,90,90,90,90,85,85,85,85,85,85,85,85,85,92,92,92,92,92,92,92,92,92,92],"relic_stats":{"Happy Flower":[2],"Torii":24,"Gremlin Horn":[1,1],"counters":[29,32],"CeramicFish":0,"Pen Nib":[8],"Juzu Bracelet":0,"Whetstone":[],"Question Card":10,"Smiling Mask":0,"Mercury Hourglass":[9],"Sozu":6,"Nunchaku":[5],"Shovel":7,"Black Star":3,"obtain_stats":[{"Lantern":32,"Calipers":42,"Torii":52,"Gremlin Horn":53,"CeramicFish":41,"Vajra":26,"champ:ChampionCrown":0,"Hammer of Thor":0,"Juzu Bracelet":46,"Whetstone":19,"Ancient Tea Set":19,"Smiling Mask":44,"Sozu":17,"Nunchaku":42,"Shovel":24,"Strawberry":47,"NeowsBlessing":0,"Happy Flower":43,"Oddly Smooth Stone":40,"Pen Nib":31,"Omamori":13,"Seething Fire":0,"Question Card":27,"Akabeko":11,"Mercury Hourglass":54,"Anvil of the Gods":0,"Molten Egg 2":40,"Black Star":34,"Bag of Marbles":49,"Toy Ornithopter":54,"Pocketwatch":36},{"Lantern":19,"Calipers":25,"Torii":27,"Gremlin Horn":27,"CeramicFish":24,"Vajra":17,"champ:ChampionCrown":0,"Hammer of Thor":0,"Juzu Bracelet":26,"Whetstone":12,"Ancient Tea Set":12,"Smiling Mask":25,"Sozu":11,"Nunchaku":25,"Shovel":16,"Strawberry":26,"NeowsBlessing":0,"Happy Flower":25,"Oddly Smooth Stone":24,"Pen Nib":19,"Omamori":9,"Seething Fire":0,"Question Card":17,"Akabeko":7,"Mercury Hourglass":28,"Anvil of the Gods":0,"Molten Egg 2":24,"Black Star":20,"Bag of Marbles":26,"Toy Ornithopter":28,"Pocketwatch":22},{"Lantern":19,"Calipers":25,"Torii":28,"Gremlin Horn":28,"CeramicFish":24,"Vajra":17,"champ:ChampionCrown":0,"Hammer of Thor":0,"Juzu Bracelet":26,"Whetstone":12,"Ancient Tea Set":12,"Smiling Mask":25,"Sozu":11,"Nunchaku":25,"Shovel":16,"Strawberry":26,"NeowsBlessing":0,"Happy Flower":25,"Oddly Smooth Stone":24,"Pen Nib":19,"Omamori":9,"Seething Fire":0,"Question Card":17,"Akabeko":7,"Mercury Hourglass":29,"Anvil of the Gods":0,"Molten Egg 2":24,"Black Star":20,"Bag of Marbles":26,"Toy Ornithopter":29,"Pocketwatch":22}],"Toy Ornithopter":0,"Pocketwatch":[1]},"card_choices":[{"not_picked":["champ:Circumvent","champ:RisingSlash","champ:CrookedStrike"],"picked":"SKIP","floor":1},{"not_picked":["champ:ArenaPreparation","champ:BerserkerStyle","champ:Haymaker"],"picked":"SKIP","floor":2},{"not_picked":["champ:Haymaker","champ:ArenaPreparation","champ:StanceDance"],"picked":"SKIP","floor":3},{"not_picked":["champ:GladiatorsShout","champ:IronFortress","champ:ViciousMockery"],"picked":"SKIP","floor":4},{"not_picked":["champ:PerfectedStrike","champ:SteelEdge","champ:GladiatorsShout"],"picked":"SKIP","floor":7},{"not_picked":["champ:EnGarde","champ:CalledShot","champ:Encircle"],"picked":"SKIP","floor":10},{"not_picked":["champ:CalledShot","champ:ViciousMockery","champ:Haymaker"],"picked":"SKIP","floor":11},{"not_picked":["champ:GladiatorStyle","champ:Haymaker","champ:HeartStrike"],"picked":"SKIP","floor":12},{"not_picked":["champ:Shatter","champ:PreciseThrust","champ:DefensiveShout"],"picked":"SKIP","floor":13},{"not_picked":["champ:GladiatorsShout","champ:DefensiveShout","champ:Encircle"],"picked":"SKIP","floor":14},{"not_picked":["champ:Encircle","champ:StanceDance","champ:GladiatorsShout+1"],"picked":"SKIP","floor":18},{"not_picked":["champ:Encircle+1","champ:BladeFlurry","champ:StanceDance"],"picked":"SKIP","floor":20},{"not_picked":["champ:PreciseThrust","champ:BerserkersShout","champ:FlashCut"],"picked":"SKIP","floor":21},{"not_picked":["champ:GladiatorsShout","champ:AdrenalArmor","champ:Riposte"],"picked":"SKIP","floor":22},{"not_picked":["champ:DefensiveStyle","champ:CrookedStrike","champ:BringItOn"],"picked":"SKIP","floor":23},{"not_picked":["champ:FocusedGladiator","champ:PerfectedStrike+1","champ:FocusedBerserking"],"picked":"SKIP","floor":25},{"not_picked":["champ:DeathBlow+1","champ:CrookedStrike","champ:PreciseThrust","champ:Circumvent+1"],"picked":"SKIP","floor":30},{"not_picked":["champ:Shatter+1","champ:RisingSlash","champ:EnGarde+1","champ:DancingMaster"],"picked":"SKIP","floor":31},{"not_picked":["champ:Haymaker","champ:FaceSlap","champ:Backstep","champ:FalseCounter"],"picked":"SKIP","floor":35},{"not_picked":["champ:BringItOn","champ:GladiatorStyle","champ:FlashCut","champ:Circumvent+1"],"picked":"SKIP","floor":37},{"not_picked":["champ:Haymaker+1","champ:IgnorePain","champ:FlashCut+1","champ:StanceDance+1"],"picked":"SKIP","floor":40},{"not_picked":["champ:EndlessRage","champ:FightOn","champ:EnGarde","champ:DefensiveShout+1"],"picked":"SKIP","floor":42},{"not_picked":["champ:RecklessLeap+1","champ:FanOfKnives+1","champ:CrookedStrike+1","champ:FocusedBerserking"],"picked":"SKIP","floor":45},{"not_picked":["champ:StrikeOfGenius","champ:Backstep+1","champ:FocusedDefense+1","champ:FlashCut+1"],"picked":"SKIP","floor":54}],"player_experience":260923,"relics_obtained":[{"floor":11,"key":"Akabeko"},{"floor":13,"key":"Omamori"},{"floor":26,"key":"Vajra"},{"floor":27,"key":"Question Card"},{"floor":31,"key":"Pen Nib"},{"floor":32,"key":"Lantern"},{"floor":36,"key":"Pocketwatch"},{"floor":40,"key":"Molten Egg 2"},{"floor":40,"key":"Oddly Smooth Stone"},{"floor":41,"key":"CeramicFish"},{"floor":42,"key":"Nunchaku"},{"floor":42,"key":"Calipers"},{"floor":43,"key":"Happy Flower"},{"floor":44,"key":"Smiling Mask"},{"floor":47,"key":"Strawberry"},{"floor":49,"key":"Bag of Marbles"},{"floor":53,"key":"Gremlin Horn"},{"floor":54,"key":"Mercury Hourglass"},{"floor":54,"key":"Toy Ornithopter"}],"event_choices":[{"damage_healed":0,"gold_gain":175,"player_choice":"AGREE","damage_taken":154,"max_hp_gain":0,"max_hp_loss":0,"event_name":"betterThird:BetterSerpent","floor":5,"gold_loss":0},{"cards_removed":["Doubt"],"damage_healed":0,"gold_gain":0,"player_choice":"Purged","damage_taken":0,"max_hp_gain":0,"max_hp_loss":0,"event_name":"Purifier","floor":6,"gold_loss":0},{"damage_healed":0,"gold_gain":0,"player_choice":"Ignored","damage_taken":0,"max_hp_gain":0,"max_hp_loss":0,"event_name":"Accursed Blacksmith","floor":29,"gold_loss":0},{"damage_healed":0,"gold_gain":0,"player_choice":"Fight","damage_taken":0,"max_hp_gain":0,"max_hp_loss":0,"event_name":"Mysterious Sphere","floor":36,"gold_loss":0},{"damage_healed":0,"gold_gain":0,"player_choice":"Max HP","damage_taken":0,"max_hp_gain":0,"max_hp_loss":5,"event_name":"Winding Halls","floor":38,"gold_loss":0},{"damage_healed":0,"gold_gain":0,"player_choice":"Cursed","damage_taken":0,"max_hp_gain":0,"max_hp_loss":0,"event_name":"Wheel of Change","floor":48,"gold_loss":0,"cards_obtained":["Decay"]}],"is_beta":false,"boss_relics":[{"not_picked":["Philosopher\u0027s Stone","Cursed Key"],"picked":"Sozu"},{"not_picked":["SlaversCollar","Calling Bell"],"picked":"Black Star"}],"items_purged_floors":[],"is_endless":false,"potions_floor_spawned":[3,4,10,11,14,18,21,22,25,35,36,40],"killed_by":"The Heart","ascension_level":0}}