{"host":"49c2zf0lajbcs427","time":1608357874,"event":{"mods":["AchievementEnabler","BaseMod","Colored Map","Colored Powertips","Highlight Path","Minty Spire (QoL Compilation)","Relic Stats","StSLib"],"gold_per_floor":[109,109,126,138,53,53,82,82,107,107,142,157,157,167,167,239,239,252,252,252,177,177,177,202,202,226,254,254,273,288,313,313,390,390,426,426,74,112,112,172,172,198,249,292,327,163,193,238,238,238],"floor_reached":51,"playtime":7186,"items_purged":["Strike_P"],"score":1948,"play_id":"df362bb9-bf60-4481-9548-9fd3875dac39","local_time":"20201219190434","is_ascension_mode":true,"campfire_choices":[{"data":"Conclude","floor":6,"key":"SMITH"},{"data":"Eruption","floor":8,"key":"SMITH"},{"data":"EmptyFist","floor":10,"key":"SMITH"},{"data":"DeusExMachina","floor":15,"key":"SMITH"},{"data":"Scrawl","floor":23,"key":"SMITH"},{"data":"WaveOfTheHand","floor":25,"key":"SMITH"},{"data":"CrushJoints","floor":28,"key":"SMITH"},{"data":"MentalFortress","floor":32,"key":"SMITH"},{"data":"Scrawl","floor":41,"key":"SMITH"},{"data":"Wish","floor":49,"key":"SMITH"}],"circlet_count":0,"master_deck":["AscendersBane","Strike_P","Strike_P","Defend_P","Defend_P","Defend_P","Defend_P","Eruption+1","Vigilance","EmptyFist+1","MentalFortress+1","FearNoEvil","ClearTheMind","DeusExMachina+1","WaveOfTheHand+1","SandsOfTime","Scrawl+1","EmptyBody","CutThroughFate","CrushJoints+1","Crescendo","Sanctity","Collect+1","Wish+1","Indignation","Scrawl+1","FlurryOfBlows","Adaptation","ConjureBlade+1","Tantrum+1","ClearTheMind+1","Tantrum","ClearTheMind+1","ClearTheMind+1","LikeWater","ForeignInfluence+1","Vault+1"],"relics":["Coffee Dripper","Nunchaku","Bag of Preparation","Ancient Tea Set","SlaversCollar","Bottled Lightning","InkBottle","Toy Ornithopter","Akabeko","Letter Opener","Black Star","Vajra","Anchor","StrikeDummy","Toxic Egg 2","Orichalcum","Centennial Puzzle","Orrery","Damaru","Lantern"],"acts_visited":["Exordium","TheCity","TheBeyond"],"potions_floor_usage":[7,7,7,24,31,31,42,42,42,50],"damage_taken":[{"damage":0,"enemies":"Small Slimes","floor":1,"turns":2},{"damage":3,"enemies":"2 Louse","floor":3,"turns":3},{"damage":7,"enemies":"Jaw Worm","floor":4,"turns":2},{"damage":0,"enemies":"Lagavulin","floor":7,"turns":3},{"damage":0,"enemies":"3 Sentries","floor":11,"turns":2},{"damage":6,"enemies":"Exordium Thugs","floor":12,"turns":3},{"damage":5,"enemies":"Exordium Wildlife","floor":14,"turns":3},{"damage":0,"enemies":"Slime Boss","floor":16,"turns":4},{"damage":18,"enemies":"2 Thieves","floor":18,"turns":4},{"damage":4,"enemies":"Book of Stabbing","floor":24,"turns":3},{"damage":0,"enemies":"Gremlin Leader","floor":27,"turns":5},{"damage":3,"enemies":"Shell Parasite","floor":29,"turns":2},{"damage":0,"enemies":"Chosen and Byrds","floor":30,"turns":3},{"damage":0,"enemies":"Book of Stabbing","floor":31,"turns":3},{"damage":22,"enemies":"Collector","floor":33,"turns":7},{"damage":0,"enemies":"3 Darklings","floor":35,"turns":4},{"damage":7,"enemies":"Orb Walker","floor":38,"turns":3},{"damage":9,"enemies":"Giant Head","floor":40,"turns":4},{"damage":0,"enemies":"Reptomancer","floor":42,"turns":3},{"damage":0,"enemies":"3 Darklings","floor":44,"turns":2},{"damage":0,"enemies":"Sphere and 2 Shapes","floor":45,"turns":2},{"damage":0,"enemies":"Nemesis","floor":47,"turns":3},{"damage":0,"enemies":"Spire Growth","floor":48,"turns":2},{"damage":0,"enemies":"Donu and Deca","floor":50,"turns":4}],"seed_played":"5110311386202810143","potions_obtained":[{"floor":4,"key":"EntropicBrew"},{"floor":11,"key":"Strength Potion"},{"floor":12,"key":"EntropicBrew"},{"floor":24,"key":"GamblersBrew"},{"floor":42,"key":"Block Potion"},{"floor":45,"key":"GamblersBrew"},{"floor":47,"key":"StancePotion"}],"is_trial":false,"path_per_floor":["M","?","M","M","$","R","E","R","T","R","E","M","?","M","R","B",null,"M","?","?","$","T","R","E","R","T","E","R","M","M","E","R","B",null,"M","?","$","M","?","E","R","E","T","M","M","$","E","M","R","B",null],"character_chosen":"WATCHER","items_purchased":["FearNoEvil","Scrawl","Vajra","FlurryOfBlows","Orrery"],"campfire_rested":0,"item_purchase_floors":[5,37,37,37,46],"current_hp_per_floor":[61,61,58,51,51,51,51,51,51,51,51,45,38,33,33,33,59,41,41,41,41,41,41,37,37,37,37,37,34,34,44,44,22,57,57,57,57,50,65,56,56,65,65,65,65,65,65,65,65,65],"gold":238,"neow_bonus":"BOSS_RELIC","is_daily":false,"chose_seed":false,"campfire_upgraded":10,"win_rate":0.0,"timestamp":1608357874,"path_taken":["M","?","M","M","$","R","E","R","T","R","E","M","?","?","R","BOSS","M","?","?","?","?","R","E","R","T","E","R","M","M","E","R","BOSS","M","?","$","M","?","E","R","E","T","?","M","?","E","M","R","BOSS"],"items_purchased_type":["Card","Card","Relic","Card","Relic"],"build_version":"2020-12-13","purchased_purges":1,"victory":true,"max_hp_per_floor":[68,68,68,68,68,68,68,68,68,68,68,68,68,68,68,68,68,68,68,68,68,68,68,68,68,68,68,68,68,68,68,68,68,68,68,65,65,65,65,65,65,65,65,65,65,65,65,65,65,65],"relic_stats":{"Nunchaku":[22],"Centennial Puzzle":[0],"counters":[24,76],"Bag of Preparation":[40],"Black Star":3,"Letter Opener":[265],"Orichalcum":[0],"obtain_stats":[{"Lantern":47,"Vajra":37,"Damaru":47,"Bag of Preparation":9,"Letter Opener":31,"Orichalcum":42,"Ancient Tea Set":11,"Akabeko":27,"SlaversCollar":17,"Nunchaku":7,"Anchor":40,"Centennial Puzzle":43,"Orrery":46,"Coffee Dripper":0,"Black Star":34,"Bottled Lightning":22,"PureWater":0,"Toxic Egg 2":42,"StrikeDummy":40,"InkBottle":24,"Toy Ornithopter":26},{"Lantern":22,"Vajra":16,"Damaru":22,"Bag of Preparation":4,"Letter Opener":14,"Orichalcum":19,"Ancient Tea Set":5,"Akabeko":11,"SlaversCollar":8,"Nunchaku":4,"Anchor":18,"Centennial Puzzle":19,"Orrery":21,"Coffee Dripper":0,"Black Star":15,"Bottled Lightning":9,"PureWater":0,"Toxic Egg 2":19,"StrikeDummy":18,"InkBottle":10,"Toy Ornithopter":10},{"Lantern":70,"Vajra":53,"Damaru":70,"Bag of Preparation":10,"Letter Opener":42,"Orichalcum":63,"Ancient Tea Set":12,"Akabeko":34,"SlaversCollar":22,"Nunchaku":10,"Anchor":60,"Centennial Puzzle":63,"Orrery":67,"Coffee Dripper":0,"Black Star":49,"Bottled Lightning":26,"PureWater":0,"Toxic Egg 2":63,"StrikeDummy":60,"InkBottle":29,"Toy Ornithopter":29}],"InkBottle":[28],"Toy Ornithopter":19},"card_choices":[{"not_picked":["FlyingSleeves","Swivel"],"picked":"Conclude","floor":1},{"not_picked":["ThirdEye","Protect"],"picked":"EmptyFist","floor":3},{"not_picked":["BowlingBash","EmptyBody"],"picked":"MentalFortress","floor":4},{"not_picked":["PathToVictory","BowlingBash"],"picked":"ClearTheMind","floor":7},{"not_picked":["FollowUp","Wallop"],"picked":"DeusExMachina","floor":11},{"not_picked":["EmptyFist","SashWhip"],"picked":"WaveOfTheHand","floor":12},{"not_picked":["Weave","Worship"],"picked":"SandsOfTime","floor":14},{"not_picked":["Devotion","Blasphemy"],"picked":"Scrawl","floor":16},{"not_picked":["ThirdEye","Collect"],"picked":"EmptyBody","floor":18},{"not_picked":["ThirdEye","ClearTheMind"],"picked":"CutThroughFate","floor":24},{"not_picked":["MasterReality","Conclude"],"picked":"CrushJoints","floor":27},{"not_picked":["Adaptation","ClearTheMind"],"picked":"Crescendo","floor":29},{"not_picked":["FlurryOfBlows","Protect"],"picked":"Sanctity","floor":30},{"not_picked":["EmptyFist","Prostrate"],"picked":"Collect+1","floor":31},{"not_picked":["DevaForm","Ragnarok"],"picked":"Wish","floor":33},{"not_picked":["CarveReality","ThirdEye"],"picked":"Indignation","floor":35},{"not_picked":["SashWhip+1","EmptyBody+1"],"picked":"Adaptation","floor":38},{"not_picked":["SashWhip","Worship","Indignation"],"picked":"SKIP","floor":40},{"not_picked":["Nirvana","Evaluate+1"],"picked":"ConjureBlade+1","floor":42},{"not_picked":["Collect+1","BattleHymn+1"],"picked":"Tantrum+1","floor":44},{"not_picked":["PathToVictory+1","WreathOfFlame+1"],"picked":"ClearTheMind+1","floor":45},{"not_picked":["FollowUp","Consecrate"],"picked":"Tantrum","floor":46},{"not_picked":["Study+1","Consecrate"],"picked":"ClearTheMind+1","floor":46},{"not_picked":["Fasting2","Swivel+1"],"picked":"ClearTheMind+1","floor":46},{"not_picked":["Prostrate+1","Study"],"picked":"LikeWater","floor":46},{"not_picked":["Nirvana","EmptyBody+1"],"picked":"ForeignInfluence+1","floor":46},{"not_picked":["Prostrate+1","Consecrate"],"picked":"Vault+1","floor":47},{"not_picked":["ReachHeaven","Weave","Evaluate+1"],"picked":"SKIP","floor":48}],"player_experience":2113041,"relics_obtained":[{"floor":7,"key":"Nunchaku"},{"floor":9,"key":"Bag of Preparation"},{"floor":11,"key":"Ancient Tea Set"},{"floor":22,"key":"Bottled Lightning"},{"floor":24,"key":"InkBottle"},{"floor":26,"key":"Toy Ornithopter"},{"floor":27,"key":"Akabeko"},{"floor":31,"key":"Letter Opener"},{"floor":40,"key":"Anchor"},{"floor":40,"key":"StrikeDummy"},{"floor":42,"key":"Toxic Egg 2"},{"floor":42,"key":"Orichalcum"},{"floor":43,"key":"Centennial Puzzle"},{"floor":47,"key":"Damaru"},{"floor":47,"key":"Lantern"}],"event_choices":[{"damage_healed":0,"gold_gain":0,"player_choice":"Leave","damage_taken":0,"max_hp_gain":0,"max_hp_loss":0,"event_name":"The Cleric","floor":2,"gold_loss":0},{"cards_removed":["Strike_P"],"damage_healed":0,"gold_gain":0,"player_choice":"Card Removal","damage_taken":7,"max_hp_gain":0,"max_hp_loss":0,"event_name":"Golden Wing","floor":13,"gold_loss":0},{"damage_healed":0,"gold_gain":0,"player_choice":"Ignored","damage_taken":0,"max_hp_gain":0,"max_hp_loss":0,"event_name":"Ghosts","floor":19,"gold_loss":0},{"damage_healed":0,"gold_gain":0,"player_choice":"Ignored","damage_taken":0,"max_hp_gain":0,"max_hp_loss":0,"event_name":"The Mausoleum","floor":20,"gold_loss":0},{"damage_healed":0,"gold_gain":0,"player_choice":"Max HP","damage_taken":0,"max_hp_gain":0,"max_hp_loss":3,"event_name":"Winding Halls","floor":36,"gold_loss":0},{"cards_removed":["Conclude"],"damage_healed":15,"gold_gain":0,"player_choice":"Offered Uncommon","damage_taken":0,"max_hp_gain":0,"max_hp_loss":0,"event_name":"Bonfire Elementals","floor":39,"gold_loss":0}],"is_beta":false,"boss_relics":[{"not_picked":["SacredBark","Cursed Key"],"picked":"SlaversCollar"},{"not_picked":["Velvet Choker","Philosopher\u0027s Stone"],"picked":"Black Star"}],"items_purged_floors":[21],"is_endless":false,"potions_floor_spawned":[4,11,12,18,24,27,29,40,42,45,47],"ascension_level":17}}