{"host":"02w9hl92h62kgkzk","time":1608411195,"event":{"mods":["2.2 Compatiblity","AchievementEnabler","Act Like it!","AlwaysNeverKeys","Aspiration","Bard","BaseMod","Better Altar","Better Match","Better Note","Better Sensory Stone","Better Skull","Better Third Choice","Better Vampires","BetterRewards","Block Reminder","CCEM","ChefMod","Colored Map","Colored Powertips","Conspire","Downfall","Ekko","Elementarium","Emptier Cage","Energized Spire","Friendly Minions","FruityMod","Gensokyo","GifTheSpireLib","Halation","Hallownest","Hermit","Hubris","Jorbs\u0027s Wanderer Trilogy","Magitek Elite","Marisa????????","Marked Mod","Minty Spire (QoL Compilation)","Permanent Neow","QueenMod","Quick Restart","Random Character Mod","Rare Cards Sparkle","Replay The Spire","Retaliation","Reworked Bosses","Robot Space Explorer","SIMod","Shade Mod","Shop Mod","Spicy Shops","Spikes Relics","StSLib","Stuff the Spire","Synergy Search","The Administrix","The Animator","The Blackbeard","The Blue Laboratory","The Bug Knight","The Construct","The Cursed","The Death Knight","The Disciple","The Factory","The Florist","The Forsaken","The Gatherer","The Hayseed","The Hierophant","The Jungle","The Marked","The Runesmith","The Valiant","The Wild Card","TheHero","TheVacant","Trackpad","Transform Curses","Unceasing Turn Reminder","Wandering Minibosses","thorton","vexMod"],"gold_per_floor":[116,116,127,202,63,63,92,92,92,92,92,92,92,102,102,205,205,218,218,218,134,145,145,171,171,171,371,371,389,120,133,133,233,233,244,263,263,278,278,313,313,212,212,347,357,375,11,45,45,45,45],"floor_reached":50,"playtime":2482,"items_purged":["theMarked:Frustration","InfectiousVector","Well Laid Plans","hubris:TrickCloak+1","theMarked:EmpowerWeapon"],"score":614,"play_id":"0bfe1181-88d7-4e85-85f5-c5e65d40f9bf","local_time":"20201219145315","daily_mods":["Draft","Heirloom"],"is_ascension_mode":false,"campfire_choices":[{"data":"theMarked:Aftermath","floor":6,"key":"SMITH"},{"data":"theMarked:Aftermath","floor":8,"key":"SMITH"},{"data":"theMarked:Reabsorb","floor":10,"key":"SMITH"},{"data":"theMarked:Electrocute","floor":12,"key":"SMITH"},{"data":"theMarked:LightningStrikesTwice","floor":15,"key":"SMITH"},{"data":"theMarked:Indomitable","floor":23,"key":"SMITH"},{"data":"theMarked:ChainLightning","floor":25,"key":"SMITH"},{"data":"theMarked:TwofoldDefense","floor":32,"key":"PURGE"},{"data":"theMarked:TurnInvisible","floor":41,"key":"SMITH"},{"floor":49,"key":"REST"}],"circlet_count":0,"master_deck":["theMarked:Reabsorb+1","theMarked:Aftermath+1","theMarked:Indomitable+1","theMarked:Electrocute+1","theMarked:Aftermath+1","theMarked:ChainLightning","theMarked:WastefulAttack","theMarked:ChainLightning+1","theMarked:RepellingDischarge+1","theMarked:LightningStrikesTwice+1","theMarked:UnarmedFury+1","theMarked:Overcharge+1","theMarked:SummonStrength","theMarked:SwordAndMagic+1","theMarked:TurnInvisible+1","theMarked:ChainLightning+1","theMarked:MagicAdept"],"relics":["theMarked:ArtifactOfAir","Ring of Chaos","MerchantsRug","energizedSpire:OgreHead","ReplayFunnel","theForsaken:ScaryMask","Thread and Needle","SlaversCollar","halation:PurpleSoulGem","Boot","hubris:CrystalStatue","Mercury Hourglass","Runesmith:Nanobots","theForsaken:Gavel"],"acts_visited":["Exordium","TheCity","TheBeyond"],"potions_floor_usage":[16,35,50],"damage_taken":[{"damage":0,"enemies":"Small Slimes","floor":1,"turns":2},{"damage":0,"enemies":"Cultist","floor":3,"turns":2},{"damage":9,"enemies":"Replay:BlueRogue","floor":7,"turns":4},{"damage":1,"enemies":"Jaw Worm","floor":14,"turns":3},{"damage":19,"enemies":"The Guardian","floor":16,"turns":9},{"damage":12,"enemies":"conspire:FuzzyDice","floor":18,"turns":4},{"damage":0,"enemies":"Spheric Guardian","floor":22,"turns":2},{"damage":26,"enemies":"Book of Stabbing","floor":24,"turns":4},{"damage":0,"enemies":"Centurion and Healer","floor":29,"turns":2},{"damage":0,"enemies":"Snake Plant","floor":31,"turns":2},{"damage":24,"enemies":"Automaton","floor":33,"turns":5},{"damage":6,"enemies":"3 Darklings","floor":35,"turns":4},{"damage":3,"enemies":"Orb Walker","floor":36,"turns":3},{"damage":8,"enemies":"Spire Growth","floor":38,"turns":3},{"damage":16,"enemies":"R_Hoarder","floor":40,"turns":5},{"damage":15,"enemies":"Jaw Worm Horde","floor":45,"turns":4},{"damage":0,"enemies":"Transient","floor":46,"turns":5},{"damage":0,"enemies":"Nemesis","floor":48,"turns":5},{"damage":23,"enemies":"Replay:Hell Engine","floor":50,"turns":10}],"seed_played":"-2905417592087142628","potions_obtained":[{"floor":3,"key":"ColorlessPotion"},{"floor":7,"key":"blueLaboratory:RememoryPotion"},{"floor":14,"key":"Flashbang"},{"floor":19,"key":"blueLaboratory:TrueEctoplasm"},{"floor":19,"key":"DeathKnight:RimePotion"},{"floor":22,"key":"Reflective Coating"},{"floor":24,"key":"FearPotion"},{"floor":31,"key":"Explosive Potion"},{"floor":36,"key":"blueLaboratory:BottleOfRum"},{"floor":40,"key":"blueLaboratory:ForbiddenFruitJuice"},{"floor":44,"key":"FairyPotion"},{"floor":45,"key":"blueLaboratory:BottleOfRum"},{"floor":48,"key":"Doom Potion"}],"is_trial":true,"path_per_floor":["M","?","M","?","$","R","E","R","T","R","?","R","?","M","R","B",null,"M","?","?","$","M","R","E","R","T","?","?","M","$","M","R_BF","B",null,"M","M","?","M","?","E","R","$","T","?","M","M","$","E","R","B"],"character_chosen":"THE_DEFAULT","items_purchased":["MerchantsRug","Thread and Needle","Runesmith:Nanobots"],"campfire_rested":1,"item_purchase_floors":[5,30,47],"current_hp_per_floor":[70,70,70,70,70,70,61,61,61,61,61,61,47,46,46,27,70,58,58,58,58,58,58,32,32,32,32,32,32,32,32,32,8,70,64,61,61,53,53,37,37,37,37,37,1,1,1,1,22,0,0],"gold":45,"neow_bonus":"","is_daily":false,"chose_seed":false,"campfire_upgraded":8,"win_rate":0.0,"timestamp":1608411195,"path_taken":["M","?","?","?","$","R","E","R","T","R","?","R","?","M","R","BOSS","M","?","?","$","M","R","E","R","T","?","?","?","$","M","R_BF","BOSS","M","M","?","M","?","E","R","?","T","?","M","?","$","E","R","BOSS"],"items_purchased_type":["Relic","Relic","Relic"],"build_version":"2020-12-13","purchased_purges":5,"victory":false,"max_hp_per_floor":[70,70,70,70,70,70,70,70,70,70,70,70,70,70,70,70,70,70,70,70,70,70,70,70,70,70,70,70,70,70,70,70,70,70,70,70,70,70,70,70,70,70,70,70,70,70,70,70,70,70,70],"card_choices":[{"not_picked":["theMarked:ChainLightning","theMarked:TunnelVision"],"picked":"theMarked:Reabsorb","floor":0},{"not_picked":["theMarked:Improvise","theMarked:ResourceFulStrike"],"picked":"theMarked:Aftermath","floor":0},{"not_picked":["theMarked:HeightenedSenses","theMarked:EnhancedHearing"],"picked":"theMarked:Indomitable","floor":0},{"not_picked":["theMarked:Frustration","theMarked:ChainLightning"],"picked":"theMarked:Electrocute","floor":0},{"not_picked":["theMarked:ParalyzingBlade","theMarked:Panic"],"picked":"theMarked:TwofoldDefense","floor":0},{"not_picked":["theMarked:EnhanceMovement","theMarked:ResourceFulStrike"],"picked":"theMarked:Aftermath","floor":0},{"not_picked":["theMarked:PowerFlow","theMarked:TakeCover"],"picked":"theMarked:ChainLightning","floor":0},{"not_picked":["theMarked:Indomitable","theMarked:WastefulDefense"],"picked":"theMarked:Static","floor":0},{"not_picked":["theMarked:BanishingStrike","theMarked:SwordAndMagic"],"picked":"theMarked:WardOff","floor":0},{"not_picked":["theMarked:MagicAdept","theMarked:Frustration"],"picked":"theMarked:WastefulAttack","floor":0},{"not_picked":["theMarked:MagicAdept","theMarked:BanishingStrike"],"picked":"theMarked:EmpowerWeapon","floor":0},{"not_picked":["theMarked:Opportunist","theMarked:ResourceFulStrike"],"picked":"theMarked:PowerFlow","floor":0},{"not_picked":["theMarked:RepellingDischarge","theMarked:ReduceFriction"],"picked":"theMarked:ChainLightning","floor":0},{"not_picked":["theMarked:MysticalArsenal","theMarked:WardOff"],"picked":"theMarked:Frustration","floor":0},{"not_picked":["theMarked:Static","theMarked:BanishingStrike"],"picked":"theMarked:RepellingDischarge","floor":0},{"not_picked":["theMarked:Electrocute","theMarked:CreepingChasm"],"picked":"theMarked:GodGivenPower","floor":1},{"not_picked":["theMarked:RepellingDischarge","theMarked:HeritageOfTheMarked","theMarked:WastefulAttack"],"picked":"SKIP","floor":3},{"not_picked":["theMarked:EnhancedHearing","theMarked:HeightenedSenses","theMarked:BanishingStrike"],"picked":"SKIP","floor":7},{"not_picked":["theMarked:ParalyzingBlade","theMarked:TunnelVision"],"picked":"theMarked:LightningStrikesTwice","floor":14},{"not_picked":["theMarked:SummonStrength","theMarked:MuscleMemory"],"picked":"theMarked:UnarmedFury","floor":16},{"not_picked":["theMarked:WastefulAttack+1","theMarked:Panic"],"picked":"theMarked:Overcharge+1","floor":18},{"not_picked":["theMarked:WardOff","theMarked:TakeCover","theMarked:Aftermath"],"picked":"SKIP","floor":22},{"not_picked":["theMarked:Panic","theMarked:ChainLightning","theMarked:Generate"],"picked":"SKIP","floor":24},{"not_picked":["theMarked:Frustration","theMarked:WastefulDefense","theMarked:TwofoldDefense"],"picked":"SKIP","floor":29},{"not_picked":["theMarked:TwofoldDefense","theMarked:StartUp","theMarked:WastefulDefense"],"picked":"SKIP","floor":31},{"not_picked":["theMarked:DispelDoubt","theMarked:EternalStudent"],"picked":"theMarked:SummonStrength","floor":33},{"not_picked":["theMarked:EmpowerWeapon+1","theMarked:Aftermath","theMarked:WastefulAttack"],"picked":"SKIP","floor":35},{"not_picked":["theMarked:Frustration+1","theMarked:MaelstromOfLightning"],"picked":"theMarked:SwordAndMagic+1","floor":36},{"not_picked":["theMarked:Panic+1","theMarked:RepellingDischarge","theMarked:WardOff+1"],"picked":"SKIP","floor":38},{"not_picked":["theMarked:GodGivenPower+1","theMarked:Aftermath"],"picked":"theMarked:TurnInvisible","floor":40},{"not_picked":["expansioncontent:GuardianWhirl","Panache","Panacea"],"picked":"SKIP","floor":44},{"not_picked":["theMarked:RepellingDischarge","theMarked:WastefulDefense"],"picked":"theMarked:ChainLightning+1","floor":45},{"not_picked":["theMarked:StartUp","theMarked:BanishingStrike"],"picked":"theMarked:MagicAdept","floor":46},{"not_picked":["theMarked:WastefulAttack","theMarked:HeightenedSenses+1","theMarked:EmpowerWeapon"],"picked":"SKIP","floor":48}],"player_experience":1059386,"relics_obtained":[{"floor":7,"key":"SnailShell"},{"floor":9,"key":"Pet Ghost"},{"floor":24,"key":"ReplayFunnel"},{"floor":26,"key":"theForsaken:ScaryMask"},{"floor":40,"key":"Boot"},{"floor":43,"key":"hubris:CrystalStatue"},{"floor":44,"key":"Mercury Hourglass"},{"floor":48,"key":"theForsaken:Gavel"}],"event_choices":[{"cards_removed":["theMarked:WardOff"],"damage_healed":0,"gold_gain":0,"player_choice":"Purged","damage_taken":0,"max_hp_gain":0,"max_hp_loss":0,"event_name":"Purifier","floor":2,"gold_loss":0},{"damage_healed":61,"gold_gain":0,"player_choice":"Upgrade","damage_taken":14,"max_hp_gain":0,"max_hp_loss":70,"event_name":"betterThird:BetterShining","floor":13,"gold_loss":0,"cards_upgraded":["hubris:TrickCloak","theMarked:RepellingDischarge"]},{"damage_healed":0,"gold_gain":0,"player_choice":"Got Potions","damage_taken":0,"max_hp_gain":0,"max_hp_loss":0,"event_name":"Lab","floor":19,"gold_loss":0},{"damage_healed":0,"gold_gain":0,"player_choice":"Upgraded","damage_taken":0,"max_hp_gain":0,"max_hp_loss":0,"event_name":"Upgrade Shrine","floor":20,"gold_loss":0,"cards_upgraded":["theMarked:UnarmedFury"]},{"damage_healed":0,"gold_gain":250,"player_choice":"Bet on Owner","damage_taken":0,"max_hp_gain":0,"max_hp_loss":0,"event_name":"The Joust","floor":27,"gold_loss":50},{"damage_healed":0,"gold_gain":0,"player_choice":"Became a vampire","damage_taken":0,"max_hp_gain":0,"max_hp_loss":0,"event_name":"Vampires","floor":28,"gold_loss":0,"cards_obtained":[]},{"damage_healed":0,"gold_gain":0,"player_choice":"Random: Red","damage_taken":0,"max_hp_gain":0,"max_hp_loss":0,"event_name":"betterThird:BetterPortal","floor":44,"gold_loss":0}],"is_beta":false,"boss_relics":[{"not_picked":["vexMod:TanglingVine","halation:CatFaceCupcake"],"picked":"energizedSpire:OgreHead"},{"not_picked":["Astrolabe","vexMod:DeviousBotling"],"picked":"SlaversCollar"}],"items_purged_floors":[5,21,21,42,47],"is_endless":false,"potions_floor_spawned":[3,7,14,22,24,31,36,40,45,48],"killed_by":"Replay:Hell Engine","ascension_level":0}}