{"host":"rj1j8apb2x4vafcu","time":1608399732,"event":{"mods":["AchievementEnabler","BaseMod","Colored Map","Colored Powertips","Minty Spire (QoL Compilation)","StSLib"],"gold_per_floor":[217,392,392,405,415,433,433,281,281,294,323,340,290,365,365,365,365],"floor_reached":16,"playtime":1755,"items_purged":["Doubt"],"score":102,"play_id":"b40d71bf-2a16-4465-9173-eafb0e5fa033","local_time":"20201219154212","is_ascension_mode":false,"campfire_choices":[{"data":"Catalyst","floor":7,"key":"SMITH"},{"floor":15,"key":"REST"}],"circlet_count":0,"master_deck":["Strike_G","Strike_G","Strike_G","Strike_G","Defend_G","Defend_G","Defend_G","Defend_G","Defend_G","Survivor","Neutralize","Catalyst+1","Bane","Backflip","Poisoned Stab","Well Laid Plans","After Image","Outmaneuver","Crippling Poison"],"relics":["Ring of the Snake","Mummified Hand","Gremlin Horn"],"acts_visited":["Exordium"],"potions_floor_usage":[10,11,12],"damage_taken":[{"damage":0,"enemies":"Jaw Worm","floor":1,"turns":5},{"damage":0,"enemies":"Small Slimes","floor":4,"turns":6},{"damage":0,"enemies":"2 Louse","floor":5,"turns":4},{"damage":0,"enemies":"Large Slime","floor":6,"turns":8},{"damage":20,"enemies":"Exordium Thugs","floor":10,"turns":5},{"damage":23,"enemies":"3 Sentries","floor":11,"turns":10},{"damage":13,"enemies":"Red Slaver","floor":12,"turns":2},{"damage":35,"enemies":"Hexaghost","floor":16,"turns":14}],"seed_played":"3577626845201288105","potions_obtained":[{"floor":4,"key":"Strength Potion"},{"floor":5,"key":"DuplicationPotion"},{"floor":10,"key":"ColorlessPotion"}],"is_trial":false,"path_per_floor":["M","?","?","M","M","M","R","$","T","M","E","M","?","?","R","B"],"character_chosen":"THE_SILENT","items_purchased":["Well Laid Plans"],"campfire_rested":1,"item_purchase_floors":[8],"current_hp_per_floor":[70,70,75,75,75,75,75,75,75,55,32,19,19,8,30,0,0],"gold":365,"neow_bonus":"HUNDRED_GOLD","is_daily":false,"chose_seed":false,"campfire_upgraded":1,"win_rate":0.0,"timestamp":1608399732,"path_taken":["M","?","?","M","M","M","R","$","T","M","E","M","?","?","R","BOSS"],"items_purchased_type":["Card"],"build_version":"2020-12-13","purchased_purges":1,"victory":false,"max_hp_per_floor":[70,70,75,75,75,75,75,75,75,75,75,75,75,75,75,75,75],"card_choices":[{"not_picked":["Acrobatics","Choke"],"picked":"Catalyst","floor":1},{"not_picked":["PiercingWail","Outmaneuver"],"picked":"Bane","floor":4},{"not_picked":["Outmaneuver","Eviscerate"],"picked":"Backflip","floor":5},{"not_picked":["Dagger Throw","Outmaneuver"],"picked":"Poisoned Stab","floor":6},{"not_picked":["Bane","Escape Plan"],"picked":"After Image","floor":10},{"not_picked":["Slice","Quick Slash"],"picked":"Outmaneuver","floor":11},{"not_picked":["Outmaneuver","Slice"],"picked":"Crippling Poison","floor":12}],"player_experience":69226,"relics_obtained":[{"floor":9,"key":"Mummified Hand"},{"floor":11,"key":"Gremlin Horn"}],"event_choices":[{"damage_healed":0,"gold_gain":175,"player_choice":"AGREE","damage_taken":0,"max_hp_gain":0,"max_hp_loss":0,"event_name":"Liars Game","floor":2,"gold_loss":0,"cards_obtained":["Doubt"]},{"damage_healed":0,"gold_gain":0,"player_choice":"Donut","damage_taken":0,"max_hp_gain":5,"max_hp_loss":0,"event_name":"Big Fish","floor":3,"gold_loss":0},{"cards_removed":["Strike_G"],"damage_healed":0,"gold_gain":0,"player_choice":"Card Removal","damage_taken":0,"max_hp_gain":0,"max_hp_loss":0,"event_name":"The Cleric","floor":13,"gold_loss":50},{"damage_healed":0,"gold_gain":75,"player_choice":"Gather Gold","damage_taken":11,"max_hp_gain":0,"max_hp_loss":0,"event_name":"World of Goop","floor":14,"gold_loss":0}],"is_beta":false,"boss_relics":[],"items_purged_floors":[8],"is_endless":false,"potions_floor_spawned":[4,5,10],"killed_by":"Hexaghost","ascension_level":0}}