{"host":"4qkvkh7pd9qr2mca","time":1608401597,"event":{"mods":["AchievementEnabler","BaseMod","Colored Map","Colored Powertips","Highlight Path","Minty Spire (QoL Compilation)","Permanent Neow","Quick Restart","StSLib","SuperFastMode"],"gold_per_floor":[111,123,48,67,78,107,107,139,214,75,75,89,100,111,111,186,186,202,214,8,27,43,43,73,73,122,149,149,165,176,176,176],"floor_reached":31,"playtime":1233,"items_purged":["Normality","Strike_R","Strike_R"],"score":632,"play_id":"f7560083-6f88-4b51-a726-742dae3927e6","local_time":"20201219191317","is_ascension_mode":true,"campfire_choices":[{"data":"Apotheosis","floor":7.0,"key":"SMITH"},{"floor":15.0,"key":"REST"},{"floor":23.0,"key":"REST"},{"floor":25.0,"key":"REST"},{"floor":28,"key":"REST"}],"circlet_count":0,"master_deck":["AscendersBane","Strike_R","Strike_R","Strike_R","Defend_R","Defend_R","Defend_R","Defend_R","Bash","Apotheosis+1","Shrug It Off","Dropkick","Power Through","Berserk+1","Fire Breathing","Wild Strike","Reckless Charge","Cleave","Whirlwind","Shrug It Off","Offering","Burning Pact","Evolve","Spot Weakness","Pummel","Fiend Fire","Burning Pact","Burning Pact","Thunderclap"],"relics":["Burning Blood","Lizard Tail","Champion Belt","Pantograph","Mark of Pain","Smiling Mask","Anchor","Turnip"],"acts_visited":["Exordium","TheCity"],"potions_floor_usage":[],"damage_taken":[{"damage":0.0,"enemies":"Cultist","floor":1.0,"turns":3.0},{"damage":6.0,"enemies":"2 Louse","floor":2.0,"turns":3.0},{"damage":7.0,"enemies":"Small Slimes","floor":4.0,"turns":6.0},{"damage":15.0,"enemies":"Exordium Wildlife","floor":5.0,"turns":5.0},{"damage":32.0,"enemies":"3 Sentries","floor":6.0,"turns":9.0},{"damage":70.0,"enemies":"Gremlin Nob","floor":8.0,"turns":5.0},{"damage":8.0,"enemies":"Blue Slaver","floor":12.0,"turns":5.0},{"damage":1.0,"enemies":"Looter","floor":13.0,"turns":4.0},{"damage":33.0,"enemies":"Gremlin Gang","floor":14.0,"turns":4.0},{"damage":27.0,"enemies":"Slime Boss","floor":16.0,"turns":7.0},{"damage":13.0,"enemies":"3 Byrds","floor":18.0,"turns":4.0},{"damage":19.0,"enemies":"Chosen","floor":19.0,"turns":5.0},{"damage":6.0,"enemies":"3 Cultists","floor":21.0,"turns":3.0},{"damage":32.0,"enemies":"Snecko","floor":22.0,"turns":5.0},{"damage":6.0,"enemies":"Gremlin Leader","floor":24.0,"turns":5.0},{"damage":20,"enemies":"Slavers","floor":27,"turns":4},{"damage":6,"enemies":"Centurion and Healer","floor":29,"turns":4},{"damage":42,"enemies":"Shelled Parasite and Fungi","floor":30,"turns":4},{"damage":40,"enemies":"Masked Bandits","floor":31,"turns":5}],"seed_played":"-918961832175730289","potions_obtained":[{"floor":1.0,"key":"EntropicBrew"},{"floor":5.0,"key":"SpeedPotion"},{"floor":6.0,"key":"ElixirPotion"},{"floor":13.0,"key":"FearPotion"},{"floor":14.0,"key":"SteroidPotion"},{"floor":16.0,"key":"EntropicBrew"},{"floor":21.0,"key":"DistilledChaos"}],"is_trial":false,"path_per_floor":["M","M","$","M","M","E","R","E","T","$","?","M","M","M","R","B",null,"M","M","$","M","M","R","E","R","T","E","R","M","M","?"],"character_chosen":"IRONCLAD","items_purchased":["Reckless Charge","Evolve"],"campfire_rested":4,"item_purchase_floors":[10,20],"current_hp_per_floor":[74,74,74,73,64,38,38,43,43,43,43,41,46,19,41,45,68,61,48,48,48,22,44,44,66,66,52,74,74,38,0,0],"gold":176,"neow_bonus":"RANDOM_COLORLESS_2","is_daily":false,"chose_seed":false,"campfire_upgraded":1,"win_rate":0.0,"timestamp":1608401597,"path_taken":["M","?","$","M","M","E","R","E","T","$","?","M","?","M","R","BOSS","M","M","$","M","?","R","E","R","T","E","R","M","M","?"],"items_purchased_type":["Card","Card"],"build_version":"2020-12-13","purchased_purges":3,"victory":false,"max_hp_per_floor":[75,75,75,75,75,75,75,75,75,75,75,75,75,75,75,75,75,75,75,75,75,75,75,75,75,75,75,75,75,75,75,75],"card_choices":[{"not_picked":["Thinking Ahead","Sadistic Nature"],"picked":"Apotheosis","floor":0.0},{"not_picked":["Havoc","Sword Boomerang"],"picked":"Shrug It Off","floor":1.0},{"not_picked":["Pummel","Fire Breathing"],"picked":"Dropkick","floor":2.0},{"not_picked":["Perfected Strike","Rupture"],"picked":"Power Through","floor":4.0},{"not_picked":["Clothesline","Twin Strike"],"picked":"Berserk","floor":5.0},{"not_picked":["Heavy Blade","Second Wind"],"picked":"Fire Breathing","floor":6.0},{"not_picked":["Perfected Strike","Headbutt"],"picked":"Wild Strike","floor":8.0},{"not_picked":["Pommel Strike","Seeing Red"],"picked":"Cleave","floor":12.0},{"not_picked":["Pommel Strike","Power Through"],"picked":"Whirlwind","floor":13.0},{"not_picked":["Wild Strike","Clothesline"],"picked":"Shrug It Off","floor":14.0},{"not_picked":["Exhume","Brutality"],"picked":"Offering","floor":16.0},{"not_picked":["Perfected Strike","Pommel Strike","Body Slam"],"picked":"SKIP","floor":18.0},{"not_picked":["Wild Strike","Heavy Blade+1"],"picked":"Burning Pact","floor":19.0},{"not_picked":["Heavy Blade","Seeing Red"],"picked":"Spot Weakness","floor":21.0},{"not_picked":["Intimidate","Flex"],"picked":"Pummel","floor":22.0},{"not_picked":["Warcry","Sword Boomerang"],"picked":"Fiend Fire","floor":24.0},{"not_picked":["Bloodletting","Blood for Blood+1"],"picked":"Burning Pact","floor":27},{"not_picked":["Wild Strike","Armaments"],"picked":"Burning Pact","floor":29},{"not_picked":["Shrug It Off","Anger"],"picked":"Thunderclap","floor":30}],"player_experience":455807,"relics_obtained":[{"floor":6.0,"key":"Lizard Tail"},{"floor":8.0,"key":"Champion Belt"},{"floor":9.0,"key":"Pantograph"},{"floor":24.0,"key":"Smiling Mask"},{"floor":26.0,"key":"Anchor"},{"floor":27,"key":"Turnip"}],"event_choices":[{"damage_healed":0.0,"max_hp_gain":0.0,"max_hp_loss":0.0,"gold_gain":0.0,"event_name":"Accursed Blacksmith","player_choice":"Forge","floor":11.0,"gold_loss":0.0,"damage_taken":0.0,"cards_upgraded":["Berserk"]},{"damage_healed":0,"gold_gain":0,"player_choice":"Fought Bandits","damage_taken":0,"max_hp_gain":0,"max_hp_loss":0,"event_name":"Masked Bandits","floor":31,"gold_loss":0}],"is_beta":false,"boss_relics":[{"not_picked":["Cursed Key","Sozu"],"picked":"Mark of Pain"}],"items_purged_floors":[3,10,20],"is_endless":false,"potions_floor_spawned":[1,5,6,13,14,16,21,22],"killed_by":"Masked Bandits","ascension_level":20}}