{"host":"dl5mjdlimopbuch5","time":1608403031,"event":{"mods":["AchievementEnabler","BaseMod","Colored Powertips","Googly Eyes","Minty Spire (QoL Compilation)","Quick Restart"],"gold_per_floor":[117,292,292,302,252,252,287,297,321,321,321,321,174,192,192,289,289,301,316,164,184,199,199,199,210,210,210,240,257,356,254,254,355,405,425,425,425,443,443,443,459,459,459,161,176,193,210,5,5,5,5],"floor_reached":50,"playtime":897,"items_purged":[],"score":634,"play_id":"0ea8a02a-ed41-4114-88ac-02bf8ea1f489","local_time":"20201219183711","is_ascension_mode":true,"campfire_choices":[{"data":"Flex","floor":6,"key":"SMITH"},{"data":"Whirlwind","floor":10,"key":"SMITH"},{"data":"Strike_R","floor":12,"key":"SMITH"},{"floor":15,"key":"RECALL"},{"data":"Double Tap","floor":23,"key":"SMITH"},{"floor":27,"key":"REST"},{"floor":32,"key":"REST"},{"data":"Strike_R","floor":40,"key":"SMITH"},{"floor":42,"key":"REST"},{"floor":49,"key":"REST"}],"circlet_count":0,"master_deck":["Strike_R+1","Strike_R","Strike_R+1","Strike_R+1","Strike_R+1","Defend_R","Defend_R","Defend_R+1","Defend_R","Bash+1","Whirlwind+1","Flex+1","Whirlwind+1","Double Tap+1"],"relics":["Burning Blood","NeowsBlessing","Oddly Smooth Stone","Orichalcum","Bag of Marbles","Busted Crown","Whetstone","Tiny Chest","Blood Vial","Tiny House","Pear","Bottled Lightning","Lizard Tail","Bronze Scales"],"acts_visited":["Exordium","TheCity","TheBeyond"],"potions_floor_usage":[28,33,46,46,50,50],"damage_taken":[{"damage":0,"enemies":"Small Slimes","floor":1,"turns":1},{"damage":0,"enemies":"Jaw Worm","floor":4,"turns":1},{"damage":0,"enemies":"Gremlin Nob","floor":7,"turns":1},{"damage":0,"enemies":"2 Louse","floor":8,"turns":1},{"damage":0,"enemies":"Gremlin Gang","floor":14,"turns":1},{"damage":49,"enemies":"The Guardian","floor":16,"turns":10},{"damage":6,"enemies":"Chosen","floor":18,"turns":3},{"damage":5,"enemies":"Spheric Guardian","floor":19,"turns":3},{"damage":12,"enemies":"Chosen and Byrds","floor":21,"turns":3},{"damage":12,"enemies":"Snecko","floor":22,"turns":3},{"damage":6,"enemies":"Cultist and Chosen","floor":25,"turns":2},{"damage":15,"enemies":"Slavers","floor":28,"turns":2},{"damage":18,"enemies":"Snake Plant","floor":29,"turns":2},{"damage":110,"enemies":"Champ","floor":33,"turns":11},{"damage":15,"enemies":"Orb Walker","floor":35,"turns":3},{"damage":0,"enemies":"3 Darklings","floor":38,"turns":1},{"damage":40,"enemies":"4 Shapes","floor":41,"turns":4},{"damage":67,"enemies":"Transient","floor":45,"turns":5},{"damage":17,"enemies":"Maw","floor":46,"turns":7},{"damage":0,"enemies":"3 Darklings","floor":47,"turns":1},{"damage":108,"enemies":"Time Eater","floor":50,"turns":6}],"seed_played":"6012997947139445237","potions_obtained":[{"floor":7,"key":"Regen Potion"},{"floor":8,"key":"Weak Potion"},{"floor":16,"key":"Fire Potion"},{"floor":22,"key":"FairyPotion"},{"floor":28,"key":"DistilledChaos"},{"floor":33,"key":"Block Potion"},{"floor":34,"key":"SneckoOil"},{"floor":41,"key":"Dexterity Potion"},{"floor":45,"key":"SneckoOil"},{"floor":47,"key":"EssenceOfSteel"}],"is_trial":false,"path_per_floor":["M","?","?","M","?","R","E","M","T","R","?","R","$","M","R","B",null,"M","M","$","M","M","R","$","M","T","R","E","M","?","$","R","B",null,"M","?","T","M","?","R","M","R","T","$","M","M","M","$","R","B"],"character_chosen":"IRONCLAD","items_purchased":["Bag of Marbles","Whetstone","FairyPotion","Lizard Tail","SteroidPotion","Bronze Scales"],"campfire_rested":4,"item_purchase_floors":[13,20,31,44,48,48],"current_hp_per_floor":[80,80,80,80,80,80,80,80,80,80,80,80,80,80,80,37,69,69,70,70,64,58,58,58,58,58,80,71,61,61,61,80,30,73,66,66,76,84,84,84,52,80,80,80,21,12,20,20,48,0,0],"gold":5,"neow_bonus":"THREE_ENEMY_KILL","is_daily":false,"chose_seed":false,"campfire_upgraded":5,"win_rate":0.0,"timestamp":1608403031,"path_taken":["M","?","?","M","?","R","E","M","T","R","?","R","$","M","R","BOSS","M","M","$","?","M","R","$","M","T","R","E","M","?","?","R","BOSS","M","?","?","M","?","R","M","R","T","?","M","M","?","$","R","BOSS"],"items_purchased_type":["Relic","Relic","Potion","Relic","Potion","Relic"],"build_version":"2020-12-13","purchased_purges":0,"victory":false,"max_hp_per_floor":[80,80,80,80,80,80,80,80,80,80,80,80,80,80,80,80,80,80,80,80,80,80,80,80,80,80,80,80,80,80,80,80,80,85,85,85,95,95,95,95,95,95,95,95,95,95,95,95,95,95,95],"card_choices":[{"not_picked":["Pommel Strike","Body Slam"],"picked":"Whirlwind","floor":1},{"not_picked":["Headbutt","Battle Trance"],"picked":"Flex","floor":4},{"not_picked":["Blood for Blood","Burning Pact","Ghostly Armor"],"picked":"SKIP","floor":7},{"not_picked":["Perfected Strike","Shockwave"],"picked":"Whirlwind","floor":8},{"not_picked":["Rage","Shrug It Off","Rupture"],"picked":"SKIP","floor":14},{"not_picked":["Brutality","Demon Form"],"picked":"Double Tap","floor":16},{"not_picked":["Anger"],"picked":"SKIP","floor":18},{"not_picked":["Twin Strike"],"picked":"SKIP","floor":19},{"not_picked":["Heavy Blade"],"picked":"SKIP","floor":21},{"not_picked":["Power Through"],"picked":"SKIP","floor":22},{"not_picked":["Fire Breathing"],"picked":"SKIP","floor":25},{"not_picked":["Headbutt"],"picked":"SKIP","floor":28},{"not_picked":["Warcry+1"],"picked":"SKIP","floor":29},{"not_picked":["Battle Trance"],"picked":"SKIP","floor":35},{"not_picked":["Power Through"],"picked":"SKIP","floor":38},{"not_picked":["Sever Soul+1"],"picked":"SKIP","floor":41},{"not_picked":["Headbutt"],"picked":"SKIP","floor":45},{"not_picked":["Rupture+1"],"picked":"SKIP","floor":46},{"not_picked":["Twin Strike"],"picked":"SKIP","floor":47}],"player_experience":233732,"relics_obtained":[{"floor":7,"key":"Oddly Smooth Stone"},{"floor":9,"key":"Orichalcum"},{"floor":26,"key":"Tiny Chest"},{"floor":28,"key":"Blood Vial"},{"floor":37,"key":"Pear"},{"floor":43,"key":"Bottled Lightning"}],"event_choices":[{"damage_healed":0,"gold_gain":175,"player_choice":"AGREE","damage_taken":0,"max_hp_gain":0,"max_hp_loss":0,"event_name":"Liars Game","floor":2,"gold_loss":0,"cards_obtained":["Doubt"]},{"damage_healed":0,"gold_gain":0,"player_choice":"Grow","damage_taken":0,"max_hp_gain":0,"max_hp_loss":0,"event_name":"Living Wall","floor":3,"gold_loss":0,"cards_upgraded":["Whirlwind"]},{"cards_removed":["Doubt"],"damage_healed":0,"gold_gain":0,"player_choice":"Card Removal","damage_taken":0,"max_hp_gain":0,"max_hp_loss":0,"event_name":"The Cleric","floor":5,"gold_loss":50},{"damage_healed":0,"gold_gain":0,"player_choice":"Upgraded","damage_taken":0,"max_hp_gain":0,"max_hp_loss":0,"event_name":"Upgrade Shrine","floor":11,"gold_loss":0,"cards_upgraded":["Bash"]},{"damage_healed":0,"gold_gain":99,"player_choice":"Stole From Cult","damage_taken":0,"max_hp_gain":0,"max_hp_loss":0,"event_name":"Nest","floor":30,"gold_loss":0},{"damage_healed":0,"gold_gain":0,"player_choice":"Ignored","damage_taken":0,"max_hp_gain":0,"max_hp_loss":0,"event_name":"Tomb of Lord Red Mask","floor":36,"gold_loss":0},{"damage_healed":0,"gold_gain":0,"player_choice":"Memory 1","damage_taken":0,"max_hp_gain":0,"max_hp_loss":0,"event_name":"SensoryStone","floor":39,"gold_loss":0}],"is_beta":false,"boss_relics":[{"not_picked":["Snecko Eye","Ectoplasm"],"picked":"Busted Crown"},{"not_picked":["Mark of Pain","Black Star"],"picked":"Tiny House"}],"items_purged_floors":[],"is_endless":false,"potions_floor_spawned":[7,8,16,22,28,29,33,41,45,47],"killed_by":"Time Eater","ascension_level":5}}