{"host":"sabve5zmqufxyc5o","time":1608356119,"event":{"mods":["2.2 Compatiblity","AchievementEnabler","Act Like it!","BaseMod","Block Reminder","Colored Map","Colored Powertips","DeckTracker","KOR Keyword Fix","Keyboard Shortcuts","Minty Spire (QoL Compilation)","Quick Restart","Rare Cards Sparkle","Relic Stats","StSLib","SuperFastMode"],"gold_per_floor":[212,225,237,162,180,214,25,25,48,67,102,125,125,150,150,233,233,255,255,12,33,33,71,116,116,166,166,166,166],"floor_reached":28,"playtime":622,"items_purged":[],"score":521,"play_id":"aeee0f44-9bd2-486a-91b8-d6f2732996df","local_time":"20201219143519","is_ascension_mode":true,"campfire_choices":[{"floor":8,"key":"REST"},{"floor":13,"key":"REST"},{"data":"Defragment","floor":15,"key":"SMITH"},{"data":"Coolheaded","floor":25,"key":"SMITH"},{"data":"Hologram","floor":27,"key":"SMITH"}],"circlet_count":0,"master_deck":["AscendersBane","Defend_B","Defend_B","Defend_B","Defend_B","Zap","Dualcast","Cold Snap","Compile Driver","Defragment+1","Self Repair","Hologram+1","Gash","Cold Snap","Capacitor","Conserve Battery","Turbo","Go for the Eyes","Sweeping Beam","Cold Snap","Seek","Coolheaded+1","Barrage","Panache","Skim","Compile Driver","Bite","Bite","Bite","Bite","Bite"],"relics":["Cracked Core","CeramicFish","DataDisk","Potion Belt","Nuclear Battery","CultistMask","StoneCalendar","Art of War"],"acts_visited":["Exordium","TheCity"],"potions_floor_usage":[6,14,14,21,23],"damage_taken":[{"damage":2,"enemies":"2 Louse","floor":1,"turns":3},{"damage":1,"enemies":"Small Slimes","floor":2,"turns":3},{"damage":0,"enemies":"Cultist","floor":3,"turns":3},{"damage":10,"enemies":"Looter","floor":5,"turns":3},{"damage":39,"enemies":"Lagavulin","floor":6,"turns":8},{"damage":4,"enemies":"Large Slime","floor":10,"turns":5},{"damage":32,"enemies":"3 Sentries","floor":11,"turns":6},{"damage":8,"enemies":"Exordium Wildlife","floor":12,"turns":3},{"damage":3,"enemies":"Lots of Slimes","floor":14,"turns":3},{"damage":11,"enemies":"Hexaghost","floor":16,"turns":11},{"damage":9,"enemies":"Shell Parasite","floor":18,"turns":7},{"damage":16,"enemies":"3 Byrds","floor":21,"turns":3},{"damage":14,"enemies":"Gremlin Leader","floor":23,"turns":10},{"damage":59,"enemies":"Slavers","floor":28,"turns":4}],"seed_played":"4841377111424772699","potions_obtained":[{"floor":2,"key":"Weak Potion"},{"floor":6,"key":"DistilledChaos"},{"floor":11,"key":"SkillPotion"},{"floor":14,"key":"Fruit Juice"},{"floor":18,"key":"AttackPotion"},{"floor":21,"key":"Ancient Potion"}],"is_trial":false,"path_per_floor":["M","M","M","?","M","E","$","R","T","M","E","M","R","M","R","B",null,"M","?","$","M","$","E","?","R","T","R","E"],"character_chosen":"DEFECT","items_purchased":["Gash","Cold Snap","Capacitor","Conserve Battery","Barrage","Panache"],"campfire_rested":2,"item_purchase_floors":[7,7,7,7,20,20],"current_hp_per_floor":[62,61,61,61,51,19,19,40,40,43,18,17,38,47,47,43,68,66,66,66,57,57,50,50,50,50,50,0,0],"gold":166,"neow_bonus":"HUNDRED_GOLD","is_daily":false,"chose_seed":false,"campfire_upgraded":3,"win_rate":0.0,"timestamp":1608356119,"path_taken":["M","M","M","?","M","E","$","R","T","M","E","M","R","M","R","BOSS","M","?","$","M","?","E","?","R","T","R","E"],"items_purchased_type":["Card","Card","Card","Card","Card","Card"],"build_version":"2020-12-13","purchased_purges":0,"victory":false,"max_hp_per_floor":[71,71,71,71,71,71,71,71,71,71,71,71,71,76,76,76,76,76,76,76,76,76,76,53,53,53,53,53,53],"relic_stats":{"counters":[14,72],"CeramicFish":180,"StoneCalendar":[0],"Art of War":[0],"obtain_stats":[{"Potion Belt":11,"DataDisk":9,"CeramicFish":6,"StoneCalendar":23,"CultistMask":19,"Art of War":26,"Cracked Core":0,"Nuclear Battery":17},{"Potion Belt":7,"DataDisk":5,"CeramicFish":5,"StoneCalendar":13,"CultistMask":11,"Art of War":13,"Cracked Core":0,"Nuclear Battery":10},{"Potion Belt":31,"DataDisk":20,"CeramicFish":20,"StoneCalendar":68,"CultistMask":55,"Art of War":68,"Cracked Core":0,"Nuclear Battery":48}]},"card_choices":[{"not_picked":["Go for the Eyes","Compile Driver"],"picked":"Cold Snap","floor":1},{"not_picked":["Conserve Battery","Skim"],"picked":"Compile Driver","floor":2},{"not_picked":["Redo","Loop"],"picked":"Defragment","floor":3},{"not_picked":["Hello World","Lockon"],"picked":"Self Repair","floor":5},{"not_picked":["Rip and Tear","Redo"],"picked":"Hologram","floor":6},{"not_picked":["Meteor Strike","Reprogram"],"picked":"Turbo","floor":10},{"not_picked":["Turbo","Force Field"],"picked":"Go for the Eyes","floor":11},{"not_picked":["Cold Snap","Ball Lightning"],"picked":"Sweeping Beam","floor":12},{"not_picked":["Hello World","Redo"],"picked":"Cold Snap","floor":14},{"not_picked":["Meteor Strike","Reboot"],"picked":"Seek","floor":16},{"not_picked":["Doom and Gloom","Rebound"],"picked":"Coolheaded","floor":18},{"not_picked":["Streamline","Recycle"],"picked":"Skim","floor":21},{"not_picked":["Redo","Cold Snap"],"picked":"Compile Driver","floor":23}],"player_experience":788006,"relics_obtained":[{"floor":6,"key":"CeramicFish"},{"floor":9,"key":"DataDisk"},{"floor":11,"key":"Potion Belt"},{"floor":23,"key":"StoneCalendar"},{"floor":26,"key":"Art of War"}],"event_choices":[{"cards_removed":["Strike_B"],"damage_healed":0,"gold_gain":0,"player_choice":"Card Removal","damage_taken":0,"max_hp_gain":0,"max_hp_loss":0,"event_name":"The Cleric","floor":4,"gold_loss":75},{"damage_healed":0,"gold_gain":0,"player_choice":"Trade","damage_taken":0,"relics_obtained":["CultistMask"],"max_hp_gain":0,"max_hp_loss":0,"event_name":"FaceTrader","floor":19,"gold_loss":0},{"damage_healed":0,"gold_gain":0,"player_choice":"Became a vampire","damage_taken":0,"max_hp_gain":0,"max_hp_loss":23,"event_name":"Vampires","floor":24,"gold_loss":0,"cards_obtained":["Bite","Bite","Bite","Bite","Bite"]}],"is_beta":false,"boss_relics":[{"not_picked":["Busted Crown","SacredBark"],"picked":"Nuclear Battery"}],"items_purged_floors":[],"is_endless":false,"potions_floor_spawned":[2,6,11,14,18,21],"killed_by":"Slavers","ascension_level":20}}