{"host":"aas8f8jvicx6tcxp","time":1608386848,"event":{"mods":["BaseMod","Better Third Choice","BetterRewards","Jorbs\u0027s Wanderer Trilogy","Minty Spire (QoL Compilation)","Robot Space Explorer","StSLib","The Cursed"],"gold_per_floor":[114,0,0,15,30,30,36,36,36,51,81,27,27,42,42,142,142,157,106,121,136,151,151,181,280,280,310,325,325,355,370,370,470,470,485,500,500,500,515,515,515,515],"floor_reached":41,"playtime":3091,"items_purged":[],"score":563,"play_id":"5044303c-c7a3-445f-b652-064444ec96ad","local_time":"20201219080728","daily_mods":["Draft","Uncertain Future","Elite Swarm"],"is_ascension_mode":false,"campfire_choices":[{"data":"Infernal Blade","floor":6,"key":"SMITH"},{"data":"Anger","floor":8,"key":"SMITH"},{"data":"Double Tap","floor":15,"key":"SMITH"},{"floor":23,"key":"REST"},{"floor":29,"key":"REST"},{"floor":32,"key":"REST"},{"floor":40,"key":"REST"}],"circlet_count":0,"master_deck":["Clash","Clash","Flex","Heavy Blade","Pommel Strike","Iron Wave","Body Slam","Perfected Strike","Thunderclap","Perfected Strike","Uppercut","Headbutt","Infernal Blade+1","Dropkick","Perfected Strike","Anger+1","Seeing Red","Perfected Strike","Double Tap+1","Flex","Spot Weakness+1","Demon Form","Inflame+1","Armaments+1","Perfected Strike","Bludgeon","Thunderclap+1","CurseOfTheBell","Pummel+1","Ghostly Armor+1"],"relics":["Burning Blood","Odd Mushroom","Calipers","Incense Burner","SlaversCollar","Bottled Flame","Shuriken","Potion Belt","War Paint","Calling Bell","Oddly Smooth Stone","White Beast Statue","Turnip"],"acts_visited":["Exordium","TheCity","TheBeyond"],"potions_floor_usage":[7,13,16,27,33,39,41,41],"damage_taken":[{"damage":0,"enemies":"Small Slimes","floor":1,"turns":1},{"damage":0,"enemies":"2 Louse","floor":4,"turns":1},{"damage":11,"enemies":"Jaw Worm","floor":5,"turns":2},{"damage":9,"enemies":"The Mushroom Lair","floor":7,"turns":3},{"damage":6,"enemies":"Gremlin Gang","floor":10,"turns":2},{"damage":10,"enemies":"Gremlin Nob","floor":11,"turns":3},{"damage":0,"enemies":"3 Sentries","floor":13,"turns":1},{"damage":0,"enemies":"Blue Slaver","floor":14,"turns":1},{"damage":0,"enemies":"Slime Boss","floor":16,"turns":5},{"damage":10,"enemies":"Spheric Guardian","floor":18,"turns":3},{"damage":6,"enemies":"2 Thieves","floor":20,"turns":3},{"damage":36,"enemies":"Snake Plant","floor":21,"turns":4},{"damage":5,"enemies":"Centurion and Healer","floor":22,"turns":3},{"damage":58,"enemies":"Slavers","floor":24,"turns":4},{"damage":0,"enemies":"Gremlin Leader","floor":27,"turns":3},{"damage":13,"enemies":"3 Cultists","floor":28,"turns":4},{"damage":55,"enemies":"Slavers","floor":30,"turns":4},{"damage":0,"enemies":"Sentry and Sphere","floor":31,"turns":3},{"damage":44,"enemies":"Champ","floor":33,"turns":7},{"damage":12,"enemies":"3 Shapes","floor":35,"turns":4},{"damage":23,"enemies":"Orb Walker","floor":36,"turns":3},{"damage":43,"enemies":"4 Shapes","floor":39,"turns":4},{"damage":53,"enemies":"Giant Head","floor":41,"turns":6}],"seed_played":"-2908382401684788831","potions_obtained":[{"floor":4,"key":"Explosive Potion"},{"floor":10,"key":"SmokeBomb"},{"floor":14,"key":"Explosive Potion"},{"floor":20,"key":"ElixirPotion"},{"floor":21,"key":"FairyPotion"},{"floor":30,"key":"BloodPotion"},{"floor":33,"key":"EssenceOfSteel"},{"floor":35,"key":"Ancient Potion"},{"floor":36,"key":"ElixirPotion"},{"floor":39,"key":"Weak Potion"}],"is_trial":false,"path_per_floor":["M","?","$","M","M","R","?","R","T","M","E","$","E","M","R","B",null,"M","$","M","M","M","R","E","?","T","E","M","R","E","M","R","B",null,"M","M","?","?","M","R","E"],"character_chosen":"IRONCLAD","items_purchased":["Flex","Armaments"],"campfire_rested":4,"item_purchase_floors":[12,19],"current_hp_per_floor":[80,86,86,86,81,81,78,78,78,78,74,74,80,86,86,86,86,82,82,82,52,53,78,26,26,26,32,25,50,31,37,62,41,86,80,63,63,63,26,51,0,0],"gold":515,"neow_bonus":"","is_daily":true,"chose_seed":false,"campfire_upgraded":3,"win_rate":0.0,"timestamp":1608386848,"path_taken":["M","?","$","M","M","R","?","R","T","M","E","?","E","M","R","BOSS","M","$","?","?","M","R","E","?","T","E","M","R","E","M","R","BOSS","M","M","?","?","M","R","E"],"items_purchased_type":["Card","Card"],"build_version":"2020-12-13","purchased_purges":0,"victory":false,"max_hp_per_floor":[80,86,86,86,86,86,86,86,86,86,86,86,86,86,86,86,86,86,86,86,86,86,86,86,86,86,86,86,86,86,86,86,86,86,86,86,86,86,86,86,86,86],"card_choices":[{"not_picked":["Heavy Blade","Shrug It Off"],"picked":"Clash","floor":0},{"not_picked":["Havoc","Heavy Blade"],"picked":"Clash","floor":0},{"not_picked":["Evolve","Reckless Charge"],"picked":"Flex","floor":0},{"not_picked":["Cleave","Infernal Blade"],"picked":"Heavy Blade","floor":0},{"not_picked":["Flex","Wild Strike"],"picked":"Pommel Strike","floor":0},{"not_picked":["Headbutt","Cleave"],"picked":"Iron Wave","floor":0},{"not_picked":["Infernal Blade","Wild Strike"],"picked":"Body Slam","floor":0},{"not_picked":["Cleave","Ghostly Armor"],"picked":"Perfected Strike","floor":0},{"not_picked":["Headbutt","Sword Boomerang"],"picked":"Thunderclap","floor":0},{"not_picked":["Thunderclap","Feel No Pain"],"picked":"Perfected Strike","floor":0},{"not_picked":["Heavy Blade","Warcry"],"picked":"Uppercut","floor":0},{"not_picked":["Power Through","Seeing Red"],"picked":"Headbutt","floor":0},{"not_picked":["Body Slam","Dark Embrace"],"picked":"Infernal Blade","floor":0},{"not_picked":["Havoc","True Grit"],"picked":"Dropkick","floor":0},{"not_picked":["Warcry","True Grit"],"picked":"Perfected Strike","floor":0},{"not_picked":["Iron Wave","Seeing Red"],"picked":"Anger","floor":1},{"not_picked":["Heavy Blade","Cleave"],"picked":"Seeing Red","floor":4},{"not_picked":["Whirlwind","Havoc","Body Slam"],"picked":"SKIP","floor":5},{"not_picked":["Infernal Blade","Anger"],"picked":"Perfected Strike","floor":7},{"not_picked":["Whirlwind","Clothesline","True Grit"],"picked":"SKIP","floor":10},{"not_picked":["Offering","Brutality"],"picked":"Double Tap","floor":11},{"not_picked":["Sword Boomerang","Body Slam"],"picked":"Spot Weakness","floor":14},{"not_picked":["Juggernaut","Immolate"],"picked":"Demon Form","floor":16},{"not_picked":["Iron Wave+1","Clothesline+1"],"picked":"Inflame+1","floor":18},{"not_picked":["Body Slam","Shockwave","Sentinel"],"picked":"SKIP","floor":20},{"not_picked":["Pommel Strike","Blood for Blood"],"picked":"Perfected Strike","floor":21},{"not_picked":["Flex","Havoc+1","Ghostly Armor"],"picked":"SKIP","floor":22},{"not_picked":["Corruption","Demon Form","Double Tap"],"picked":"SKIP","floor":24},{"not_picked":["Corruption","Demon Form","Double Tap"],"picked":"SKIP","floor":24},{"not_picked":["Impervious","Offering"],"picked":"Bludgeon","floor":27},{"not_picked":["Sentinel","Pommel Strike"],"picked":"Thunderclap+1","floor":28},{"not_picked":["Double Tap","Offering","Juggernaut"],"picked":"SKIP","floor":30},{"not_picked":["Iron Wave","Bloodletting","Perfected Strike"],"picked":"SKIP","floor":31},{"not_picked":["Cleave+1","True Grit+1"],"picked":"Pummel+1","floor":35},{"not_picked":["Body Slam+1","Double Tap"],"picked":"Ghostly Armor+1","floor":36},{"not_picked":["Headbutt","Cleave","Whirlwind"],"picked":"SKIP","floor":39}],"player_experience":197314,"relics_obtained":[{"floor":7,"key":"Odd Mushroom"},{"floor":9,"key":"Calipers"},{"floor":11,"key":"Incense Burner"},{"floor":24,"key":"Bottled Flame"},{"floor":26,"key":"Shuriken"},{"floor":27,"key":"Potion Belt"},{"floor":30,"key":"War Paint"},{"floor":34,"key":"Oddly Smooth Stone"},{"floor":34,"key":"White Beast Statue"},{"floor":34,"key":"Turnip"}],"event_choices":[{"damage_healed":0,"gold_gain":0,"player_choice":"RENOUNCE","damage_taken":114,"max_hp_gain":0,"max_hp_loss":0,"event_name":"betterThird:BetterSerpent","floor":2,"gold_loss":114,"cards_obtained":["Enlightenment"]},{"damage_healed":0,"gold_gain":0,"player_choice":"Fought Mushrooms","damage_taken":0,"max_hp_gain":0,"max_hp_loss":0,"event_name":"Mushrooms","floor":7,"gold_loss":0},{"damage_healed":0,"gold_gain":99,"player_choice":"Steal","damage_taken":0,"max_hp_gain":0,"max_hp_loss":0,"event_name":"betterThird:BetterNest","floor":25,"gold_loss":0},{"cards_removed":["Enlightenment"],"damage_healed":0,"gold_gain":0,"player_choice":"Removed Skill","damage_taken":0,"max_hp_gain":0,"max_hp_loss":0,"event_name":"Falling","floor":37,"gold_loss":0},{"damage_healed":0,"gold_gain":0,"player_choice":"Ignored","damage_taken":0,"max_hp_gain":0,"max_hp_loss":0,"event_name":"Tomb of Lord Red Mask","floor":38,"gold_loss":0}],"is_beta":false,"boss_relics":[{"not_picked":["Snecko Eye","Velvet Choker"],"picked":"SlaversCollar"},{"not_picked":["Black Blood","Black Star"],"picked":"Calling Bell"}],"items_purged_floors":[],"is_endless":false,"potions_floor_spawned":[4,10,13,14,20,21,30,33,35,36,39],"killed_by":"Giant Head","ascension_level":0}}