{"host":"cb9xh4d0ss8ax8yb","time":1608369842,"event":{"mods":["BaseMod","Minty Spire (QoL Compilation)","StSLib","The Alterego","The Dragon Tamer","The Gatherer"],"gold_per_floor":[112,112,130,8,22,22,35,69,69,69,84,99,99,116,116,218,218,234,234,246,262,277,277,32,32,59,86,103,40,40,76,76,188,188,212,273,70,70,70,70],"floor_reached":39,"playtime":3960,"items_purged":["alterego_mod:Defend","alterego_mod:Strike","alterego_mod:Strike","alterego_mod:Defend"],"score":453,"play_id":"589fad70-a9df-4265-87ef-ce035ab7c431","local_time":"20201219182402","is_ascension_mode":false,"campfire_choices":[{"data":"alterego_mod:Palingenesis","floor":6,"key":"SMITH"},{"floor":15,"key":"REST"},{"data":"alterego_mod:Exercise","floor":23,"key":"SMITH"},{"data":"alterego_mod:BrynhildrsRune","floor":25,"key":"SMITH"},{"data":"alterego_mod:Pet","floor":32,"key":"SMITH"}],"circlet_count":0,"master_deck":["alterego_mod:Strike","alterego_mod:Strike","alterego_mod:Defend","alterego_mod:Defend","alterego_mod:BigMeatyClaws+1","alterego_mod:BrynhildrsRune+1","alterego_mod:Palingenesis+1","alterego_mod:Exercise+1","alterego_mod:Undulate","alterego_mod:Bounce+1","alterego_mod:Exercise+1","alterego_mod:DeftHands+1","alterego_mod:Pet+1","alterego_mod:BiFurious+1","alterego_mod:BrynhildrRomantia+1","alterego_mod:Rip+1","alterego_mod:Skirt+1","alterego_mod:SakuraFive+1","alterego_mod:Birthday","alterego_mod:Rake+1","alterego_mod:VirginLaserPalladion+1","alterego_mod:ChallengeComplete","alterego_mod:BusterCard+1"],"relics":["alterego_mod:MasochisticConstitution","Molten Egg 2","Matryoshka","Omamori","HornCleat","Sozu","Membership Card","CeramicFish","Dream Catcher","Blue Candle","Bird Faced Urn","Cursed Key","Gambling Chip","Bottled Lightning"],"acts_visited":["Exordium","TheCity","TheBeyond"],"potions_floor_usage":[7,14,16],"damage_taken":[{"damage":6,"enemies":"Jaw Worm","floor":1,"turns":7},{"damage":5,"enemies":"Cultist","floor":3,"turns":4},{"damage":0,"enemies":"Small Slimes","floor":5,"turns":2},{"damage":0,"enemies":"Looter","floor":7,"turns":2},{"damage":20,"enemies":"Lagavulin","floor":8,"turns":9},{"damage":4,"enemies":"Red Slaver","floor":11,"turns":4},{"damage":14,"enemies":"Exordium Thugs","floor":12,"turns":5},{"damage":6,"enemies":"3 Louse","floor":14,"turns":3},{"damage":25,"enemies":"The Guardian","floor":16,"turns":14},{"damage":8,"enemies":"2 Thieves","floor":18,"turns":5},{"damage":0,"enemies":"Spheric Guardian","floor":20,"turns":3},{"damage":18,"enemies":"Chosen and Byrds","floor":21,"turns":7},{"damage":29,"enemies":"Snecko","floor":22,"turns":5},{"damage":0,"enemies":"3 Cultists","floor":27,"turns":4},{"damage":0,"enemies":"Shelled Parasite and Fungi","floor":28,"turns":3},{"damage":6,"enemies":"Gremlin Leader","floor":31,"turns":5},{"damage":78,"enemies":"Collector","floor":33,"turns":9},{"damage":0,"enemies":"Orb Walker","floor":35,"turns":2},{"damage":49,"enemies":"2 Orb Walkers","floor":36,"turns":5},{"damage":74,"enemies":"Time Eater","floor":39,"turns":5}],"seed_played":"3305574246100547749","potions_obtained":[{"floor":1,"key":"LiquidMemories"},{"floor":11,"key":"GamblersBrew"},{"floor":12,"key":"ColorlessPotion"}],"is_trial":false,"path_per_floor":["M","?","M","$","M","R","M","E","T","?","M","M","?","M","R","B",null,"M","?","M","M","M","R","$","R","T","M","M","$","T","E","R","B",null,"M","?","$","?","B"],"character_chosen":"The_Alterego","items_purchased":["alterego_mod:Bounce+1","Membership Card","alterego_mod:SakuraFive+1","Bottled Lightning"],"campfire_rested":1,"item_purchase_floors":[4,24,24,37],"current_hp_per_floor":[44,41,37,37,37,37,37,18,18,23,20,7,7,2,26,2,82,90,90,90,84,56,56,56,56,56,70,81,81,81,78,78,5,103,103,68,68,68,0,0],"gold":70,"neow_bonus":"THREE_RARE_CARDS","is_daily":false,"chose_seed":false,"campfire_upgraded":4,"win_rate":0.0,"timestamp":1608369842,"path_taken":["M","?","M","?","?","R","M","E","T","?","M","M","?","M","R","BOSS","M","?","M","?","M","R","?","R","T","M","M","$","?","E","R","BOSS","M","?","$","?","BOSS"],"items_purchased_type":["Card","Relic","Card","Relic"],"build_version":"2020-12-13","purchased_purges":4,"victory":false,"max_hp_per_floor":[71,71,72,72,72,72,72,73,73,78,79,80,80,81,81,82,82,91,91,91,96,97,97,97,97,97,97,101,101,101,102,102,103,103,103,108,108,108,108,108],"card_choices":[{"not_picked":["alterego_mod:PainIsPleasure","alterego_mod:InsideBaseball"],"picked":"alterego_mod:Palingenesis","floor":0},{"not_picked":["alterego_mod:Punishment","alterego_mod:DiscoLights"],"picked":"alterego_mod:Exercise","floor":1},{"not_picked":["alterego_mod:Cycle","alterego_mod:Mirror"],"picked":"alterego_mod:Undulate","floor":3},{"not_picked":["alterego_mod:Rip","alterego_mod:DestructionOfProperty","alterego_mod:Valentines"],"picked":"SKIP","floor":5},{"not_picked":["alterego_mod:HighServant","alterego_mod:Nekomimi"],"picked":"alterego_mod:Exercise+1","floor":7},{"not_picked":["alterego_mod:Undulate","alterego_mod:Belle+1"],"picked":"alterego_mod:DeftHands+1","floor":8},{"not_picked":["alterego_mod:HighServant","alterego_mod:PerceptionDisorder"],"picked":"alterego_mod:Pet","floor":11},{"not_picked":["alterego_mod:Stockings+1","alterego_mod:Jiggle"],"picked":"alterego_mod:BiFurious+1","floor":12},{"not_picked":["alterego_mod:Mirror","alterego_mod:Cooking","alterego_mod:InsideBaseball"],"picked":"SKIP","floor":14},{"not_picked":["alterego_mod:Tantrum","alterego_mod:RingBreak"],"picked":"alterego_mod:BrynhildrRomantia+1","floor":16},{"not_picked":["alterego_mod:Cycle","alterego_mod:Undulate"],"picked":"alterego_mod:Rip+1","floor":18},{"not_picked":["alterego_mod:BeGentle","alterego_mod:MagicResistance"],"picked":"alterego_mod:Skirt+1","floor":20},{"not_picked":["alterego_mod:Cooking","alterego_mod:GachaTicket","alterego_mod:Valentines"],"picked":"SKIP","floor":21},{"not_picked":["alterego_mod:PerceptionDisorder","alterego_mod:Cooking","alterego_mod:Cycle"],"picked":"SKIP","floor":22},{"not_picked":["alterego_mod:Stockings+1","alterego_mod:Complex+1"],"picked":"alterego_mod:Birthday","floor":27},{"not_picked":["alterego_mod:PerceptionDisorder","alterego_mod:SuperDuperMasochism","alterego_mod:Skirt+1"],"picked":"SKIP","floor":28},{"not_picked":["alterego_mod:BrynhildrRomantia+1","alterego_mod:DiscoLights"],"picked":"alterego_mod:Rake+1","floor":31},{"not_picked":["alterego_mod:RingBreak","alterego_mod:Weigh+1"],"picked":"alterego_mod:VirginLaserPalladion+1","floor":33},{"not_picked":["alterego_mod:Mirror","alterego_mod:Smother"],"picked":"alterego_mod:ChallengeComplete","floor":35},{"not_picked":["alterego_mod:GoddessCore+1","alterego_mod:Bloomers"],"picked":"alterego_mod:BusterCard+1","floor":36}],"player_experience":421664,"relics_obtained":[{"floor":8,"key":"Matryoshka"},{"floor":9,"key":"Omamori"},{"floor":9,"key":"HornCleat"},{"floor":26,"key":"CeramicFish"},{"floor":26,"key":"Dream Catcher"},{"floor":30,"key":"Blue Candle"},{"floor":31,"key":"Bird Faced Urn"},{"floor":36,"key":"Gambling Chip"}],"event_choices":[{"damage_healed":0,"gold_gain":0,"player_choice":"Success","damage_taken":3,"relics_obtained":["Molten Egg 2"],"max_hp_gain":0,"max_hp_loss":0,"event_name":"Scrap Ooze","floor":2,"gold_loss":0},{"damage_healed":0,"gold_gain":0,"player_choice":"Donut","damage_taken":0,"max_hp_gain":5,"max_hp_loss":0,"event_name":"Big Fish","floor":10,"gold_loss":0},{"cards_removed":["alterego_mod:Impale"],"damage_healed":0,"gold_gain":0,"player_choice":"Offered Basic","damage_taken":0,"max_hp_gain":0,"max_hp_loss":0,"event_name":"Bonfire Elementals","floor":13,"gold_loss":0},{"damage_healed":0,"gold_gain":0,"player_choice":"Upgraded","damage_taken":0,"max_hp_gain":0,"max_hp_loss":0,"event_name":"Upgrade Shrine","floor":19,"gold_loss":0,"cards_upgraded":["alterego_mod:BigMeatyClaws"]},{"damage_healed":0,"gold_gain":0,"player_choice":"Fight","damage_taken":0,"max_hp_gain":0,"max_hp_loss":0,"event_name":"Mysterious Sphere","floor":36,"gold_loss":0},{"damage_healed":0,"gold_gain":0,"player_choice":"Took Portal","damage_taken":0,"max_hp_gain":0,"max_hp_loss":0,"event_name":"SecretPortal","floor":38,"gold_loss":0}],"is_beta":false,"boss_relics":[{"not_picked":["Coffee Dripper","Fusion Hammer"],"picked":"Sozu"},{"not_picked":["Empty Cage","Tiny House"],"picked":"Cursed Key"}],"items_purged_floors":[4,24,29,37],"is_endless":false,"potions_floor_spawned":[1,11,12,18,22,27,33,36],"killed_by":"Time Eater","ascension_level":0}}