{"host":"0fmi5fguj5lvt8pf","time":1608348944,"event":{"mods":["BaseMod","BetterRewards","Colored Map","Downfall","Minty Spire (QoL Compilation)","Permanent Neow","StSLib"],"gold_per_floor":[99,116,116,116,28,28,28,28,62,73,84,102,47,147,163,264,264,264,264,213,224,234,234,234,234,334,362,372,372,172,183,201,296,296,71,71,121,139,139,183,219,277,289,164,164,89,107,107,127,127,127,157,33,33,33],"floor_reached":56,"playtime":3414,"items_purged":["Pain","champ:Defend","champ:Strike","champ:Defend+1"],"score":1341,"play_id":"c958c314-4964-429c-9a3d-fe058c38ec6e","local_time":"20201218193544","is_ascension_mode":false,"campfire_choices":[{"data":"champ:Taunt","floor":1.0,"key":"SMITH"},{"data":"champ:GutPunch","floor":3.0,"key":"SMITH"},{"data":"champ:RecklessLeap","floor":6.0,"key":"SMITH"},{"floor":18,"key":"RECALL"},{"data":"champ:VampiricStrike","floor":23,"key":"SMITH"},{"data":"champ:Improvising","floor":35,"key":"SMITH"},{"data":"champ:BerserkerStyle","floor":43,"key":"SMITH"},{"data":"champ:LastStand","floor":54,"key":"SMITH"}],"circlet_count":0,"master_deck":["champ:Defend+1","champ:Execute","champ:Taunt+1","champ:GutPunch+1","champ:RecklessLeap+1","champ:VampiricStrike+1","champ:SwordThrow+1","champ:Encircle+1","champ:Encircle+1","champ:RisingSlash+1","champ:BerserkerStyle+1","champ:LastStand+1","champ:SkillfulDodge+1","champ:Devastate+1","champ:RapidStrikes+1","champ:Circumvent+1","champ:Backstep+1","champ:GutPunch+1","champ:RisingSlash+1","champ:Improvising+1","champ:EnchantShield+1","champ:AdrenalArmor+1","champ:Duel+1","champ:DefensiveStyle+1"],"relics":["champ:ChampionCrown","Ice Cream","WarpedTongs","Matryoshka","Molten Egg 2","Astrolabe","Membership Card","Juzu Bracelet","InkBottle","Letter Opener","hexamod:BolsterEngine","Ginger","Pantograph","Blue Candle","champ:BerserkersGuideToSlaughter","SlaversCollar","downfall:HeartBlessingRed","downfall:HeartBlessingGreen","downfall:HeartBlessingBlue","Lizard Tail","MawBank","StrikeDummy","HornCleat","War Paint","Mango","Nunchaku","Eternal Feather","champ:Barbells"],"acts_visited":["Exordium","TheCity","TheBeyond","TheEnding"],"potions_floor_usage":[16,37,55,55,55],"damage_taken":[{"damage":6.0,"enemies":"Cultist","floor":2.0,"turns":3.0},{"damage":7.0,"enemies":"downfall:FleeingMerchant","floor":5.0,"turns":4.0},{"damage":44.0,"enemies":"Lagavulin","floor":9.0,"turns":4.0},{"damage":13.0,"enemies":"Jaw Worm","floor":10.0,"turns":2.0},{"damage":13.0,"enemies":"Small Slimes","floor":11.0,"turns":1.0},{"damage":12.0,"enemies":"3 Louse","floor":12.0,"turns":4.0},{"damage":41.0,"enemies":"downfall:FleeingMerchant","floor":13.0,"turns":4.0},{"damage":22.0,"enemies":"Exordium Thugs","floor":15.0,"turns":2.0},{"damage":62,"enemies":"downfall:Defect","floor":16,"turns":4},{"damage":68,"enemies":"downfall:FleeingMerchant","floor":20,"turns":4},{"damage":35,"enemies":"Chosen","floor":21,"turns":3},{"damage":53,"enemies":"3 Byrds","floor":22,"turns":3},{"damage":76,"enemies":"downfall:CharBossIronclad","floor":26,"turns":5},{"damage":35,"enemies":"Book of Stabbing","floor":27,"turns":3},{"damage":33,"enemies":"Cultist and Chosen","floor":28,"turns":2},{"damage":25,"enemies":"Centurion and Healer","floor":31,"turns":2},{"damage":31,"enemies":"Snake Plant","floor":32,"turns":2},{"damage":70,"enemies":"downfall:Silent","floor":33,"turns":6},{"damage":49,"enemies":"Mind Bloom Boss Battle","floor":37,"turns":7},{"damage":7,"enemies":"Orb Walker","floor":38,"turns":2},{"damage":23,"enemies":"Giant Head","floor":40,"turns":5},{"damage":41,"enemies":"2 Orb Walkers","floor":42,"turns":5},{"damage":31,"enemies":"3 Darklings","floor":47,"turns":4},{"damage":83,"enemies":"Transient","floor":49,"turns":5},{"damage":47,"enemies":"downfall:Watcher","floor":50,"turns":4},{"damage":112,"enemies":"downfall:CharBossMerchant","floor":52,"turns":5},{"damage":165,"enemies":"downfall:NeowBoss","floor":55,"turns":10}],"seed_played":"-3978593047392195338","potions_obtained":[{"floor":12.0,"key":"BlessingOfTheForge"},{"floor":15.0,"key":"Explosive Potion"},{"floor":16,"key":"SneckoOil"},{"floor":21,"key":"hexamod:EctoCoolerPotion"},{"floor":37,"key":"PowerPotion"}],"is_trial":false,"path_per_floor":["R","M","R","?","$","R","T","?","E","M","M","M","$","?","M","B",null,"R","?","$","M","M","R","T","?","?","E","M","?","$","M","M","B",null,"R","?","?","M","T","E","T","?","R","$","?","$","M","?","M","B",null,"E","$","R","B",null],"character_chosen":"THE_CHAMP","items_purchased":["champ:RecklessLeap","champ:BerserkerStyle","Membership Card","Juzu Bracelet","InkBottle","champ:BerserkersGuideToSlaughter","champ:EnchantShield","Nunchaku","champ:Barbells","CultistPotion"],"campfire_rested":0,"item_purchase_floors":[5,13,20,20,20,30,30,44,53,53],"current_hp_per_floor":[81,80,80,80,81,81,81,81,66,79,81,71,72,72,63,58,81,81,66,86,82,86,86,86,86,63,58,86,86,86,86,86,64,86,96,96,96,96,96,96,96,110,110,110,110,110,110,110,110,110,110,110,110,110,110],"gold":33,"neow_bonus":"ONE_RARE_RELIC","is_daily":false,"chose_seed":false,"campfire_upgraded":7,"win_rate":0.0,"timestamp":1608348944,"path_taken":["R","M","R","?","?","R","T","?","E","M","?","M","$","?","M","BOSS","R","?","$","M","M","R","T","?","?","E","M","?","$","M","M","BOSS","R","?","?","M","?","E","T","?","R","$","?","$","M","?","M","BOSS","E","$","R","BOSS"],"items_purchased_type":["Card","Card","Relic","Relic","Relic","Relic","Card","Relic","Relic","Potion"],"build_version":"2020-12-13","purchased_purges":4,"victory":true,"max_hp_per_floor":[81,81,81,81,81,81,81,81,81,81,81,81,81,81,81,81,81,81,86,86,86,86,86,86,86,86,86,86,86,86,86,86,86,86,96,96,96,96,96,96,96,110,110,110,110,110,110,110,110,110,110,110,110,110,110],"card_choices":[{"not_picked":["champ:FanOfKnives","champ:CrookedStrike"],"picked":"champ:GutPunch","floor":2.0},{"not_picked":["champ:FanOfKnives","champ:BladeFlurry","champ:Haymaker"],"picked":"SKIP","floor":5.0},{"not_picked":["champ:DefensiveShout","champ:Riposte"],"picked":"champ:SwordThrow+1","floor":9.0},{"not_picked":["champ:FaceSlap+1","champ:HeartStrike+1"],"picked":"champ:Encircle+1","floor":10.0},{"not_picked":["champ:Backstep","champ:CrookedStrike+1","champ:ShieldSigil"],"picked":"SKIP","floor":11.0},{"not_picked":["champ:DefensiveShout","champ:Haymaker+1"],"picked":"champ:Encircle+1","floor":12.0},{"not_picked":["champ:PerfectedStrike+1","champ:CrookedStrike+1"],"picked":"champ:RisingSlash+1","floor":13.0},{"not_picked":["champ:ViciousMockery","champ:Aggression","champ:BringItOn"],"picked":"SKIP","floor":15.0},{"not_picked":["champ:PerfectForm","champ:Devastate+1"],"picked":"champ:LastStand","floor":16},{"not_picked":["champ:HoldFirm","champ:GladiatorsShout"],"picked":"champ:Circumvent+1","floor":20},{"not_picked":["champ:FocusedGladiator","champ:CrookedStrike+1"],"picked":"champ:Backstep+1","floor":21},{"not_picked":["champ:GladiatorsShout","champ:StanceDance"],"picked":"champ:GutPunch+1","floor":22},{"not_picked":["champ:BerserkersShout+1","champ:StanceDance"],"picked":"champ:RisingSlash+1","floor":26},{"not_picked":["champ:ViciousMockery","champ:Lariat+1"],"picked":"champ:Improvising","floor":27},{"not_picked":["champ:DeathBlow+1","champ:DefensiveShout","champ:EnGarde"],"picked":"SKIP","floor":28},{"not_picked":["champ:SkillfulDodge+1","champ:FightOn","champ:ShieldWall+1"],"picked":"SKIP","floor":31},{"not_picked":["champ:FocusedGladiator","champ:BerserkersShout","champ:FanOfKnives+1"],"picked":"SKIP","floor":32},{"not_picked":["champ:Backstep+1","champ:FanOfKnives+1"],"picked":"champ:AdrenalArmor+1","floor":37},{"not_picked":["champ:Lariat","champ:ShieldSigil"],"picked":"champ:Duel+1","floor":38},{"not_picked":["champ:RageSigil+1","champ:Circumvent","champ:Haymaker+1"],"picked":"SKIP","floor":40},{"not_picked":["champ:DeathBlow+1","champ:FightOn"],"picked":"champ:DefensiveStyle+1","floor":47},{"not_picked":["champ:BladeFlurry+1","champ:PerfectedStrike+1","champ:FanOfKnives+1"],"picked":"SKIP","floor":49},{"not_picked":["champ:Backstep","champ:DefensiveStyle+1","champ:StanceDance"],"picked":"SKIP","floor":52}],"player_experience":1186863,"relics_obtained":[{"floor":7.0,"key":"Matryoshka"},{"floor":9.0,"key":"Molten Egg 2"},{"floor":24,"key":"Letter Opener"},{"floor":26,"key":"Ginger"},{"floor":26,"key":"Pantograph"},{"floor":27,"key":"Blue Candle"},{"floor":37,"key":"Lizard Tail"},{"floor":39,"key":"MawBank"},{"floor":39,"key":"StrikeDummy"},{"floor":40,"key":"HornCleat"},{"floor":41,"key":"War Paint"},{"floor":42,"key":"Mango"},{"floor":52,"key":"Eternal Feather"}],"event_choices":[{"damage_healed":0.0,"max_hp_gain":0.0,"max_hp_loss":0.0,"gold_gain":0.0,"event_name":"Accursed Blacksmith","player_choice":"Rummage","floor":4.0,"gold_loss":0.0,"damage_taken":0.0,"relics_obtained":["WarpedTongs"],"cards_obtained":["Pain"]},{"damage_healed":0,"gold_gain":0,"player_choice":"Ignored","damage_taken":0,"max_hp_gain":0,"max_hp_loss":0,"event_name":"Vampires","floor":29,"gold_loss":0},{"damage_healed":0,"gold_gain":0,"player_choice":"Fight","damage_taken":0,"max_hp_gain":0,"max_hp_loss":0,"event_name":"Mysterious Sphere","floor":42,"gold_loss":0},{"cards_removed":["champ:Strike"],"damage_healed":0,"gold_gain":0,"player_choice":"Purged","damage_taken":0,"max_hp_gain":0,"max_hp_loss":0,"event_name":"Purifier","floor":45,"gold_loss":0}],"is_beta":false,"boss_relics":[{"not_picked":["Philosopher\u0027s Stone","Cursed Key"],"picked":"Astrolabe"},{"not_picked":["Calling Bell","Coffee Dripper"],"picked":"SlaversCollar"}],"items_purged_floors":[20,30,44,46],"is_endless":false,"potions_floor_spawned":[12,15,16,21,28,31,32,37,38],"ascension_level":0}}