{"host":"6txiqg4kpf6cux77","time":1608405039,"event":{"mods":["AchievementEnabler","Act Like it!","BaseMod","Better Third Choice","BetterRewards","Colored Map","Colored Powertips","Friendly Minions","GifTheSpireLib","Hubris","Infinite Spire","Minty Spire (QoL Compilation)","Permanent Neow","Shop Mod","StSLib","Stuff the Spire","The Animator","The Jungle","The Servant 0.9.4","vexMod"],"gold_per_floor":[110,130,130,141,160,188,201,228,228,32,49,49,49,74,74,169,169,169,169,169,169,169,169,169,169,169,169,169,169,169,23,23,23,23,23,23,23,23,23,23,23,23,23,23,23,23,23,23,23,23,23,23,23,23,23,23],"floor_reached":55,"playtime":4140,"items_purged":["Defend_R","Defend_R","True Grit"],"score":1060,"play_id":"b9813f79-6073-41be-83e5-101d34f133ba","local_time":"20201219211039","is_ascension_mode":true,"campfire_choices":[{"floor":15,"key":"RECALL"},{"floor":30,"key":"REST"},{"data":"StuffTheSpire:Resist","floor":32,"key":"SMITH"},{"floor":40,"key":"REST"},{"data":"Pommel Strike","floor":42,"key":"SMITH"},{"floor":49,"key":"REST"},{"data":"Demon Form","floor":52,"key":"SMITH"}],"circlet_count":0,"master_deck":["Strike_R","Strike_R","Defend_R+1","Defend_R+1","Bash","Pommel Strike+1","Clash","Twin Strike","Metallicize","Rampage","Carnage+1","StuffTheSpire:Resist+1","Shrug It Off+1","Demon Form+1","Shame","Seeing Red+1","Thunderclap+1","Reaper","StuffTheSpire:TitanForm+1","Demon Form+1","hubris:SharpeningStone+1","Madness","Madness","Disarm","Iron Wave+1","Dual Wield+1","Armaments+1"],"relics":["StuffTheSpire:OccultApparatus","StuffTheSpire:Experiment12","vexMod:Spyglass","hubris:64BitClover","MerchantsRug","StuffTheSpire:PointBlank","Mummified Hand","hubris:MedicalManual","hubris:Metronome","Ectoplasm","Vajra","Ancient Tea Set","theJungle:PaperFaux","StuffTheSpire:MayFlowers","Ornamental Fan","Kunai","War Paint","Astrolabe","infinitespire:CheckeredPen","hubris:ToyBattleship","vexMod:BarristanHead","Toxic Egg 2","MealTicket","vexMod:InvisibilityCloak","infinitespire:Eraser"],"acts_visited":["Exordium","Exordium","TheBeyond","TheEnding"],"potions_floor_usage":[6,14,16,29,31,33,35,55,55],"damage_taken":[{"damage":4,"enemies":"Small Slimes","floor":1,"turns":4},{"damage":0,"enemies":"Cultist","floor":2,"turns":3},{"damage":6,"enemies":"Jaw Worm","floor":4,"turns":3},{"damage":13,"enemies":"Exordium Thugs","floor":5,"turns":3},{"damage":9,"enemies":"Gremlin Nob","floor":6,"turns":3},{"damage":9,"enemies":"3 Louse","floor":7,"turns":3},{"damage":16,"enemies":"3 Sentries","floor":8,"turns":8},{"damage":6,"enemies":"Red Slaver","floor":11,"turns":2},{"damage":8,"enemies":"Lagavulin","floor":14,"turns":5},{"damage":25,"enemies":"Slime Boss","floor":16,"turns":10},{"damage":8,"enemies":"theJungle:GiantWrat","floor":18,"turns":3},{"damage":2,"enemies":"theJungle:MUSHROOMGANG","floor":19,"turns":4},{"damage":25,"enemies":"theJungle:Snecko_Cultist_And_Trap","floor":21,"turns":4},{"damage":13,"enemies":"theJungle:2_Phrogs","floor":23,"turns":5},{"damage":2,"enemies":"theJungle:JungleHuntersEncounter","floor":24,"turns":4},{"damage":1,"enemies":"theJungle:SlimyTreeVines","floor":27,"turns":4},{"damage":0,"enemies":"theJungle:MamaSnecko","floor":29,"turns":3},{"damage":60,"enemies":"theJungle:TotemBoss","floor":33,"turns":9},{"damage":8,"enemies":"3 Darklings","floor":35,"turns":6},{"damage":8,"enemies":"Orb Walker","floor":38,"turns":2},{"damage":19,"enemies":"Jaw Worm Horde","floor":39,"turns":5},{"damage":34,"enemies":"Reptomancer","floor":41,"turns":5},{"damage":38,"enemies":"Nemesis","floor":44,"turns":5},{"damage":0,"enemies":"Sphere and 2 Shapes","floor":46,"turns":4},{"damage":0,"enemies":"3 Darklings","floor":47,"turns":4},{"damage":51,"enemies":"Donu and Deca","floor":50,"turns":5},{"damage":77,"enemies":"Shield and Spear","floor":54,"turns":8},{"damage":70,"enemies":"The Heart","floor":55,"turns":6}],"seed_played":"-4166421279305063265","potions_obtained":[{"floor":1,"key":"DuplicationPotion"},{"floor":4,"key":"ElixirPotion"},{"floor":6,"key":"ElixirPotion"},{"floor":7,"key":"SpeedPotion"},{"floor":14,"key":"ElixirPotion"},{"floor":18,"key":"Fire Potion"},{"floor":20,"key":"FairyPotion"},{"floor":20,"key":"LiquidBronze"},{"floor":24,"key":"EntropicBrew"},{"floor":33,"key":"AttackPotion"},{"floor":38,"key":"BlessingOfTheForge"},{"floor":39,"key":"PowerPotion"}],"is_trial":false,"path_per_floor":["M","M","?","M","M","E","M","E","T","$","M","?","$","E","R","B",null,"M","M","?","M","AVR","E","M","?","T","M","T","E","R","$","R","B",null,"M","?","T","M","M","R","E","R","T","E","T","M","M","$","R","B",null,"R","$","E","B"],"character_chosen":"IRONCLAD","items_purchased":["StuffTheSpire:Experiment12","vexMod:Spyglass","MerchantsRug","Pommel Strike","Orichalcum","War Paint"],"campfire_rested":3,"item_purchase_floors":[0,0,0,0,10,31],"current_hp_per_floor":[80,80,80,80,73,70,67,57,57,57,57,57,57,49,49,24,80,72,70,70,45,45,32,30,30,30,34,34,34,58,58,58,4,80,75,65,65,57,52,76,51,51,51,19,19,19,34,49,73,22,80,80,80,16,0,0],"gold":23,"neow_bonus":"","is_daily":false,"chose_seed":false,"campfire_upgraded":3,"win_rate":0.0,"timestamp":1608405039,"path_taken":["M","M","?","M","?","E","M","E","T","$","?","?","?","E","R","BOSS","M","M","?","M","AVR","E","M","?","T","M","?","E","R","$","R","BOSS","M","?","?","M","M","R","E","R","T","E","?","M","M","?","R","BOSS","R","$","E","BOSS"],"items_purchased_type":["Relic","Relic","Relic","Card","Relic","Relic"],"build_version":"2020-12-13","purchased_purges":3,"victory":false,"max_hp_per_floor":[80,80,80,80,80,80,80,80,80,80,80,80,80,80,80,80,80,80,80,80,80,80,80,80,80,80,80,80,80,80,80,80,80,80,80,80,80,80,80,80,80,80,80,80,80,80,80,80,80,80,80,80,80,80,80,80],"card_choices":[{"not_picked":["Dual Wield","StuffTheSpire:Incineration"],"picked":"Clash","floor":1},{"not_picked":["Anger","StuffTheSpire:Incineration"],"picked":"Twin Strike","floor":2},{"not_picked":["Iron Wave","Clash","Havoc"],"picked":"SKIP","floor":4},{"not_picked":["Wild Strike","Havoc","Warcry"],"picked":"SKIP","floor":5},{"not_picked":["Power Through","Flex"],"picked":"Metallicize","floor":6},{"not_picked":["StuffTheSpire:RockThrow","Clash"],"picked":"Rampage","floor":7},{"not_picked":["Feel No Pain","hubris:SharpeningStone"],"picked":"True Grit","floor":8},{"not_picked":["Rampage","Evolve","Impervious"],"picked":"SKIP","floor":11},{"not_picked":["Anger","Thunderclap","Ghostly Armor"],"picked":"SKIP","floor":14},{"not_picked":["StuffTheSpire:Incineration","Headbutt"],"picked":"Carnage+1","floor":18},{"not_picked":["Wild Strike+1","Feel No Pain"],"picked":"StuffTheSpire:Resist","floor":19},{"not_picked":["Evolve+1","Cleave"],"picked":"Shrug It Off+1","floor":21},{"not_picked":["Headbutt","infinitespire:OneForAll"],"picked":"Demon Form","floor":23},{"not_picked":["Cleave","Clash","Shrug It Off"],"picked":"SKIP","floor":24},{"not_picked":["Rage","Headbutt"],"picked":"Seeing Red+1","floor":27},{"not_picked":["Disarm","Clothesline"],"picked":"Thunderclap+1","floor":29},{"not_picked":["Exhume","StuffTheSpire:TitanForm"],"picked":"Reaper","floor":33},{"not_picked":["Clothesline","Power Through+1","Pommel Strike"],"picked":"SKIP","floor":35},{"not_picked":["Wild Strike","Twin Strike","Sword Boomerang"],"picked":"SKIP","floor":38},{"not_picked":["Cleave","Shrug It Off+1"],"picked":"Disarm","floor":39},{"not_picked":["Disarm","Blood for Blood","Hemokinesis"],"picked":"SKIP","floor":41},{"not_picked":["Clash","Carnage+1","Thunderclap"],"picked":"SKIP","floor":44},{"not_picked":["Berserk","Havoc+1"],"picked":"Iron Wave+1","floor":46},{"not_picked":["StuffTheSpire:Incineration","Spot Weakness+1"],"picked":"Dual Wield+1","floor":47},{"not_picked":["Shrug It Off+1","Infernal Blade+1"],"picked":"Armaments+1","floor":54}],"player_experience":177696,"relics_obtained":[{"floor":6,"key":"StuffTheSpire:PointBlank"},{"floor":8,"key":"Mummified Hand"},{"floor":14,"key":"hubris:MedicalManual"},{"floor":16,"key":"hubris:Metronome"},{"floor":23,"key":"Ancient Tea Set"},{"floor":26,"key":"StuffTheSpire:MayFlowers"},{"floor":28,"key":"Ornamental Fan"},{"floor":29,"key":"Kunai"},{"floor":35,"key":"infinitespire:CheckeredPen"},{"floor":37,"key":"hubris:ToyBattleship"},{"floor":41,"key":"vexMod:BarristanHead"},{"floor":43,"key":"Toxic Egg 2"},{"floor":44,"key":"MealTicket"},{"floor":45,"key":"vexMod:InvisibilityCloak"},{"floor":54,"key":"infinitespire:Eraser"}],"event_choices":[{"damage_healed":0,"gold_gain":0,"player_choice":"Full Heal","damage_taken":0,"max_hp_gain":0,"max_hp_loss":0,"event_name":"Wheel of Change","floor":3,"gold_loss":0},{"damage_healed":0,"gold_gain":0,"player_choice":"Got Potions","damage_taken":0,"max_hp_gain":0,"max_hp_loss":0,"event_name":"Lab","floor":20,"gold_loss":0},{"damage_healed":0,"gold_gain":0,"player_choice":"Embrace Madness","damage_taken":10,"max_hp_gain":0,"max_hp_loss":0,"event_name":"Winding Halls","floor":36,"gold_loss":0,"cards_obtained":["Madness","Madness"]}],"is_beta":false,"boss_relics":[{"not_picked":["hubris:Stopwatch","hubris:ScarierMask"],"picked":"Ectoplasm"},{"not_picked":["vexMod:EndlessSickness","SlaversCollar"],"picked":"Astrolabe"}],"items_purged_floors":[0,10,22],"is_endless":false,"potions_floor_spawned":[1,4,6,7,14,18,24,27,33,38,39,44,46],"killed_by":"The Heart","ascension_level":1}}