{"host":"pew4fjlaqz7m1maf","time":1608376099,"event":{"mods":["AchievementEnabler","Bartender","BaseMod","Bestiary","Colored Map","Colored Powertips","DeckTracker","Duelist Mod","GifTheSpireLib","Hero for Fun","Hyrulean Relics","Jedi Mod","Kalas","LagranYue(ùfäiòNÅEåé)","Magitek Elite","MarisaÅiñ∂âJÅ@ñÇóùçπÅj","Minty Spire (QoL Compilation)","Prisma Mod","Quick Restart","Random Character Button","Rare Cards Sparkle","Relic Stats","Replay The Spire","SOSÅiézîb?îVéqÅj","StSLib","Steal the Spire","Td1madao Mod","The Animator","The Bug Knight","The Mystic","The Senshi","The Servant 0.9.4","The Wild Card","TheHero","Åyå˜î\ModÅz?ñæìIç≈?Boss"],"gold_per_floor":[116,116,141,166,180,180,180,200,226,272,272,318,339,353,353,478,478,523,18,18,18,18,18,0,72,99,139,139,139,200,24,39,39],"floor_reached":32,"playtime":2882,"items_purged":["Voices","Injury"],"score":250,"play_id":"b6d03698-9d24-4671-9d12-2bab4cd4b102","local_time":"20201219040819","daily_mods":["Draft","Heirloom"],"is_ascension_mode":false,"campfire_choices":[{"floor":6,"key":"REST"},{"floor":15,"key":"REST"},{"floor":23,"key":"REST"}],"circlet_count":0,"master_deck":["animator:OrikoMikuni","animator:Geryuganshoop+1","animator:Kazuma","animator:PandorasActor","animator:ZankiKiguchi","animator:Togame","animator:Alexander","animator:ShinjiMatou","animator:Tyuule","animator:Lancer","animator:Archer","animator:ShinjiMatou","animator:NarberalGamma","animator:NagisaMomoe","animator:Tatsumaki","animator:Kuribayashi","animator:Megumin+5","animator:Shichika","animator:Mitsurugi","animator:Assassin","animator:Melzalgald","animator:SayakaMiki","animator:NagisaMomoe","animator:SayakaMiki","animator:Saber","animator:Geryuganshoop+1","animator:Alexander","animator:Alexander","animator:Demiurge","animator:PandorasActor","animator:Chris"],"relics":["animator:LivingPicture","animator:TheMissingPiece","LagranYue:RandomDrawCardRelic","Replay:Kaleidoscope","Golden Idol","Ring of Fury","ReplayTheSpireMod:Ring of Exchange","zeldaRelics:CourageTriforce","zeldaRelics:Boomerang","Tiny Chest","jedi:Pinwheel","zeldaRelics:WisdomPiece"],"acts_visited":["Exordium","TheCity"],"potions_floor_usage":[5,8,16,24,32,32],"damage_taken":[{"damage":2,"enemies":"Cultist","floor":1,"turns":3},{"damage":10,"enemies":"Jaw Worm","floor":3,"turns":3},{"damage":0,"enemies":"Small Slimes","floor":4,"turns":3},{"damage":11,"enemies":"Red Slaver","floor":5,"turns":3},{"damage":6,"enemies":"3 Louse","floor":8,"turns":2},{"damage":20,"enemies":"3 Sentries","floor":10,"turns":4},{"damage":26,"enemies":"Lagavulin","floor":12,"turns":5},{"damage":0,"enemies":"2 Fungi Beasts","floor":13,"turns":2},{"damage":4,"enemies":"Exordium Thugs","floor":14,"turns":3},{"damage":18,"enemies":"Fading Forest","floor":16,"turns":11},{"damage":34,"enemies":"2 Thieves","floor":18,"turns":3},{"damage":14,"enemies":"Shell Parasite","floor":27,"turns":4},{"damage":25,"enemies":"3 Cultists","floor":30,"turns":5},{"damage":9,"enemies":"Sentry and Sphere","floor":32,"turns":3}],"seed_played":"1212668015175517401","potions_obtained":[{"floor":4,"key":"AttackPotion"},{"floor":5,"key":"Explosive Potion"},{"floor":12,"key":"jedi:mysterypotion"},{"floor":14,"key":"Weak Potion"},{"floor":27,"key":"Elixir"},{"floor":30,"key":"GamblersBrew"}],"is_trial":true,"path_per_floor":["M","?","M","M","M","R","?","M","T","E","?","E","M","M","R","B",null,"M","$","?","?","$","R","?","T","T","M","PTL","PTL","M","$","M"],"character_chosen":"THE_ANIMATOR","items_purchased":["animator:Alexander","Tiny Chest","jedi:Pinwheel","animator:Chris"],"campfire_rested":3,"item_purchase_floors":[19,19,19,31],"current_hp_per_floor":[64,64,54,54,44,64,64,58,58,38,38,12,12,8,28,30,67,33,33,33,33,33,53,53,53,53,39,39,39,14,14,5,5],"gold":39,"neow_bonus":"","is_daily":false,"chose_seed":false,"campfire_upgraded":0,"win_rate":0.0,"timestamp":1608376099,"path_taken":["M","?","M","M","M","R","?","M","T","E","?","E","M","M","R","BOSS","M","$","?","?","$","R","?","?","T","M","PTL","PTL","M","?","?"],"items_purchased_type":["Card","Relic","Relic","Card"],"build_version":"2020-12-13","purchased_purges":2,"victory":false,"max_hp_per_floor":[66,66,66,66,67,67,67,67,67,67,67,67,67,67,67,67,67,67,67,67,67,67,67,67,67,67,67,67,67,67,67,67,67],"relic_stats":{"counters":[14,54],"Golden Idol":72,"Tiny Chest":1,"obtain_stats":[{"ReplayTheSpireMod:Ring of Exchange":7,"zeldaRelics:Boomerang":17,"zeldaRelics:WisdomPiece":25,"LagranYue:RandomDrawCardRelic":0,"Golden Idol":2,"animator:TheMissingPiece":0,"Replay:Kaleidoscope":0,"jedi:Pinwheel":19,"zeldaRelics:CourageTriforce":12,"Ring of Fury":7,"Tiny Chest":19,"animator:LivingPicture":0,"zeldaRelics:CouragePiece":9},{"ReplayTheSpireMod:Ring of Exchange":4,"zeldaRelics:Boomerang":10,"zeldaRelics:WisdomPiece":11,"LagranYue:RandomDrawCardRelic":0,"Golden Idol":1,"animator:TheMissingPiece":0,"Replay:Kaleidoscope":0,"jedi:Pinwheel":11,"zeldaRelics:CourageTriforce":7,"Ring of Fury":4,"Tiny Chest":11,"animator:LivingPicture":0,"zeldaRelics:CouragePiece":5},{"ReplayTheSpireMod:Ring of Exchange":12,"zeldaRelics:Boomerang":39,"zeldaRelics:WisdomPiece":42,"LagranYue:RandomDrawCardRelic":0,"Golden Idol":3,"animator:TheMissingPiece":0,"Replay:Kaleidoscope":0,"jedi:Pinwheel":42,"zeldaRelics:CourageTriforce":23,"Ring of Fury":12,"Tiny Chest":42,"animator:LivingPicture":0,"zeldaRelics:CouragePiece":14}]},"card_choices":[{"not_picked":["animator:Assassin","animator:Nanami"],"picked":"animator:OrikoMikuni","floor":0},{"not_picked":["animator:ZankiKiguchi","animator:Shichika"],"picked":"animator:Geryuganshoop","floor":0},{"not_picked":["animator:KyokoSakura","animator:Togame"],"picked":"animator:Kazuma","floor":0},{"not_picked":["animator:Azekura","animator:Togame"],"picked":"animator:PandorasActor","floor":0},{"not_picked":["animator:Genos","animator:Verdia"],"picked":"animator:ZankiKiguchi","floor":0},{"not_picked":["animator:Cocytus","animator:Verdia"],"picked":"animator:Togame","floor":0},{"not_picked":["animator:Cocytus","animator:Berserker"],"picked":"animator:Alexander","floor":0},{"not_picked":["animator:RinTohsaka","animator:LeleiLaLalena"],"picked":"animator:ShinjiMatou","floor":0},{"not_picked":["animator:Genos","animator:Shalltear"],"picked":"animator:Tyuule","floor":0},{"not_picked":["animator:Berserker","animator:YunYun"],"picked":"animator:Lancer","floor":0},{"not_picked":["animator:Aqua","animator:YachiyoNanami"],"picked":"animator:Archer","floor":0},{"not_picked":["animator:Alexander","animator:Kuribayashi"],"picked":"animator:ShinjiMatou","floor":0},{"not_picked":["animator:Berserker","animator:Arpeggio"],"picked":"animator:NarberalGamma","floor":0},{"not_picked":["animator:Kazuma","animator:Kuribayashi"],"picked":"animator:NagisaMomoe","floor":0},{"not_picked":["animator:OrikoMikuni","animator:YuiTsuruno"],"picked":"animator:Tatsumaki","floor":0},{"not_picked":["animator:ShinjiMatou","animator:KyokoSakura"],"picked":"animator:Kuribayashi","floor":1},{"not_picked":["animator:ShinjiMatou","animator:KyokoSakura"],"picked":"animator:Megumin","floor":3},{"not_picked":["animator:Kazuma","animator:Alexander"],"picked":"animator:Shichika","floor":4},{"not_picked":["animator:Verdia","animator:Vanir"],"picked":"animator:Mitsurugi","floor":5},{"not_picked":["animator:Konayuki","animator:Illya"],"picked":"animator:Assassin","floor":8},{"not_picked":["animator:Shichika","animator:NagisaMomoe"],"picked":"animator:Melzalgald","floor":10},{"not_picked":["animator:RinTohsaka","animator:Wiz"],"picked":"animator:SayakaMiki","floor":12},{"not_picked":["animator:KyokoSakura","animator:YuiTsuruno"],"picked":"animator:NagisaMomoe","floor":13},{"not_picked":["animator:TukaLunaMarceau","animator:Sebas"],"picked":"animator:SayakaMiki","floor":14},{"not_picked":["animator:Wiz","animator:Saitama"],"picked":"animator:Saber","floor":16},{"not_picked":["animator:Illya+1","animator:YaoHaDucy"],"picked":"animator:Geryuganshoop+1","floor":18},{"not_picked":["animator:Assassin","animator:SilverFang"],"picked":"animator:Demiurge","floor":27},{"not_picked":["animator:Sebas","animator:Cocytus"],"picked":"animator:PandorasActor","floor":30}],"player_experience":38529,"relics_obtained":[{"floor":7,"key":"Ring of Fury"},{"floor":7,"key":"ReplayTheSpireMod:Ring of Exchange"},{"floor":9,"key":"zeldaRelics:CouragePiece"},{"floor":10,"key":"zeldaRelics:CouragePiece"},{"floor":12,"key":"zeldaRelics:CouragePiece"},{"floor":25,"key":"zeldaRelics:WisdomPiece"},{"floor":26,"key":"zeldaRelics:WisdomPiece"}],"event_choices":[{"damage_healed":0,"gold_gain":0,"player_choice":"Take Wound","damage_taken":0,"relics_obtained":["Golden Idol"],"max_hp_gain":0,"max_hp_loss":0,"event_name":"Golden Idol","floor":2,"gold_loss":0,"cards_obtained":["Injury"]},{"damage_healed":0,"gold_gain":0,"player_choice":"Forge","damage_taken":0,"max_hp_gain":0,"max_hp_loss":0,"event_name":"Accursed Blacksmith","floor":11,"gold_loss":0,"cards_upgraded":["animator:Geryuganshoop"]},{"damage_healed":0,"gold_gain":0,"player_choice":"Simplicity","damage_taken":0,"max_hp_gain":0,"max_hp_loss":0,"event_name":"Back to Basics","floor":20,"gold_loss":0,"cards_upgraded":[]},{"damage_healed":0,"gold_gain":0,"player_choice":"Ignored","damage_taken":0,"max_hp_gain":0,"max_hp_loss":0,"event_name":"Vampires","floor":21,"gold_loss":0},{"damage_healed":0,"gold_gain":0,"player_choice":"Paid Fearfully","damage_taken":0,"max_hp_gain":0,"max_hp_loss":0,"event_name":"Masked Bandits","floor":24,"gold_loss":18}],"is_beta":false,"boss_relics":[{"not_picked":["Guide Book","Black Star"],"picked":"zeldaRelics:Boomerang"}],"items_purged_floors":[19,31],"is_endless":false,"potions_floor_spawned":[4,5,12,14,27,30],"killed_by":"Sentry and Sphere","ascension_level":0}}