{"host":"nvwxkcurnqq848ao","time":1608350956,"event":{"mods":["BaseMod","Block Reminder","Downfall","Infinite Spire","Minty Spire (QoL Compilation)","Relic Sorter","Replay The Spire","StSLib"],"gold_per_floor":[114,127,22,32,32,32,67,67,67,100,100,114,124,157,157,256,256,266,279,293,304,319,319,419,444,492,592,620,313,313,342,342,454,454,473,473,496,520,520,554,587,626,708,708,708,729,729,777,777,789,789],"floor_reached":50,"playtime":4347,"items_purged":["CarveReality"],"score":921,"play_id":"4e1ef1cd-afec-403a-9e98-e2b9283084bc","local_time":"20201218220916","is_ascension_mode":true,"campfire_choices":[{"data":"LikeWater","floor":6.0,"key":"SMITH"},{"data":"Vigilance","floor":8.0,"key":"SMITH"},{"data":"ForeignInfluence","floor":11.0,"key":"SMITH"},{"data":"LikeWater","floor":15.0,"key":"SMITH"},{"data":"Perseverance","floor":23.0,"key":"SMITH"},{"data":"infinitespire:Execution","floor":30.0,"key":"SMITH"},{"data":"Metamorphosis","floor":32.0,"key":"SMITH"},{"floor":45.0,"key":"REST"},{"data":"ReplayTheSpireMod:Haul","floor":45.0,"key":"SMITH"},{"floor":47.0,"key":"REST"},{"data":"Madness","floor":47.0,"key":"SMITH"},{"floor":49.0,"key":"REST"},{"floor":49.0,"key":"RECALL"}],"circlet_count":0,"master_deck":["Eruption","Vigilance+1","CurseOfTheBell","DeceiveReality","LikeWater+1","ClearTheMind+1","ReachHeaven","Brilliance","Evaluate","ForeignInfluence+1","LikeWater+1","Pray","Prostrate","Replay:ManipulateFuture","Evaluate+1","DeceiveReality","Perseverance+1","DeceiveReality","infinitespire:Execution+1","ReplayTheSpireMod:Haul+1","Wallop+1","Metamorphosis+1","Replay:ManipulateFuture+1","Nirvana","Wallop+1","Replay:ManipulateFuture+1","Vault","Worship","Madness","Madness+1","Replay:AtTheReady","FearNoEvil+1","Pray+1","TalkToTheHand","Weave+1","EmptyMind","Weave"],"relics":["HolyWater","Busted Crown","Calling Bell","Replay:PocketPolymizer","Mirror","Gremlin Food","Juzu Bracelet","Question Card","infinitespire:BottledMercury","infinitespire:Beetle Shell","Replay:Bandana","Replay:Wanted Poster","Ginger","Bronze Scales","VioletLotus","Medical Kit","Dream Catcher","infinitespire:Magic Flask","Blue Candle","Sundial"],"acts_visited":["Exordium","TheCity","TheBeyond"],"potions_floor_usage":[50],"damage_taken":[{"damage":2.0,"enemies":"Small Slimes","floor":1.0,"turns":3.0},{"damage":3.0,"enemies":"Cultist","floor":2.0,"turns":6.0},{"damage":2.0,"enemies":"Jaw Worm","floor":4.0,"turns":6.0},{"damage":6.0,"enemies":"Gremlin Nob","floor":7.0,"turns":3.0},{"damage":18.0,"enemies":"Lagavulin","floor":10.0,"turns":3.0},{"damage":0.0,"enemies":"Looter","floor":12.0,"turns":2.0},{"damage":0.0,"enemies":"Exordium Thugs","floor":13.0,"turns":4.0},{"damage":0.0,"enemies":"Replay:BlueRogue","floor":14.0,"turns":6.0},{"damage":0.0,"enemies":"The Guardian","floor":16.0,"turns":8.0},{"damage":0.0,"enemies":"Spheric Guardian","floor":18.0,"turns":3.0},{"damage":0.0,"enemies":"3 Byrds","floor":19.0,"turns":5.0},{"damage":4.0,"enemies":"Snecko","floor":20.0,"turns":6.0},{"damage":0.0,"enemies":"Sentry and Sphere","floor":21.0,"turns":3.0},{"damage":4.0,"enemies":"Snake Plant","floor":22.0,"turns":2.0},{"damage":18.0,"enemies":"Gremlin Leader","floor":25.0,"turns":8.0},{"damage":0.0,"enemies":"Nightmare","floor":28.0,"turns":9.0},{"damage":0.0,"enemies":"Cultist and Chosen","floor":31.0,"turns":3.0},{"damage":0.0,"enemies":"Champ","floor":33.0,"turns":6.0},{"damage":0.0,"enemies":"3 Shapes","floor":35.0,"turns":6.0},{"damage":0.0,"enemies":"3 Darklings","floor":37.0,"turns":4.0},{"damage":0.0,"enemies":"Writhing Mass","floor":38.0,"turns":6.0},{"damage":1.0,"enemies":"R_Hoarder","floor":40.0,"turns":5.0},{"damage":0.0,"enemies":"Jaw Worm Horde","floor":41.0,"turns":3.0},{"damage":13.0,"enemies":"Nemesis","floor":42.0,"turns":7.0},{"damage":38.0,"enemies":"4 Shapes","floor":46.0,"turns":8.0},{"damage":0.0,"enemies":"Giant Head","floor":48.0,"turns":8.0},{"damage":72,"enemies":"Donu and Deca","floor":50,"turns":6}],"seed_played":"-4162946346510559812","potions_obtained":[{"floor":2.0,"key":"Swift Potion"},{"floor":7.0,"key":"SkillPotion"},{"floor":12.0,"key":"PowerPotion"},{"floor":13.0,"key":"BlessingOfTheForge"},{"floor":16.0,"key":"SkillPotion"},{"floor":20.0,"key":"Ancient Potion"},{"floor":25.0,"key":"SteroidPotion"},{"floor":31.0,"key":"LiquidBronze"},{"floor":33.0,"key":"AttackPotion"},{"floor":37.0,"key":"StancePotion"},{"floor":38.0,"key":"sneckomod:MuddlingPotion"},{"floor":41.0,"key":"LiquidMemories"},{"floor":46.0,"key":"Energy Potion"}],"is_trial":false,"path_per_floor":["M","M","$","M","$","R","E","R","T","E","R","M","M","E","R","B",null,"M","M","M","M","M","R","?","E","T","AVR","NM","$","R","M","R","B",null,"M","?","M","M","AVR","E","M","E","T","?","R","M","R","E","R","B"],"character_chosen":"WATCHER","items_purchased":["LikeWater","ClearTheMind+1","Bronze Scales","Metamorphosis"],"campfire_rested":3,"item_purchase_floors":[3,3,29,29],"current_hp_per_floor":[70,67,67,65,65,65,59,59,59,41,41,41,41,41,41,41,72,72,72,68,68,64,64,64,46,46,46,46,46,46,46,46,46,72,72,72,72,72,72,71,71,58,58,49,70,32,53,53,72,0,0],"gold":789,"neow_bonus":"DOUBLE_BOSS_RELIC","is_daily":false,"chose_seed":false,"campfire_upgraded":9,"win_rate":0.0,"timestamp":1608350956,"path_taken":["M","M","$","M","$","R","E","R","T","E","R","M","M","E","R","BOSS","M","M","M","M","M","R","?","E","T","AVR","NM","?","R","M","R","BOSS","M","?","M","M","AVR","E","M","E","T","?","R","M","R","E","R","BOSS"],"items_purchased_type":["Card","Card","Relic","Card"],"build_version":"2020-12-13","purchased_purges":1,"victory":false,"max_hp_per_floor":[72,72,72,72,72,72,72,72,72,72,72,72,72,72,72,72,72,72,72,72,72,72,72,72,72,72,72,72,72,72,72,72,72,72,72,72,72,72,72,72,72,72,72,72,72,72,72,72,72,72,72],"card_choices":[{"not_picked":[],"picked":"Replay:Vibes","floor":1.0},{"not_picked":[],"picked":"DeceiveReality","floor":2.0},{"not_picked":["ForeignInfluence"],"picked":"SKIP","floor":4.0},{"not_picked":["JustLucky"],"picked":"SKIP","floor":7.0},{"not_picked":["FollowUp"],"picked":"Evaluate","floor":10.0},{"not_picked":["FollowUp"],"picked":"LikeWater","floor":12.0},{"not_picked":["FlyingSleeves","SandsOfTime"],"picked":"SKIP","floor":13.0},{"not_picked":["FlyingSleeves","SandsOfTime"],"picked":"SKIP","floor":13.0},{"not_picked":["Replay:Anticipation"],"picked":"Pray","floor":14.0},{"not_picked":["Wish"],"picked":"Judgement","floor":16.0},{"not_picked":["EmptyBody","BowlingBash"],"picked":"SKIP","floor":18.0},{"not_picked":["Evaluate"],"picked":"Replay:ManipulateFuture","floor":19.0},{"not_picked":["WreathOfFlame"],"picked":"Evaluate+1","floor":20.0},{"not_picked":["EmptyBody","SashWhip"],"picked":"SKIP","floor":21.0},{"not_picked":["Protect"],"picked":"DeceiveReality","floor":22.0},{"not_picked":["SashWhip"],"picked":"DeceiveReality","floor":25.0},{"not_picked":["infinitespire:Punishment","Replay:Fractal Strike"],"picked":"ReplayTheSpireMod:Haul","floor":28.0},{"not_picked":["Consecrate+1"],"picked":"Wallop+1","floor":28.0},{"not_picked":["Evaluate","Halt"],"picked":"SKIP","floor":31.0},{"not_picked":["EmptyBody+1"],"picked":"Replay:ManipulateFuture+1","floor":35.0},{"not_picked":["Meditate+1"],"picked":"Nirvana","floor":37.0},{"not_picked":["BowlingBash+1"],"picked":"Wallop+1","floor":38.0},{"not_picked":["Crescendo+1"],"picked":"Replay:ManipulateFuture+1","floor":40.0},{"not_picked":["ThirdEye"],"picked":"Vault","floor":41.0},{"not_picked":["Meditate+1"],"picked":"Worship","floor":42.0},{"not_picked":["ThirdEye+1"],"picked":"FearNoEvil+1","floor":45.0},{"not_picked":["BowlingBash"],"picked":"Pray+1","floor":46.0},{"not_picked":["Protect+1"],"picked":"Weave+1","floor":47.0},{"not_picked":["Protect+1","Evaluate"],"picked":"SKIP","floor":48.0},{"not_picked":["WindmillStrike+1"],"picked":"Weave","floor":49.0}],"player_experience":531227,"relics_obtained":[{"floor":0.0,"key":"Replay:PocketPolymizer"},{"floor":0.0,"key":"Mirror"},{"floor":0.0,"key":"Gremlin Food"},{"floor":7.0,"key":"Juzu Bracelet"},{"floor":9.0,"key":"Question Card"},{"floor":10.0,"key":"infinitespire:BottledMercury"},{"floor":14.0,"key":"infinitespire:Beetle Shell"},{"floor":25.0,"key":"Replay:Bandana"},{"floor":28.0,"key":"Ginger"},{"floor":40.0,"key":"Dream Catcher"},{"floor":42.0,"key":"infinitespire:Magic Flask"},{"floor":43.0,"key":"Blue Candle"},{"floor":48.0,"key":"Sundial"}],"event_choices":[{"damage_healed":0.0,"max_hp_gain":0.0,"max_hp_loss":0.0,"gold_gain":100.0,"event_name":"Golden Shrine","player_choice":"Pray","floor":24.0,"gold_loss":0.0,"damage_taken":0.0},{"cards_removed":["Defend_P"],"damage_healed":0.0,"max_hp_gain":0.0,"max_hp_loss":0.0,"gold_gain":0.0,"event_name":"Falling","player_choice":"Removed Skill","floor":36.0,"gold_loss":0.0,"damage_taken":0.0},{"damage_healed":0.0,"max_hp_gain":0.0,"max_hp_loss":0.0,"gold_gain":0.0,"event_name":"Winding Halls","player_choice":"Embrace Madness","floor":44.0,"gold_loss":0.0,"damage_taken":9.0,"cards_obtained":["Madness","Madness"]}],"is_beta":false,"boss_relics":[{"not_picked":["Ring of Chaos","Ectoplasm"],"picked":"HolyWater"},{"not_picked":["Snecko Eye","Black Star"],"picked":"VioletLotus"}],"items_purged_floors":[39],"is_endless":false,"potions_floor_spawned":[2,7,12,13,16,20,25,31,33,37,38,41,46],"killed_by":"Donu and Deca","ascension_level":2}}