{"host":"usrgk25etjl0nf5i","time":1608348347,"event":{"mods":["2.2 Compatiblity","BaseMod","Downfall","Hubris","Minty Spire (QoL Compilation)","StSLib","SuperFastMode"],"gold_per_floor":[99,109,138,138,313,238,238,272,272,304,304,68,79,94,106,106,106],"floor_reached":16,"playtime":619,"items_purged":["sneckomod:Strike"],"score":172,"play_id":"72366a7c-f79f-41e6-afd2-fe0e3e0ac3b1","local_time":"20201218192547","is_ascension_mode":true,"campfire_choices":[{"floor":1,"key":"RECALL"},{"data":"sneckomod:TailWhip","floor":6,"key":"SMITH"},{"floor":9,"key":"REST"}],"circlet_count":0,"master_deck":["sneckomod:Strike","sneckomod:Strike","sneckomod:Defend","sneckomod:Defend","sneckomod:Defend","sneckomod:TailWhip+1","sneckomod:SnekBite","sneckomod:Unknown","sneckomod:Unknown","sneckomod:IronFang","sneckomod:UnknownWeak","sneckomod:UnknownUncommonSkill","sneckomod:Mudshield","sneckomod:QuickBite","sneckomod:UnknownDexterity","sneckomod:UnknownExhaust","sneckomod:ImprovisedAttack","sneckomod:DiceBlock"],"relics":["sneckomod:SneckoSoul","Omamori","MealTicket","downfall:HeartBlessingRed","hubris:ToyBattleship","sneckomod:BlankCard","hubris:OldNail","OrangePellets"],"acts_visited":["Exordium"],"potions_floor_usage":[8,16],"damage_taken":[{"damage":0,"enemies":"Small Slimes","floor":2,"turns":3},{"damage":16,"enemies":"Gremlin Nob","floor":3,"turns":4},{"damage":25,"enemies":"Lagavulin","floor":8,"turns":5},{"damage":0,"enemies":"Gremlin Nob","floor":10,"turns":2},{"damage":2,"enemies":"downfall:FleeingMerchant","floor":12,"turns":4},{"damage":2,"enemies":"2 Louse","floor":13,"turns":2},{"damage":0,"enemies":"Jaw Worm","floor":14,"turns":2},{"damage":10,"enemies":"Exordium Wildlife","floor":15,"turns":3},{"damage":94,"enemies":"downfall:Defect","floor":16,"turns":8}],"seed_played":"-7291909070021851401","potions_obtained":[{"floor":3,"key":"Swift Potion"},{"floor":8,"key":"Fire Potion"},{"floor":10,"key":"ColorlessPotion"},{"floor":14,"key":"Explosive Potion"}],"is_trial":false,"path_per_floor":["R","M","E","?","?","R","T","E","R","E","?","$","M","M","M","B"],"character_chosen":"THE_SNECKO","items_purchased":["OrangePellets"],"campfire_rested":1,"item_purchase_floors":[12],"current_hp_per_floor":[99,99,84,81,81,81,81,57,87,87,87,100,99,99,93,0,0],"gold":106,"neow_bonus":"TEN_PERCENT_HP_BONUS","is_daily":false,"chose_seed":false,"campfire_upgraded":1,"win_rate":0.0,"timestamp":1608348347,"path_taken":["R","M","E","?","?","R","T","E","R","E","?","?","M","M","M","BOSS"],"items_purchased_type":["Relic"],"build_version":"2020-12-13","purchased_purges":1,"victory":false,"max_hp_per_floor":[99,99,100,100,100,100,100,101,101,101,101,102,103,103,103,103,103],"card_choices":[{"not_picked":["sneckomod:SlitherStrike","sneckomod:UnknownWeak"],"picked":"sneckomod:IronFang","floor":2},{"not_picked":["sneckomod:UnknownStrike","sneckomod:UnknownCommonAttack"],"picked":"sneckomod:UnknownWeak","floor":3},{"not_picked":["sneckomod:UnknownClassBLUE","sneckomod:UnknownClassTHE_CHAMP_GRAY"],"picked":"sneckomod:UnknownUncommonSkill","floor":8},{"not_picked":["sneckomod:UnknownClassSLIMEBOUND","sneckomod:WideSting"],"picked":"sneckomod:Mudshield","floor":10},{"not_picked":["sneckomod:Rotation","sneckomod:DiceCrush"],"picked":"sneckomod:UnknownDexterity","floor":12},{"not_picked":["sneckomod:QuickMove","sneckomod:UnknownWeak"],"picked":"sneckomod:UnknownExhaust","floor":13},{"not_picked":["sneckomod:UnknownCommonSkill","sneckomod:QuickBite"],"picked":"sneckomod:ImprovisedAttack","floor":14},{"not_picked":["sneckomod:UnknownVulnerable","sneckomod:UnknownWeak"],"picked":"sneckomod:DiceBlock","floor":15}],"player_experience":592692,"relics_obtained":[{"floor":3,"key":"Omamori"},{"floor":7,"key":"hubris:ToyBattleship"},{"floor":8,"key":"sneckomod:BlankCard"},{"floor":10,"key":"hubris:OldNail"}],"event_choices":[{"damage_healed":0,"gold_gain":0,"player_choice":"Success","damage_taken":3,"relics_obtained":["MealTicket"],"max_hp_gain":0,"max_hp_loss":0,"event_name":"Scrap Ooze","floor":4,"gold_loss":0}],"is_beta":false,"boss_relics":[],"items_purged_floors":[12],"is_endless":false,"potions_floor_spawned":[3,8,10,14],"killed_by":"downfall:Defect","ascension_level":4}}