{"host":"0cnf9zf1gia27zti","time":1608336093,"event":{"mods":["BaseMod","BetterRewards","Card Forge","Colored Map","Colored Powertips","Conspire","Downfall","Minty Spire (QoL Compilation)","Practice Mode","Quick Restart","Replay The Spire","Robot Space Explorer","Shade Mod","Spicy Shops","StSLib"],"gold_per_floor":[119,137,137,155,8,8,20,20,20,2,14,14,28,54,54,128,128,139,139,156,174,208,208,221,221,221,221,19,30,30,30,30,109,109,124,124,143,162,83,83,96,96,96,112,112,36,36,50,50,50,50],"floor_reached":50,"playtime":2848,"items_purged":[],"score":865,"play_id":"3adf8f1a-13c1-482c-a733-9d82c7d76efd","local_time":"20201219000133","is_ascension_mode":true,"campfire_choices":[{"floor":6,"key":"REST"},{"floor":8,"key":"REST"},{"data":"Auto Shields","floor":15,"key":"SMITH"},{"data":"Self Repair","floor":23,"key":"SMITH"},{"data":"Zap","floor":25,"key":"SMITH"},{"data":"Dualcast","floor":27,"key":"SMITH"},{"data":"Conserve Battery","floor":32,"key":"SMITH"},{"data":"Heatsinks","floor":40,"key":"SMITH"},{"data":"Chill","floor":42,"key":"SMITH"},{"data":"Crystallizer","floor":49,"key":"SMITH"}],"circlet_count":0,"master_deck":["AscendersBane","Defend_B","Defend_B+1","Defend_B+1","Defend_B","Zap+1","Dualcast+1","Loop+1","ReplayTheSpireMod:Brewmster+1","Loop+1","Loop+1","Storm","Self Repair+1","Auto Shields+1","Fusion+1","Electrodynamics+1","Storm","Conserve Battery+1","Thunder Strike+1","Chill+1","White Noise+1","Panic Button","Electrodynamics+1","Tempest","ReplayTheSpireMod:Brewmster+1","Tempest+1","Chill+1","Defragment+1","Creative AI+1","Self Repair+1","Heatsinks+1","Crystallizer+1","Storm+1","Tempest+1","Crystallizer"],"relics":["Cracked Core","Hammer of Thor","Seething Fire","Anvil of the Gods","Guide Book","Golden Egg","MealTicket","Mango","Membership Card","Ancient Tea Set","Replay:Bottled Flurry","Replay:Grab Bag","Coffee Dripper","conspire:RoyalGoblet","SlaversCollar","Astrolabe","Juzu Bracelet","Red Mask","War Paint","Blue Doll","Black Star","Runic Capacitor","Cables"],"acts_visited":["Exordium","TheCity","TheBeyond"],"potions_floor_usage":[1,2,4,7,11,13,13,14,14,18,18,21,24,24,24,29,33,33,33,35,38,41,41,41,44,48,50,50,50],"damage_taken":[{"damage":0,"enemies":"Cultist","floor":1,"turns":4},{"damage":8,"enemies":"2 Louse","floor":2,"turns":2},{"damage":5,"enemies":"Jaw Worm","floor":4,"turns":3},{"damage":42,"enemies":"Exordium Thugs","floor":7,"turns":5},{"damage":11,"enemies":"Looter","floor":11,"turns":3},{"damage":2,"enemies":"Large Slime","floor":13,"turns":4},{"damage":15,"enemies":"Lagavulin","floor":14,"turns":4},{"damage":0,"enemies":"Slime Boss","floor":16,"turns":5},{"damage":0,"enemies":"3 Byrds","floor":18,"turns":1},{"damage":8,"enemies":"2 Thieves","floor":20,"turns":2},{"damage":13,"enemies":"Snecko","floor":21,"turns":3},{"damage":0,"enemies":"Masked Bandits","floor":22,"turns":3},{"damage":1,"enemies":"Centurion and Healer","floor":24,"turns":4},{"damage":1,"enemies":"Snake Plant","floor":29,"turns":3},{"damage":46,"enemies":"Pondfish","floor":33,"turns":6},{"damage":4,"enemies":"Orb Walker","floor":35,"turns":4},{"damage":22,"enemies":"3 Shapes","floor":37,"turns":3},{"damage":8,"enemies":"3 Darklings","floor":38,"turns":3},{"damage":36,"enemies":"Writhing Mass","floor":41,"turns":4},{"damage":26,"enemies":"Maw","floor":44,"turns":5},{"damage":12,"enemies":"Transient","floor":48,"turns":5},{"damage":97,"enemies":"Time Eater","floor":50,"turns":6}],"seed_played":"6646972166883968846","potions_obtained":[{"floor":7,"key":"Energy Potion"},{"floor":13,"key":"ColorlessPotion"},{"floor":16,"key":"GamblersBrew"},{"floor":20,"key":"DuplicationPotion"},{"floor":24,"key":"Block Potion"},{"floor":33,"key":"PowerPotion"},{"floor":37,"key":"FairyPotion"},{"floor":38,"key":"hexamod:EctoCoolerPotion"},{"floor":45,"key":"Ancient Potion"},{"floor":48,"key":"FearPotion"}],"is_trial":false,"path_per_floor":["M","M","T","M","$","R","M","R","T","$","M","$","M","E","R","B",null,"M","?","M","M","?","R","M","R","T","R","$","M","?","?","R","B",null,"M","?","M","M","$","R","M","R","T","M","?","$","?","M","R","B"],"character_chosen":"DEFECT","items_purchased":["Loop","ReplayTheSpireMod:Brewmster","Guide Book","Golden Egg","Loop","MealTicket","Membership Card","Fusion","ReplayTheSpireMod:Brewmster","Blue Doll","Tempest","Runic Capacitor","Storm","Tempest","PowerPotion"],"campfire_rested":2,"item_purchase_floors":[0,0,0,0,0,0,5,10,28,28,28,39,46,46,46],"current_hp_per_floor":[32,24,38,33,48,73,38,63,63,78,74,85,85,77,77,84,85,85,85,77,64,64,64,73,73,73,73,85,85,85,85,85,39,74,80,80,68,60,75,75,49,49,49,33,33,48,48,46,46,0,0],"gold":50,"neow_bonus":"","is_daily":false,"chose_seed":false,"campfire_upgraded":8,"win_rate":0.0,"timestamp":1608336093,"path_taken":["M","M","?","M","$","R","M","R","T","$","M","$","M","E","R","BOSS","M","?","M","M","?","R","M","R","T","R","$","M","?","?","R","BOSS","M","?","M","M","$","R","M","R","T","M","?","$","?","M","R","BOSS"],"items_purchased_type":["Card","Card","Relic","Relic","Card","Relic","Relic","Card","Card","Relic","Card","Relic","Card","Card","Potion"],"build_version":"2020-12-13","purchased_purges":0,"victory":false,"max_hp_per_floor":[71,71,85,85,85,85,85,85,85,85,85,85,85,85,85,85,85,85,85,85,85,85,85,85,85,85,85,85,85,85,85,85,85,85,85,85,85,85,85,85,85,85,85,85,85,85,85,85,85,85,85],"card_choices":[{"not_picked":["Go for the Eyes","Barrage"],"picked":"Storm","floor":1},{"not_picked":["Gash","Coolheaded","Cold Snap"],"picked":"SKIP","floor":2},{"not_picked":["Compile Driver","Chill"],"picked":"Self Repair","floor":4},{"not_picked":["Hologram","Stack"],"picked":"Auto Shields","floor":7},{"not_picked":["Steam Power","Gash"],"picked":"Storm","floor":11},{"not_picked":["Hologram","Leap"],"picked":"Conserve Battery","floor":13},{"not_picked":["Compile Driver","Genetic Algorithm","Blizzard"],"picked":"SKIP","floor":14},{"not_picked":["Core Surge","ReplayTheSpireMod:Omega Cannon"],"picked":"Thunder Strike","floor":16},{"not_picked":["Go for the Eyes","Leap","Undo+1"],"picked":"SKIP","floor":18},{"not_picked":["Skim","Barrage"],"picked":"Panic Button","floor":20},{"not_picked":["Stack+1","Heatsinks"],"picked":"Electrodynamics","floor":21},{"not_picked":["Time Bomb","Gash"],"picked":"Tempest","floor":22},{"not_picked":["Gash","Barrage","Genetic Algorithm"],"picked":"SKIP","floor":24},{"not_picked":["Turbo","Hologram","BasicCrystalCard"],"picked":"SKIP","floor":29},{"not_picked":["Seek","All For One"],"picked":"Creative AI","floor":33},{"not_picked":["Redo","Auto Shields"],"picked":"Self Repair","floor":35},{"not_picked":["Coolheaded","Ball Lightning","Leap"],"picked":"SKIP","floor":37},{"not_picked":["Ball Lightning","Barrage"],"picked":"Heatsinks","floor":38},{"not_picked":["Turbo+1","Gash","Undo"],"picked":"SKIP","floor":41},{"not_picked":["Redo+1","Ball Lightning"],"picked":"Crystallizer","floor":44},{"not_picked":["Recycle+1","Auto Shields"],"picked":"Crystallizer","floor":48}],"player_experience":2139685,"relics_obtained":[{"floor":3,"key":"Mango"},{"floor":9,"key":"Ancient Tea Set"},{"floor":14,"key":"Replay:Bottled Flurry"},{"floor":22,"key":"Red Mask"},{"floor":26,"key":"War Paint"},{"floor":43,"key":"Cables"}],"event_choices":[{"damage_healed":0,"gold_gain":0,"player_choice":"Fought Bandits","damage_taken":0,"max_hp_gain":0,"max_hp_loss":0,"event_name":"Masked Bandits","floor":22,"gold_loss":0},{"damage_healed":0,"gold_gain":0,"cards_transformed":["Strike_B","Biased Cognition"],"player_choice":"Became Test Subject","damage_taken":0,"max_hp_gain":0,"max_hp_loss":0,"event_name":"Drug Dealer","floor":31,"gold_loss":0,"cards_obtained":["Beam Cell","Chill"]},{"damage_healed":0,"gold_gain":0,"player_choice":"Forge","damage_taken":0,"max_hp_gain":0,"max_hp_loss":0,"event_name":"Accursed Blacksmith","floor":36,"gold_loss":0,"cards_upgraded":["Self Repair"]},{"damage_healed":0,"gold_gain":0,"player_choice":"Got Potions","damage_taken":0,"max_hp_gain":0,"max_hp_loss":0,"event_name":"Lab","floor":45,"gold_loss":0}],"is_beta":false,"boss_relics":[{"not_picked":["conspire:SlowCooker","Runic Pyramid"],"picked":"Replay:Grab Bag"},{"not_picked":["ReplayTheSpireMod:Onyx Gauntlets","ReplayTheSpireMod:DimensionalGlitch"],"picked":"Coffee Dripper"},{"not_picked":["Sozu","Replay:Bronze Core"],"picked":"conspire:RoyalGoblet"},{"not_picked":["Calling Bell","Inserter"],"picked":"SlaversCollar"},{"not_picked":["Pandora\u0027s Box","Ring of Chaos"],"picked":"Astrolabe"},{"not_picked":["conspire:RunicOctahedron","Replay:Ancient Bell"],"picked":"Black Star"}],"items_purged_floors":[],"is_endless":false,"potions_floor_spawned":[2,7,13,16,20,24,33,37,38,48],"killed_by":"Time Eater","ascension_level":14}}