{"host":"TheHustler","time":1608382496,"event":{"mods":["BaseMod","Block Reminder","Colored Map","Colored Powertips","Minty Spire (QoL Compilation)","Quick Restart","StSLib","SuperFastMode","Unceasing Turn Reminder"],"gold_per_floor":[114,289,64,79,94,94,137,137,137,152,182,45,75,90,90,190,190,205,55,55,55,70,70,100,100,100,130,145,145,175,190,190,290,290,305,320,320,320,335,335,365,380,380,410,410,213,243,258,258,258],"floor_reached":51,"playtime":1341,"items_purged":["Doubt","Pommel Strike","Thunderclap"],"score":928,"play_id":"6279e586-bdb0-4b60-8483-ce2eaf07c289","local_time":"20201219135456","daily_mods":["Draft","Uncertain Future","Elite Swarm"],"is_ascension_mode":false,"campfire_choices":[{"data":"Body Slam","floor":6,"key":"SMITH"},{"data":"Flex","floor":8,"key":"SMITH"},{"data":"Entrench","floor":15,"key":"SMITH"},{"floor":23,"key":"REST"},{"floor":29,"key":"REST"},{"floor":32,"key":"REST"},{"data":"Berserk","floor":40,"key":"SMITH"},{"data":"Battle Trance","floor":49,"key":"SMITH"}],"circlet_count":0,"master_deck":["Body Slam+1","Shrug It Off","Flex+1","Cleave","Thunderclap","Pommel Strike","Twin Strike","Pommel Strike","Warcry","Clash","Battle Trance+1","Shrug It Off+1","Shrug It Off","Barricade+1","Entrench+1","Berserk+1","Metallicize","Juggernaut","Iron Wave+1","Limit Break+1","Double Tap","Disarm+1","Flame Barrier","Impervious","Disarm+1"],"relics":["Black Blood","Juzu Bracelet","Calipers","Incense Burner","Vajra","Bottled Flame","SlaversCollar","Happy Flower","Potion Belt","Nilry\u0027s Codex","Shuriken","War Paint","Oddly Smooth Stone","White Beast Statue","InkBottle","Frozen Egg 2","Bird Faced Urn"],"acts_visited":["Exordium","TheCity","TheBeyond"],"potions_floor_usage":[11,16,24,36,44,45,50],"damage_taken":[{"damage":0,"enemies":"Small Slimes","floor":1,"turns":2},{"damage":0,"enemies":"2 Louse","floor":4,"turns":1},{"damage":0,"enemies":"Jaw Worm","floor":5,"turns":2},{"damage":4,"enemies":"Lagavulin Event","floor":7,"turns":4},{"damage":0,"enemies":"Gremlin Gang","floor":10,"turns":2},{"damage":0,"enemies":"Gremlin Nob","floor":11,"turns":2},{"damage":1,"enemies":"3 Sentries","floor":13,"turns":2},{"damage":12,"enemies":"Blue Slaver","floor":14,"turns":3},{"damage":0,"enemies":"Slime Boss","floor":16,"turns":7},{"damage":11,"enemies":"Spheric Guardian","floor":18,"turns":5},{"damage":34,"enemies":"2 Thieves","floor":22,"turns":4},{"damage":24,"enemies":"Slavers","floor":24,"turns":4},{"damage":1,"enemies":"Gremlin Leader","floor":27,"turns":5},{"damage":13,"enemies":"Snake Plant","floor":28,"turns":4},{"damage":7,"enemies":"Slavers","floor":30,"turns":4},{"damage":12,"enemies":"Centurion and Healer","floor":31,"turns":6},{"damage":30,"enemies":"Champ","floor":33,"turns":7},{"damage":4,"enemies":"3 Shapes","floor":35,"turns":5},{"damage":33,"enemies":"Orb Walker","floor":36,"turns":5},{"damage":41,"enemies":"4 Shapes","floor":39,"turns":5},{"damage":10,"enemies":"Giant Head","floor":41,"turns":5},{"damage":17,"enemies":"Maw","floor":42,"turns":7},{"damage":6,"enemies":"Reptomancer","floor":44,"turns":5},{"damage":0,"enemies":"2 Orb Walkers","floor":45,"turns":2},{"damage":0,"enemies":"Giant Head","floor":47,"turns":6},{"damage":0,"enemies":"Spire Growth","floor":48,"turns":5},{"damage":15,"enemies":"Awakened One","floor":50,"turns":7}],"seed_played":"-2908382401684788831","potions_obtained":[{"floor":4,"key":"Explosive Potion"},{"floor":10,"key":"SmokeBomb"},{"floor":13,"key":"Swift Potion"},{"floor":14,"key":"Explosive Potion"},{"floor":22,"key":"ElixirPotion"},{"floor":24,"key":"FairyPotion"},{"floor":33,"key":"BloodPotion"},{"floor":36,"key":"EssenceOfSteel"},{"floor":42,"key":"Explosive Potion"},{"floor":44,"key":"SteroidPotion"},{"floor":47,"key":"Ancient Potion"}],"is_trial":false,"path_per_floor":["M","?","$","M","M","R","?","R","T","M","E","$","E","M","R","B",null,"M","$","?","?","M","R","E","?","T","E","M","R","E","M","R","B",null,"M","M","?","?","M","R","E","M","T","E","?","$","E","M","R","B",null],"character_chosen":"IRONCLAD","items_purchased":["Juzu Bracelet","Entrench","Happy Flower","Flame Barrier"],"campfire_rested":3,"item_purchase_floors":[3,12,19,46],"current_hp_per_floor":[80,80,80,80,80,80,80,80,80,80,80,80,80,74,74,80,80,75,75,75,60,32,57,39,23,23,28,21,46,45,39,64,40,85,85,81,81,81,52,52,54,49,49,55,67,67,79,85,85,85],"gold":258,"neow_bonus":"","is_daily":true,"chose_seed":false,"campfire_upgraded":5,"win_rate":0.0,"timestamp":1608382496,"path_taken":["M","?","$","M","M","R","?","R","T","M","E","?","E","M","R","BOSS","M","$","?","?","M","R","E","?","T","E","M","R","E","M","R","BOSS","M","M","?","?","M","R","E","M","T","E","?","$","E","M","R","BOSS"],"items_purchased_type":["Relic","Card","Relic","Card"],"build_version":"2020-12-18","purchased_purges":3,"victory":true,"max_hp_per_floor":[80,80,80,80,80,80,80,80,80,80,80,80,80,80,80,80,80,80,80,80,85,85,85,85,85,85,85,85,85,85,85,85,85,85,85,85,85,85,85,85,85,85,85,85,85,85,85,85,85,85],"card_choices":[{"not_picked":["Havoc","Sword Boomerang"],"picked":"Body Slam","floor":0},{"not_picked":["Sword Boomerang","Havoc"],"picked":"Shrug It Off","floor":0},{"not_picked":["Rampage","Combust"],"picked":"Flex","floor":0},{"not_picked":["Power Through","Sword Boomerang"],"picked":"Cleave","floor":0},{"not_picked":["Flex","Wild Strike"],"picked":"Thunderclap","floor":0},{"not_picked":["Clash","Cleave"],"picked":"Iron Wave","floor":0},{"not_picked":["Clothesline","Power Through"],"picked":"Thunderclap","floor":0},{"not_picked":["Cleave","Evolve"],"picked":"Pommel Strike","floor":0},{"not_picked":["Clash","Headbutt"],"picked":"Twin Strike","floor":0},{"not_picked":["Headbutt","Pummel"],"picked":"Pommel Strike","floor":0},{"not_picked":["Shockwave","Sword Boomerang"],"picked":"Warcry","floor":0},{"not_picked":["Whirlwind","Blood for Blood"],"picked":"Clash","floor":0},{"not_picked":["Power Through","Clothesline"],"picked":"Battle Trance","floor":0},{"not_picked":["Ghostly Armor","Armaments"],"picked":"Shrug It Off","floor":0},{"not_picked":["Warcry","Armaments"],"picked":"Pommel Strike","floor":0},{"not_picked":["Iron Wave","Blood for Blood","Anger"],"picked":"SKIP","floor":1},{"not_picked":["Blood for Blood","Sword Boomerang","Cleave"],"picked":"SKIP","floor":4},{"not_picked":["Sentinel","Clothesline"],"picked":"Shrug It Off","floor":5},{"not_picked":["Sentinel","Perfected Strike","Armaments"],"picked":"SKIP","floor":10},{"not_picked":["Sentinel","Perfected Strike","Armaments"],"picked":"SKIP","floor":10},{"not_picked":["Double Tap","Berserk"],"picked":"Barricade","floor":11},{"not_picked":["Immolate","Feed"],"picked":"Berserk","floor":13},{"not_picked":["Uppercut","Sword Boomerang"],"picked":"Metallicize","floor":14},{"not_picked":["Barricade","Demon Form"],"picked":"Juggernaut","floor":16},{"not_picked":["Perfected Strike+1","Sever Soul+1"],"picked":"Iron Wave+1","floor":18},{"not_picked":["Clothesline","Hemokinesis","Rupture"],"picked":"SKIP","floor":22},{"not_picked":["Brutality","Fiend Fire","Barricade"],"picked":"SKIP","floor":24},{"not_picked":["Demon Form","Reaper"],"picked":"Limit Break","floor":27},{"not_picked":["Headbutt","Sever Soul","Warcry"],"picked":"SKIP","floor":28},{"not_picked":["Limit Break","Reaper","Corruption"],"picked":"SKIP","floor":30},{"not_picked":["Searing Blow+1","Flex","Headbutt"],"picked":"SKIP","floor":31},{"not_picked":["Fiend Fire","Exhume"],"picked":"Double Tap","floor":33},{"not_picked":["Cleave+1","Armaments+1"],"picked":"Disarm+1","floor":35},{"not_picked":["Clothesline+1","Evolve+1","Sever Soul+1"],"picked":"SKIP","floor":36},{"not_picked":["Rupture","Clothesline","Blood for Blood"],"picked":"SKIP","floor":39},{"not_picked":["Brutality","Fiend Fire","Bludgeon"],"picked":"SKIP","floor":41},{"not_picked":["Perfected Strike","Cleave","Battle Trance+1"],"picked":"SKIP","floor":42},{"not_picked":["Brutality+1","Barricade+1","Limit Break"],"picked":"SKIP","floor":44},{"not_picked":["Juggernaut+1","Reaper"],"picked":"Impervious","floor":47},{"not_picked":["Intimidate","Twin Strike+1"],"picked":"Disarm+1","floor":48}],"player_experience":602394,"relics_obtained":[{"floor":7,"key":"Calipers"},{"floor":9,"key":"Incense Burner"},{"floor":11,"key":"Vajra"},{"floor":13,"key":"Bottled Flame"},{"floor":24,"key":"Potion Belt"},{"floor":25,"key":"Nilry\u0027s Codex"},{"floor":26,"key":"Shuriken"},{"floor":27,"key":"War Paint"},{"floor":30,"key":"Oddly Smooth Stone"},{"floor":41,"key":"White Beast Statue"},{"floor":43,"key":"InkBottle"},{"floor":44,"key":"Frozen Egg 2"},{"floor":47,"key":"Bird Faced Urn"}],"event_choices":[{"damage_healed":0,"gold_gain":175,"player_choice":"AGREE","damage_taken":0,"max_hp_gain":0,"max_hp_loss":0,"event_name":"Liars Game","floor":2,"gold_loss":0,"cards_obtained":["Doubt"]},{"damage_healed":0,"gold_gain":0,"player_choice":"Searched \u00272\u0027 times","damage_taken":0,"max_hp_gain":0,"max_hp_loss":0,"event_name":"Dead Adventurer","floor":7,"gold_loss":0},{"damage_healed":0,"gold_gain":0,"player_choice":"Upgraded","damage_taken":0,"max_hp_gain":0,"max_hp_loss":0,"event_name":"Upgrade Shrine","floor":20,"gold_loss":0,"cards_upgraded":["Barricade"]},{"damage_healed":0,"gold_gain":0,"player_choice":"Shed Blood","damage_taken":20,"max_hp_gain":5,"max_hp_loss":0,"event_name":"Forgotten Altar","floor":21,"gold_loss":0},{"damage_healed":0,"gold_gain":0,"player_choice":"Obtained Book","damage_taken":16,"max_hp_gain":0,"max_hp_loss":0,"event_name":"Cursed Tome","floor":25,"gold_loss":0},{"cards_removed":["Iron Wave"],"damage_healed":0,"gold_gain":0,"player_choice":"Removed Attack","damage_taken":0,"max_hp_gain":0,"max_hp_loss":0,"event_name":"Falling","floor":37,"gold_loss":0},{"damage_healed":0,"gold_gain":0,"player_choice":"Ignored","damage_taken":0,"max_hp_gain":0,"max_hp_loss":0,"event_name":"Tomb of Lord Red Mask","floor":38,"gold_loss":0},{"damage_healed":0,"gold_gain":0,"player_choice":"Fight","damage_taken":0,"max_hp_gain":0,"max_hp_loss":0,"event_name":"Mysterious Sphere","floor":45,"gold_loss":0}],"is_beta":true,"boss_relics":[{"not_picked":["Snecko Eye","Velvet Choker"],"picked":"SlaversCollar"},{"not_picked":["Calling Bell","Black Star"],"picked":"Black Blood"}],"items_purged_floors":[3,12,46],"is_endless":false,"potions_floor_spawned":[4,10,13,14,22,24,33,36,42,44,45,47,48],"ascension_level":0}}