{"host":"BK","time":1608416807,"event":{"mods":["BaseMod","Highlight Path","Minty Spire (QoL Compilation)","StSLib"],"gold_per_floor":[116,135,135,152,165,165,194,194,194,194,194],"floor_reached":10,"playtime":376,"items_purged":[],"score":136,"play_id":"5006fdb8-1b59-4ddb-8e71-995c9402bd45","local_time":"20201219152647","is_ascension_mode":true,"campfire_choices":[{"data":"Bash","floor":6,"key":"SMITH"}],"circlet_count":0,"master_deck":["AscendersBane","Strike_R","Strike_R","Strike_R","Strike_R","Defend_R","Defend_R","Defend_R","Bash+1","Headbutt","Reckless Charge","Shockwave","Spot Weakness","Inflame"],"relics":["Empty Cage","Self Forming Clay","Golden Idol","Sundial"],"acts_visited":["Exordium"],"potions_floor_usage":[],"damage_taken":[{"damage":1,"enemies":"Cultist","floor":1,"turns":3},{"damage":4,"enemies":"Small Slimes","floor":2,"turns":4},{"damage":7,"enemies":"Jaw Worm","floor":4,"turns":4},{"damage":20,"enemies":"Lots of Slimes","floor":5,"turns":5},{"damage":39,"enemies":"Lagavulin","floor":7,"turns":7},{"damage":6,"enemies":"Gremlin Nob","floor":10,"turns":2}],"seed_played":"8760009329282009637","potions_obtained":[{"floor":7,"key":"FearPotion"}],"is_trial":false,"path_per_floor":["M","M","?","M","M","R","E","?","T","E"],"character_chosen":"IRONCLAD","items_purchased":[],"campfire_rested":0,"item_purchase_floors":[],"current_hp_per_floor":[67,63,68,61,41,41,2,2,2,0,0],"gold":194,"neow_bonus":"BOSS_RELIC","is_daily":false,"chose_seed":false,"campfire_upgraded":1,"win_rate":0.0,"timestamp":1608416807,"path_taken":["M","?","?","M","M","R","E","?","T","E"],"items_purchased_type":[],"build_version":"2020-12-18","purchased_purges":0,"victory":false,"max_hp_per_floor":[75,75,80,80,80,80,80,72,72,72,72],"card_choices":[{"not_picked":["Perfected Strike","Power Through"],"picked":"Headbutt","floor":1},{"not_picked":["Searing Blow","Headbutt"],"picked":"Reckless Charge","floor":2},{"not_picked":["True Grit","Second Wind"],"picked":"Shockwave","floor":4},{"not_picked":["Flex","True Grit"],"picked":"Spot Weakness","floor":5},{"not_picked":["Anger","Flex"],"picked":"Inflame","floor":7}],"player_experience":2379943,"relics_obtained":[{"floor":7,"key":"Self Forming Clay"},{"floor":9,"key":"Sundial"}],"event_choices":[{"damage_healed":0,"gold_gain":0,"player_choice":"Donut","damage_taken":0,"max_hp_gain":5,"max_hp_loss":0,"event_name":"Big Fish","floor":3,"gold_loss":0},{"damage_healed":0,"gold_gain":0,"player_choice":"Lose Max HP","damage_taken":0,"relics_obtained":["Golden Idol"],"max_hp_gain":0,"max_hp_loss":8,"event_name":"Golden Idol","floor":8,"gold_loss":0}],"is_beta":true,"boss_relics":[],"items_purged_floors":[],"is_endless":false,"potions_floor_spawned":[7],"killed_by":"Gremlin Nob","ascension_level":20}}