{"host":"363c1o4m0ew2jbar","time":1608363538,"event":{"mods":["AchievementEnabler","BaseMod","Better Note","Downfall","Minty Spire (QoL Compilation)","StSLib"],"gold_per_floor":[99,133,233,233,233,158,158,158,192,117,117,117,131,186,197,300,350,350,381,396,422,422,422,422,422,422,455,467,256,268,287,300,395,395,395,411,12,46,58,83,155,155,188,188,208,208,308,325,338,338,338],"floor_reached":50,"playtime":2245,"items_purged":["Guardian:Defend_Guardian","Guardian:Defend_Guardian"],"score":702,"play_id":"2a56ebf7-95ca-4820-a570-eaecc6363594","local_time":"20201218213858","is_ascension_mode":true,"campfire_choices":[{"floor":1,"key":"RECALL"},{"data":"Guardian:DecasProtection","floor":6,"key":"SMITH"},{"data":"Guardian:CurlUp","floor":8,"key":"SMITH"},{"data":"Guardian:PolyBeam","floor":10,"key":"SMITH"},{"data":"Guardian:SphericShield","floor":18,"key":"SMITH"},{"floor":26,"key":"REST"},{"data":"Guardian:FloatingOrbs","floor":35,"key":"SMITH"},{"data":"Guardian:ChargeUp","floor":42,"key":"SMITH"},{"data":"Guardian:BronzeOrb","floor":44,"key":"SMITH"}],"circlet_count":0,"master_deck":["Guardian:Defend_Guardian","Guardian:Defend_Guardian","Guardian:CurlUp+1","Guardian:TwinSlam","Guardian:DecasProtection+1","Guardian:PolyBeam+1","Guardian:FloatingOrbs+1","Guardian:PiercingHide","Guardian:Reroute","Guardian:SphericShield+1","Guardian:Orbwalk","Guardian:ArmoredProtocol+1","Slimebound:Tackle+1","Slimebound:Tackle+1","Slimebound:Tackle+1","Guardian:ChargeUp+1","Guardian:Repulse","Guardian:BronzeArmor","Guardian:Harden","Guardian:Recover","Guardian:BronzeOrb+1","Guardian:Gem_Yellow"],"relics":["Guardian:ModeShifter","downfall:HeartsMalice","Shuriken","Centennial Puzzle","downfall:HeartBlessingRed","Meat on the Bone","Pen Nib","downfall:HeartBlessingGreen","Blood Vial","Bronze Scales","Tiny House","Bag of Marbles","FossilizedHelix","Gremlin Horn","Bird Faced Urn","Busted Crown","Letter Opener","Blue Candle","Sundial","InkBottle","Guardian:PocketSentry","downfall:GremlinWheel"],"acts_visited":["Exordium","TheCity","TheBeyond"],"potions_floor_usage":[16,21,21,38,40],"damage_taken":[{"damage":0,"enemies":"Gremlin Nob","floor":2,"turns":1},{"damage":0,"enemies":"3 Sentries","floor":9,"turns":1},{"damage":0,"enemies":"Jaw Worm","floor":11,"turns":1},{"damage":0,"enemies":"2 Louse","floor":13,"turns":2},{"damage":8,"enemies":"Small Slimes","floor":15,"turns":2},{"damage":8,"enemies":"downfall:Watcher","floor":16,"turns":6},{"damage":16,"enemies":"Book of Stabbing","floor":19,"turns":5},{"damage":8,"enemies":"Shell Parasite","floor":20,"turns":4},{"damage":24,"enemies":"Gremlin Leader","floor":21,"turns":6},{"damage":6,"enemies":"Book of Stabbing","floor":27,"turns":5},{"damage":0,"enemies":"Spheric Guardian","floor":28,"turns":5},{"damage":0,"enemies":"downfall:FleeingMerchant","floor":29,"turns":4},{"damage":13,"enemies":"Snake Plant","floor":30,"turns":3},{"damage":0,"enemies":"Centurion and Healer","floor":31,"turns":6},{"damage":4,"enemies":"Cultist and Chosen","floor":32,"turns":5},{"damage":9,"enemies":"downfall:Defect","floor":33,"turns":8},{"damage":0,"enemies":"3 Shapes","floor":36,"turns":4},{"damage":9,"enemies":"downfall:FleeingMerchant","floor":37,"turns":4},{"damage":16,"enemies":"Giant Head","floor":38,"turns":7},{"damage":4,"enemies":"Orb Walker","floor":39,"turns":3},{"damage":27,"enemies":"Reptomancer","floor":40,"turns":4},{"damage":0,"enemies":"Nemesis","floor":43,"turns":5},{"damage":0,"enemies":"Transient","floor":45,"turns":5},{"damage":0,"enemies":"Transient","floor":47,"turns":3},{"damage":0,"enemies":"Jaw Worm Horde","floor":48,"turns":3},{"damage":0,"enemies":"Maw","floor":49,"turns":5},{"damage":82,"enemies":"downfall:Silent","floor":50,"turns":8}],"seed_played":"4127531583063365573","potions_obtained":[{"floor":9,"key":"SmokeBomb"},{"floor":13,"key":"Dexterity Potion"},{"floor":17,"key":"FearPotion"},{"floor":19,"key":"Energy Potion"},{"floor":20,"key":"DuplicationPotion"},{"floor":30,"key":"sneckomod:MuddlingPotion"},{"floor":33,"key":"PowerPotion"},{"floor":38,"key":"SpeedPotion"},{"floor":39,"key":"PowerPotion"},{"floor":45,"key":"SmokeBomb"}],"is_trial":false,"path_per_floor":["R","E","?","?","?","R","T","R","E","R","M","?","M","T","M","B",null,"R","E","M","E","?","?","T","?","R","E","M","$","M","M","M","B",null,"R","M","$","E","M","E","T","R","E","R","M","?","?","M","M","B"],"character_chosen":"GUARDIAN","items_purchased":["Guardian:Repulse","Guardian:Gem_Fragmented","Letter Opener","Guardian:Recover"],"campfire_rested":1,"item_purchase_floors":[29,29,37,37],"current_hp_per_floor":[80,80,80,80,80,80,80,80,80,80,80,77,79,79,72,66,85,85,69,63,53,53,53,53,37,64,60,66,74,67,79,81,81,90,90,90,85,74,76,65,65,65,73,73,85,85,89,90,90,14,14],"gold":338,"neow_bonus":"THREE_ENEMY_KILL","is_daily":false,"chose_seed":false,"campfire_upgraded":7,"win_rate":0.0,"timestamp":1608363538,"path_taken":["R","E","?","?","?","R","T","R","E","R","M","?","M","?","M","BOSS","R","E","M","E","?","?","T","?","R","E","M","$","M","M","M","BOSS","R","M","$","E","M","E","T","R","E","R","M","?","?","M","M","BOSS"],"items_purchased_type":["Card","Card","Relic","Card"],"build_version":"2020-12-13","purchased_purges":2,"victory":false,"max_hp_per_floor":[80,80,80,80,80,80,80,80,80,80,80,80,80,80,80,80,85,85,85,85,85,85,85,85,90,90,90,90,90,90,90,90,90,90,90,90,90,90,90,90,90,90,90,90,90,90,90,90,90,90,90],"card_choices":[{"not_picked":["Guardian:Reroute","Guardian:BronzeOrb"],"picked":"Guardian:DecasProtection","floor":2},{"not_picked":["Guardian:Gem_Cyan","Guardian:PiercingHide"],"picked":"Guardian:PolyBeam","floor":9},{"not_picked":["Guardian:SpikerProtocol","Guardian:Emergency"],"picked":"Guardian:FloatingOrbs","floor":11},{"not_picked":["Guardian:TemporalStrike","Guardian:Reroute"],"picked":"Guardian:PiercingHide","floor":13},{"not_picked":["Guardian:RollAttack","Guardian:Gem_Green"],"picked":"Guardian:Reroute","floor":15},{"not_picked":["Guardian:BaubleBeam","Guardian:FastForward"],"picked":"Guardian:SphericShield","floor":16},{"not_picked":["Guardian:BronzeArmor","Guardian:Incinerate"],"picked":"Guardian:Orbwalk","floor":17},{"not_picked":["Guardian:Gem_Green","Guardian:FloatingOrbs+1","Guardian:TemporalStrike"],"picked":"SKIP","floor":19},{"not_picked":["Guardian:PrismaticBeam+1","Guardian:Gem_Green","Guardian:SentryBeam"],"picked":"SKIP","floor":20},{"not_picked":["Guardian:TemporalStrike","Guardian:TemporalShield"],"picked":"Guardian:ArmoredProtocol+1","floor":21},{"not_picked":["Guardian:Gem_Green","Guardian:CrystalBeam","Guardian:Reroute+1"],"picked":"SKIP","floor":27},{"not_picked":["Guardian:Recover","Guardian:DecasProtection+1"],"picked":"Guardian:ChargeUp","floor":28},{"not_picked":["Guardian:ShieldSpikes+1","Guardian:Recover"],"picked":"Guardian:TimeSifter","floor":29},{"not_picked":["Guardian:RollAttack","Guardian:Gem_Cyan","Guardian:CrystalBeam"],"picked":"SKIP","floor":30},{"not_picked":["Guardian:DecasProtection","Guardian:TemporalStrike","Guardian:Incinerate"],"picked":"SKIP","floor":31},{"not_picked":["Guardian:ShieldSpikes","Guardian:EvasiveProtocol"],"picked":"Guardian:BronzeArmor","floor":32},{"not_picked":[],"picked":"Guardian:Harden","floor":36},{"not_picked":["Guardian:PrismaticBeam"],"picked":"SKIP","floor":37},{"not_picked":["Guardian:ShieldSpikes"],"picked":"SKIP","floor":38},{"not_picked":["Guardian:Suspension"],"picked":"SKIP","floor":39},{"not_picked":[],"picked":"Guardian:Gem_Blue","floor":40},{"not_picked":[],"picked":"Guardian:BronzeOrb","floor":43},{"not_picked":["Guardian:Repulse+1"],"picked":"SKIP","floor":45},{"not_picked":[],"picked":"Guardian:Gem_Yellow","floor":48},{"not_picked":["Guardian:VentSteam+1"],"picked":"SKIP","floor":49}],"player_experience":1108700,"relics_obtained":[{"floor":2,"key":"Shuriken"},{"floor":7,"key":"Meat on the Bone"},{"floor":9,"key":"Pen Nib"},{"floor":14,"key":"Bronze Scales"},{"floor":19,"key":"Bag of Marbles"},{"floor":21,"key":"FossilizedHelix"},{"floor":24,"key":"Gremlin Horn"},{"floor":27,"key":"Bird Faced Urn"},{"floor":38,"key":"Blue Candle"},{"floor":40,"key":"Sundial"},{"floor":41,"key":"InkBottle"},{"floor":43,"key":"Guardian:PocketSentry"},{"floor":47,"key":"downfall:GremlinWheel"}],"event_choices":[{"damage_healed":0,"gold_gain":0,"player_choice":"Box","damage_taken":0,"relics_obtained":["Centennial Puzzle"],"max_hp_gain":0,"max_hp_loss":0,"event_name":"Big Fish","floor":4,"gold_loss":0,"cards_obtained":["Regret"]},{"cards_removed":["Regret"],"damage_healed":0,"gold_gain":0,"player_choice":"Card Removal","damage_taken":0,"max_hp_gain":0,"max_hp_loss":0,"event_name":"The Cleric","floor":5,"gold_loss":0},{"damage_healed":0,"gold_gain":0,"player_choice":"Success","damage_taken":3,"relics_obtained":["Blood Vial"],"max_hp_gain":0,"max_hp_loss":0,"event_name":"Scrap Ooze","floor":12,"gold_loss":0},{"cards_removed":["Guardian:Strike_Guardian"],"damage_healed":0,"gold_gain":0,"player_choice":"Give","damage_taken":0,"max_hp_gain":0,"max_hp_loss":0,"event_name":"betterNote:BetterNote","floor":22,"gold_loss":0,"cards_obtained":["Guardian:Defend_Guardian"]}],"is_beta":false,"boss_relics":[{"not_picked":["Empty Cage","Guardian:StasisSlotReductionRelic"],"picked":"Tiny House"},{"not_picked":["Fusion Hammer","SlaversCollar"],"picked":"Busted Crown"}],"items_purged_floors":[29,37],"is_endless":false,"potions_floor_spawned":[9,13,19,20,30,33,36,38,39,45,47],"killed_by":"downfall:Silent","ascension_level":1}}