{"host":"e1pm3b7xpcm97e5w","time":1608407017,"event":{"mods":["BaseMod","Better Skull","Googly Eyes","Minty Spire (QoL Compilation)","Relic Stats","Shop Mod","Spicy Shops","StSLib"],"gold_per_floor":[217,35,35,35,46,75,75,107,133,133,146,146,159,174,174,299,299,314,314,335,335,260,304,304,304],"floor_reached":24,"playtime":1051,"items_purged":[],"score":302,"play_id":"237ed96c-81c0-4469-9127-ba5d23d40e12","local_time":"20201219144337","is_ascension_mode":true,"campfire_choices":[{"floor":7.0,"key":"REST"},{"floor":15,"key":"REST"}],"circlet_count":0,"master_deck":["Strike_P+1","Strike_P","Defend_P","Defend_P","Defend_P","Eruption","Vigilance+1","TalkToTheHand+1","CarveReality","Devotion","Apotheosis+1","SpiritShield+1","TalkToTheHand+1","CutThroughFate","Crescendo+1","CrushJoints+1"],"relics":["PureWater","Unceasing Top","Oddly Smooth Stone","Bronze Scales","Blood Vial","Golden Idol","Astrolabe","Damaru","Enchiridion","CeramicFish"],"acts_visited":["Exordium","TheCity"],"potions_floor_usage":[23,24],"damage_taken":[{"damage":5.0,"enemies":"Jaw Worm","floor":1.0,"turns":6.0},{"damage":0.0,"enemies":"Small Slimes","floor":5.0,"turns":2.0},{"damage":30.0,"enemies":"3 Sentries","floor":6.0,"turns":9.0},{"damage":22,"enemies":"Lagavulin","floor":8,"turns":9},{"damage":0,"enemies":"Cultist","floor":11,"turns":2},{"damage":0,"enemies":"2 Fungi Beasts","floor":13,"turns":2},{"damage":0,"enemies":"Red Slaver","floor":14,"turns":2},{"damage":4,"enemies":"The Guardian","floor":16,"turns":11},{"damage":2,"enemies":"Chosen","floor":18,"turns":6},{"damage":10,"enemies":"2 Thieves","floor":20,"turns":4},{"damage":42,"enemies":"Slavers","floor":23,"turns":7},{"damage":24,"enemies":"Snake Plant","floor":24,"turns":3}],"seed_played":"-1951198140607546715","potions_obtained":[{"floor":1.0,"key":"Fire Potion"},{"floor":5.0,"key":"SteroidPotion"},{"floor":13,"key":"Weak Potion"},{"floor":16,"key":"FairyPotion"},{"floor":23,"key":"Swift Potion"}],"is_trial":false,"path_per_floor":["M","$","?","$","M","E","R","E","T","?","M","?","M","M","R","B",null,"M","?","M","?","?","E","M"],"character_chosen":"WATCHER","items_purchased":["Unceasing Top","Mind Blast"],"campfire_rested":2,"item_purchase_floors":[2,2],"current_hp_per_floor":[60,60,46,46,46,16,37,15,15,15,17,17,19,21,41,39,60,60,60,52,36,36,20,0,0],"gold":304,"neow_bonus":"HUNDRED_GOLD","is_daily":false,"chose_seed":false,"campfire_upgraded":0,"win_rate":0.0,"timestamp":1608407017,"path_taken":["M","$","?","$","M","E","R","E","T","?","M","?","?","M","R","BOSS","M","?","?","?","?","E","M"],"items_purchased_type":["Relic","Card"],"build_version":"2020-12-13","purchased_purges":0,"victory":false,"max_hp_per_floor":[72,72,72,72,72,72,72,72,72,67,67,67,67,67,67,67,67,67,67,67,67,67,67,67,67],"relic_stats":{"Blood Vial":16,"counters":[12,63],"Golden Idol":48,"Bronze Scales":[108],"Astrolabe":["Apotheosis","SpiritShield","TalkToTheHand"],"CeramicFish":9,"obtain_stats":[{"Blood Vial":9,"Golden Idol":10,"Bronze Scales":8,"Astrolabe":17,"CeramicFish":23,"Oddly Smooth Stone":6,"Damaru":19,"Enchiridion":21,"PureWater":0,"Unceasing Top":2},{"Blood Vial":4,"Golden Idol":4,"Bronze Scales":4,"Astrolabe":8,"CeramicFish":11,"Oddly Smooth Stone":3,"Damaru":9,"Enchiridion":10,"PureWater":0,"Unceasing Top":1},{"Blood Vial":26,"Golden Idol":26,"Bronze Scales":26,"Astrolabe":43,"CeramicFish":60,"Oddly Smooth Stone":17,"Damaru":49,"Enchiridion":53,"PureWater":0,"Unceasing Top":6}],"Unceasing Top":[0]},"card_choices":[{"not_picked":["SignatureMove","Study"],"picked":"TalkToTheHand","floor":1.0},{"not_picked":["Collect","Crescendo","Evaluate"],"picked":"SKIP","floor":5.0},{"not_picked":["FearNoEvil","Adaptation","LikeWater"],"picked":"SKIP","floor":6.0},{"not_picked":["SashWhip","EmptyBody"],"picked":"ClearTheMind","floor":8},{"not_picked":["Nirvana","Crescendo"],"picked":"CarveReality","floor":11},{"not_picked":["BowlingBash","CutThroughFate","PathToVictory"],"picked":"SKIP","floor":13},{"not_picked":["Prostrate","Halt","WindmillStrike"],"picked":"SKIP","floor":14},{"not_picked":["Establishment","DeusExMachina"],"picked":"Devotion","floor":16},{"not_picked":["Halt+1","Consecrate"],"picked":"CutThroughFate","floor":18},{"not_picked":["Indignation","ThirdEye"],"picked":"Crescendo+1","floor":20},{"not_picked":["EmptyBody+1","Swivel"],"picked":"CrushJoints+1","floor":23}],"player_experience":399954,"relics_obtained":[{"floor":6.0,"key":"Oddly Smooth Stone"},{"floor":8,"key":"Bronze Scales"},{"floor":9,"key":"Blood Vial"},{"floor":21,"key":"Enchiridion"},{"floor":23,"key":"CeramicFish"}],"event_choices":[{"damage_healed":0.0,"max_hp_gain":0.0,"max_hp_loss":0.0,"gold_gain":0.0,"event_name":"Shining Light","player_choice":"Entered Light","floor":3.0,"gold_loss":0.0,"damage_taken":14.0,"cards_upgraded":["Vigilance","Strike_P"]},{"damage_healed":0,"gold_gain":0,"player_choice":"Lose Max HP","damage_taken":0,"relics_obtained":["Golden Idol"],"max_hp_gain":0,"max_hp_loss":5,"event_name":"Golden Idol","floor":10,"gold_loss":0},{"damage_healed":0,"gold_gain":0,"player_choice":"Upgraded","damage_taken":0,"max_hp_gain":0,"max_hp_loss":0,"event_name":"Upgrade Shrine","floor":12,"gold_loss":0,"cards_upgraded":["TalkToTheHand"]},{"cards_removed":["ClearTheMind"],"damage_healed":0,"gold_gain":0,"player_choice":"Gave Card","damage_taken":0,"relics_obtained":["Damaru"],"max_hp_gain":0,"max_hp_loss":0,"event_name":"WeMeetAgain","floor":19,"gold_loss":0},{"damage_healed":0,"gold_gain":0,"player_choice":"Obtained Book","damage_taken":16,"max_hp_gain":0,"max_hp_loss":0,"event_name":"Cursed Tome","floor":21,"gold_loss":0},{"cards_removed":["Defend_P"],"damage_healed":0,"gold_gain":0,"player_choice":"Gave Gold","damage_taken":0,"max_hp_gain":0,"max_hp_loss":0,"event_name":"Beggar","floor":22,"gold_loss":75}],"is_beta":false,"boss_relics":[{"not_picked":["Busted Crown","Coffee Dripper"],"picked":"Astrolabe"}],"items_purged_floors":[],"is_endless":false,"potions_floor_spawned":[1,5,13,14,16,23],"killed_by":"Snake Plant","ascension_level":7}}