{"host":"ow9msrs9p2ctkx99","time":1608395826,"event":{"mods":["AchievementEnabler","BaseMod","Colored Map","Colored Powertips","Minty Spire (QoL Compilation)","Permanent Neow","Quick Restart","SuperFastMode"],"gold_per_floor":[112,125,125,149,172,207,207,264,315,315,340,615,628,66,66,192,192,215,215,240,62,62,105,105,138,188,188,231,252,252,270,270,401,401,415,415,415,307,72,103,103,128,128,191,191,191,210,224,224,224,224],"floor_reached":50,"playtime":4815,"items_purged":["Regret"],"score":907,"play_id":"f0f2cb35-fbdc-43bc-b19c-0ba7e7af251b","local_time":"20201219173706","is_ascension_mode":true,"campfire_choices":[{"data":"Chaos","floor":7.0,"key":"SMITH"},{"data":"Tempest","floor":10.0,"key":"SMITH"},{"floor":15.0,"key":"REST"},{"data":"Biased Cognition","floor":24.0,"key":"SMITH"},{"data":"Coolheaded","floor":27.0,"key":"SMITH"},{"floor":32.0,"key":"REST"},{"floor":41.0,"key":"RECALL"},{"floor":45.0,"key":"DIG"},{"floor":49.0,"key":"DIG"}],"circlet_count":0,"master_deck":["AscendersBane","Zap","Dualcast+1","Hologram+1","Biased Cognition+1","Core Surge+1","Sweeping Beam","Chaos+1","Skim","Doom and Gloom","Tempest+1","Core Surge","Steam","Cold Snap","Machine Learning","Glacier","Heatsinks","Redo+1","Ball Lightning","Hologram+1","Reinforced Body","Steam","Hologram","Biased Cognition+1","Coolheaded+1","Aggregate","Leap","Self Repair+1","Multi-Cast","CurseOfTheBell","Hello World+1","PanicButton","Flash of Steel","Capacitor+1","Glacier","Capacitor+1","Multi-Cast","Stack","FTL","Auto Shields","Beam Cell+1"],"relics":["Astrolabe","Golden Idol","Blue Candle","Happy Flower","Emotion Chip","Chemical X","Pandora\u0027s Box","Anchor","MealTicket","Kunai","War Paint","Frozen Egg 2","Calling Bell","PreservedInsect","Symbiotic Virus","Peace Pipe","OrangePellets","Shovel","Turnip","Ice Cream","Centennial Puzzle"],"acts_visited":["Exordium","TheCity","TheBeyond"],"potions_floor_usage":[50],"damage_taken":[{"damage":3.0,"enemies":"Jaw Worm","floor":1.0,"turns":4.0},{"damage":0.0,"enemies":"Small Slimes","floor":2.0,"turns":3.0},{"damage":0.0,"enemies":"2 Louse","floor":4.0,"turns":3.0},{"damage":0.0,"enemies":"Gremlin Gang","floor":5.0,"turns":3.0},{"damage":28.0,"enemies":"3 Sentries","floor":6.0,"turns":6.0},{"damage":18.0,"enemies":"Large Slime","floor":11.0,"turns":3.0},{"damage":13.0,"enemies":"2 Fungi Beasts","floor":13.0,"turns":2.0},{"damage":12.0,"enemies":"Slime Boss","floor":16.0,"turns":5.0},{"damage":8.0,"enemies":"Shell Parasite","floor":18.0,"turns":5.0},{"damage":1.0,"enemies":"Chosen","floor":20.0,"turns":5.0},{"damage":9.0,"enemies":"Book of Stabbing","floor":23.0,"turns":5.0},{"damage":0.0,"enemies":"Gremlin Leader","floor":25.0,"turns":5.0},{"damage":7.0,"enemies":"Slavers","floor":28.0,"turns":3.0},{"damage":13.0,"enemies":"Centurion and Healer","floor":29.0,"turns":6.0},{"damage":1.0,"enemies":"Shelled Parasite and Fungi","floor":31.0,"turns":4.0},{"damage":18.0,"enemies":"Champ","floor":33.0,"turns":7.0},{"damage":0.0,"enemies":"Orb Walker","floor":35.0,"turns":3.0},{"damage":29.0,"enemies":"Nemesis","floor":40.0,"turns":9.0},{"damage":2.0,"enemies":"3 Darklings","floor":42.0,"turns":4.0},{"damage":3.0,"enemies":"Mind Bloom Boss Battle","floor":44.0,"turns":9.0},{"damage":6.0,"enemies":"4 Shapes","floor":47.0,"turns":6.0},{"damage":0.0,"enemies":"Maw","floor":48.0,"turns":7.0},{"damage":75,"enemies":"Time Eater","floor":50,"turns":9}],"seed_played":"1217194303779520635","potions_obtained":[{"floor":1.0,"key":"Energy Potion"},{"floor":2.0,"key":"FocusPotion"},{"floor":11.0,"key":"Dexterity Potion"},{"floor":16.0,"key":"Swift Potion"},{"floor":25.0,"key":"Block Potion"},{"floor":28.0,"key":"Weak Potion"},{"floor":29.0,"key":"EntropicBrew"},{"floor":33.0,"key":"BlessingOfTheForge"},{"floor":44.0,"key":"LiquidMemories"},{"floor":47.0,"key":"Fruit Juice"},{"floor":48.0,"key":"ColorlessPotion"}],"is_trial":false,"path_per_floor":["M","M","?","M","M","E","R","?","T","R","M","?","M","$","R","B",null,"M","?","M","$","?","E","R","E","T","R","E","M","?","M","R","B",null,"M","?","?","$","$","E","R","M","T","?","R","$","M","M","R","B"],"character_chosen":"DEFECT","items_purchased":["Emotion Chip","Chemical X","Cold Snap","Anchor","Hologram","Capacitor+1","Glacier","OrangePellets","Capacitor+1"],"campfire_rested":2,"item_purchase_floors":[14,14,14,21,21,38,38,39,39],"current_hp_per_floor":[65,65,65,65,65,37,37,37,37,37,19,19,6,6,26,14,55,47,47,46,46,46,37,37,37,37,37,30,17,17,16,36,28,59,59,59,49,64,69,50,50,48,48,55,55,69,74,74,74,0,0],"gold":224,"neow_bonus":"BOSS_RELIC","is_daily":false,"chose_seed":false,"campfire_upgraded":4,"win_rate":0.0,"timestamp":1608395826,"path_taken":["M","M","?","M","M","E","R","?","T","R","M","?","?","$","R","BOSS","M","?","M","$","?","E","R","E","T","R","E","M","?","M","R","BOSS","M","?","?","?","$","E","R","?","T","?","R","$","M","M","R","BOSS"],"items_purchased_type":["Relic","Relic","Card","Relic","Card","Card","Card","Relic","Card"],"build_version":"2020-12-13","purchased_purges":1,"victory":false,"max_hp_per_floor":[75,75,69,69,69,69,69,69,69,69,69,69,69,69,69,69,69,69,69,69,69,69,69,69,69,69,69,69,69,69,69,69,69,69,69,69,69,69,69,69,69,69,69,69,69,69,74,74,74,74,74],"card_choices":[{"not_picked":["Auto Shields","Leap"],"picked":"Sweeping Beam","floor":1.0},{"not_picked":["Leap","Auto Shields"],"picked":"Chaos","floor":2.0},{"not_picked":["Hologram","Go for the Eyes"],"picked":"Skim","floor":4.0},{"not_picked":["Barrage","Storm"],"picked":"Doom and Gloom","floor":5.0},{"not_picked":["Leap","Conserve Battery"],"picked":"Tempest","floor":6.0},{"not_picked":["Coolheaded","Sweeping Beam"],"picked":"Core Surge","floor":11.0},{"not_picked":["Barrage","Stack"],"picked":"Steam","floor":13.0},{"not_picked":["All For One","Hyperbeam"],"picked":"Machine Learning","floor":16.0},{"not_picked":["Static Discharge","Gash"],"picked":"Hologram+1","floor":18.0},{"not_picked":["Cold Snap","Redo"],"picked":"Steam","floor":20.0},{"not_picked":["Hologram","FTL+1"],"picked":"Biased Cognition","floor":23.0},{"not_picked":["Barrage","Fusion"],"picked":"Coolheaded","floor":25.0},{"not_picked":["Thunder Strike","Steam"],"picked":"Aggregate","floor":28.0},{"not_picked":["Steam Power","Leap","Beam Cell"],"picked":"SKIP","floor":29.0},{"not_picked":["Steam Power","Beam Cell"],"picked":"Leap","floor":29.0},{"not_picked":["Beam Cell","Turbo"],"picked":"Self Repair+1","floor":31.0},{"not_picked":["All For One","Biased Cognition+1"],"picked":"Multi-Cast","floor":33.0},{"not_picked":["Self Repair+1","Tempest+1"],"picked":"Hello World+1","floor":35.0},{"not_picked":["Blind","Swift Strike"],"picked":"PanicButton","floor":37.0},{"not_picked":["Chrysalis","Magnetism+1"],"picked":"Flash of Steel","floor":37.0},{"not_picked":["Gash+1","Steam"],"picked":"Multi-Cast","floor":40.0},{"not_picked":["Gash+1","Capacitor+1"],"picked":"Stack","floor":42.0},{"not_picked":["Recycle","Streamline"],"picked":"FTL","floor":44.0},{"not_picked":["Steam","Reinforced Body+1"],"picked":"Auto Shields","floor":47.0},{"not_picked":["Streamline","Sweeping Beam+1"],"picked":"Beam Cell+1","floor":48.0}],"player_experience":1078310,"relics_obtained":[{"floor":6.0,"key":"Blue Candle"},{"floor":9.0,"key":"Happy Flower"},{"floor":23.0,"key":"MealTicket"},{"floor":25.0,"key":"Kunai"},{"floor":26.0,"key":"War Paint"},{"floor":28.0,"key":"Frozen Egg 2"},{"floor":34.0,"key":"PreservedInsect"},{"floor":34.0,"key":"Symbiotic Virus"},{"floor":34.0,"key":"Peace Pipe"},{"floor":40.0,"key":"Shovel"},{"floor":44.0,"key":"Turnip"},{"floor":45.0,"key":"Ice Cream"},{"floor":49.0,"key":"Centennial Puzzle"}],"event_choices":[{"damage_healed":0.0,"max_hp_gain":0.0,"max_hp_loss":6.0,"gold_gain":0.0,"event_name":"Golden Idol","player_choice":"Lose Max HP","floor":3.0,"gold_loss":0.0,"damage_taken":0.0,"relics_obtained":["Golden Idol"]},{"damage_healed":0.0,"max_hp_gain":0.0,"max_hp_loss":0.0,"gold_gain":57.0,"event_name":"Golden Wing","player_choice":"Gained Gold","floor":8.0,"gold_loss":0.0,"damage_taken":0.0},{"damage_healed":0.0,"max_hp_gain":0.0,"max_hp_loss":0.0,"gold_gain":275.0,"event_name":"Golden Shrine","player_choice":"Desecrate","floor":12.0,"gold_loss":0.0,"damage_taken":0.0,"cards_obtained":["Regret"]},{"damage_healed":0.0,"max_hp_gain":0.0,"max_hp_loss":0.0,"gold_gain":0.0,"event_name":"The Library","player_choice":"Read","floor":19.0,"gold_loss":0.0,"damage_taken":0.0,"cards_obtained":["Reinforced Body"]},{"cards_removed":["Recycle"],"damage_healed":0.0,"max_hp_gain":0.0,"max_hp_loss":0.0,"gold_gain":0.0,"event_name":"Back to Basics","player_choice":"Elegance","floor":22.0,"gold_loss":0.0,"damage_taken":0.0},{"damage_healed":0.0,"max_hp_gain":0.0,"max_hp_loss":0.0,"gold_gain":0.0,"event_name":"Vampires","player_choice":"Ignored","floor":30.0,"gold_loss":0.0,"damage_taken":0.0},{"damage_healed":0.0,"max_hp_gain":0.0,"max_hp_loss":0.0,"gold_gain":0.0,"event_name":"Mysterious Sphere","player_choice":"Ignored","floor":36.0,"gold_loss":0.0,"damage_taken":0.0},{"damage_healed":0.0,"max_hp_gain":0.0,"max_hp_loss":0.0,"gold_gain":0.0,"event_name":"SensoryStone","player_choice":"Memory 3","floor":37.0,"gold_loss":0.0,"damage_taken":10.0},{"damage_healed":0.0,"max_hp_gain":0.0,"max_hp_loss":0.0,"gold_gain":0.0,"event_name":"MindBloom","player_choice":"Fight","floor":44.0,"gold_loss":0.0,"damage_taken":0.0}],"is_beta":false,"boss_relics":[{"not_picked":["Runic Pyramid","SlaversCollar"],"picked":"Pandora\u0027s Box"},{"not_picked":["SacredBark","Busted Crown"],"picked":"Calling Bell"}],"items_purged_floors":[14],"is_endless":false,"potions_floor_spawned":[1,2,11,13,16,25,28,29,33,44,47,48],"killed_by":"Time Eater","ascension_level":11}}