{"host":"002az6fcexqbqbj8","time":1608414533,"event":{"mods":["BaseMod","Colored Map","Googly Eyes","Highlight Path","Infinite Spire","Minty Spire (QoL Compilation)","Replay The Spire","StSLib"],"gold_per_floor":[116,116,116,136,201,242,242,257,257,288,306,331,365,379,379,499,499,523,3,28,28,42,42,42],"floor_reached":23,"playtime":2017,"items_purged":["Injury"],"score":262,"play_id":"5e124ade-8ee9-4dc1-a4e5-2f26f75bfc06","local_time":"20201219134853","is_ascension_mode":true,"campfire_choices":[{"floor":7.0,"key":"RECALL"},{"data":"TalkToTheHand","floor":15.0,"key":"SMITH"}],"circlet_count":0,"master_deck":["Strike_P","Strike_P","Strike_P","Strike_P","Defend_P","Defend_P","Defend_P","Defend_P","Eruption","Vigilance","Conclude","EmptyFist","Crescendo","Consecrate","Judgement","InnerPeace","CarveReality","TalkToTheHand+1","Replay:AtTheReady","Alpha","PathToVictory+1","ReplayTheSpireMod:Brewmster","SandsOfTime+1","Prostrate"],"relics":["Sizzling Blood","NeowsBlessing","Golden Idol","infinitespire:Cubic Diamond","Replay:Accelerometer","Quantum Egg","infinitespire:PuzzleCube","infinitespire:Golems Mask","Honey Jar","infinitespire:Bottled Soul"],"acts_visited":["Exordium","TheCity"],"potions_floor_usage":[23,23],"damage_taken":[{"damage":0.0,"enemies":"Cultist","floor":1.0,"turns":1.0},{"damage":0.0,"enemies":"Jaw Worm","floor":4.0,"turns":1.0},{"damage":0.0,"enemies":"Gremlin Nob","floor":6.0,"turns":1.0},{"damage":0.0,"enemies":"2 Louse","floor":8.0,"turns":2.0},{"damage":10.0,"enemies":"3 Sentries","floor":10.0,"turns":5.0},{"damage":2.0,"enemies":"Exordium Wildlife","floor":11.0,"turns":3.0},{"damage":21.0,"enemies":"Large Slime","floor":12.0,"turns":6.0},{"damage":8.0,"enemies":"Gremlin Nob","floor":13.0,"turns":3.0},{"damage":10.0,"enemies":"Lots of Slimes","floor":14.0,"turns":3.0},{"damage":18.0,"enemies":"Hexaghost","floor":16.0,"turns":9.0},{"damage":6.0,"enemies":"2 Thieves","floor":18.0,"turns":3.0},{"damage":32.0,"enemies":"Shell Parasite","floor":20.0,"turns":6.0},{"damage":4.0,"enemies":"Cultist and Chosen","floor":22.0,"turns":3.0},{"damage":45,"enemies":"Slavers","floor":23,"turns":2}],"seed_played":"-8806542409513757376","potions_obtained":[{"floor":1.0,"key":"Weak Potion"},{"floor":8.0,"key":"StancePotion"},{"floor":10.0,"key":"SneckoOil"},{"floor":13.0,"key":"EssenceOfSteel"},{"floor":16.0,"key":"Dexterity Potion"},{"floor":18.0,"key":"Fire Potion"},{"floor":22.0,"key":"SteroidPotion"}],"is_trial":false,"path_per_floor":["M","?","?","M","?","E","R","M","T","E","M","M","E","M","R","B",null,"M","$","M","?","M","E"],"character_chosen":"WATCHER","items_purchased":["infinitespire:Bottled Soul","ReplayTheSpireMod:Brewmster"],"campfire_rested":0,"item_purchase_floors":[19,19],"current_hp_per_floor":[72,72,72,72,72,72,72,72,72,66,68,51,47,41,41,27,72,70,70,42,42,42,0,0],"gold":42,"neow_bonus":"THREE_ENEMY_KILL","is_daily":false,"chose_seed":false,"campfire_upgraded":1,"win_rate":0.0,"timestamp":1608414533,"path_taken":["M","?","?","M","?","E","R","M","T","E","M","M","E","M","R","BOSS","M","$","M","?","M","E"],"items_purchased_type":["Relic","Card"],"build_version":"2020-12-13","purchased_purges":1,"victory":false,"max_hp_per_floor":[72,72,72,72,72,72,72,72,72,72,72,72,72,72,72,72,72,72,72,72,72,72,72,72],"card_choices":[{"not_picked":["ClearTheMind","Consecrate"],"picked":"Conclude","floor":1.0},{"not_picked":["Replay:Vibes","Replay:Anticipation"],"picked":"EmptyFist","floor":4.0},{"not_picked":["Protect","ThirdEye"],"picked":"Crescendo","floor":6.0},{"not_picked":["JustLucky","Replay:BluntJabs"],"picked":"Consecrate","floor":8.0},{"not_picked":["Replay:AtTheReady","WindmillStrike"],"picked":"Judgement","floor":10.0},{"not_picked":["Wireheading","Meditate"],"picked":"InnerPeace","floor":11.0},{"not_picked":["ThirdEye","Crescendo"],"picked":"CarveReality","floor":12.0},{"not_picked":["Crescendo","SashWhip"],"picked":"TalkToTheHand","floor":13.0},{"not_picked":["Weave","Replay:AllIn"],"picked":"Replay:AtTheReady","floor":14.0},{"not_picked":["Replay:AllIn","ConjureBlade"],"picked":"Alpha","floor":16.0},{"not_picked":["WaveOfTheHand+1","EmptyBody","BowlingBash"],"picked":"PathToVictory+1","floor":18.0},{"not_picked":["TalkToTheHand","EmptyBody","FollowUp"],"picked":"SandsOfTime+1","floor":20.0},{"not_picked":["Nirvana","SignatureMove","Replay:ManipulateFuture"],"picked":"Prostrate","floor":22.0}],"player_experience":93464,"relics_obtained":[{"floor":6.0,"key":"Replay:Accelerometer"},{"floor":9.0,"key":"Quantum Egg"},{"floor":10.0,"key":"infinitespire:PuzzleCube"},{"floor":13.0,"key":"infinitespire:Golems Mask"}],"event_choices":[{"damage_healed":0.0,"max_hp_gain":0.0,"max_hp_loss":0.0,"gold_gain":0.0,"event_name":"Golden Idol","player_choice":"Take Wound","floor":2.0,"gold_loss":0.0,"damage_taken":0.0,"relics_obtained":["Golden Idol"],"cards_obtained":["Injury"]},{"damage_healed":0.0,"max_hp_gain":0.0,"max_hp_loss":0.0,"gold_gain":65.0,"event_name":"Golden Wing","player_choice":"Gained Gold","floor":5.0,"gold_loss":0.0,"damage_taken":0.0},{"damage_healed":0.0,"max_hp_gain":0.0,"max_hp_loss":0.0,"gold_gain":0.0,"event_name":"Ghosts","player_choice":"Ignored","floor":21.0,"gold_loss":0.0,"damage_taken":0.0}],"is_beta":false,"boss_relics":[{"not_picked":["Empty Cage","Painkiller Herb"],"picked":"Honey Jar"}],"items_purged_floors":[19],"is_endless":false,"potions_floor_spawned":[1,8,10,13,16,18,22],"killed_by":"Slavers","ascension_level":2}}