{"host":"08t08ld674si40tv","time":1608354140,"event":{"mods":["AchievementEnabler","BaseMod","Colored Map","Minty Spire (QoL Compilation)","StSLib","SuperFastMode"],"gold_per_floor":[116,66,66,66,66,66,100,100,177,206,206,232,248,70,70,168,168,168,108,108,48,48,48,48,48,48,48,48,48],"floor_reached":28,"playtime":468,"items_purged":["Strike_B"],"score":563,"play_id":"ef70d14a-d5d4-4fff-a0e2-4900e953e973","local_time":"20201219140220","is_ascension_mode":true,"campfire_choices":[{"data":"Zap","floor":6.0,"key":"SMITH"},{"data":"Dualcast","floor":8.0,"key":"SMITH"},{"data":"Defragment","floor":15.0,"key":"SMITH"},{"data":"Consume","floor":27.0,"key":"SMITH"}],"circlet_count":0,"master_deck":["AscendersBane","Strike_B","Defend_B","Defend_B","Defend_B","Defend_B","Zap+1","Dualcast+1","Consume+1","Coolheaded","Chaos+1","Genetic Algorithm+1","Defragment+1","Heatsinks","Reboot+1","Ball Lightning","Redo+1","Coolheaded+1","Capacitor","Buffer"],"relics":["Cracked Core","Potion Belt","Cables","Runic Capacitor","NeowsBlessing","The Courier","Toxic Egg 2","Blue Candle","Pen Nib","Centennial Puzzle","Ectoplasm","Meat on the Bone","FaceOfCleric","Sundial"],"acts_visited":["Exordium","TheCity"],"potions_floor_usage":[28],"damage_taken":[{"damage":0.0,"enemies":"Small Slimes","floor":1.0,"turns":1.0},{"damage":0.0,"enemies":"Gremlin Nob","floor":7.0,"turns":1.0},{"damage":0.0,"enemies":"3 Sentries","floor":10.0,"turns":1.0},{"damage":14.0,"enemies":"Lagavulin","floor":12.0,"turns":5.0},{"damage":12.0,"enemies":"2 Louse","floor":13.0,"turns":3.0},{"damage":0.0,"enemies":"The Guardian","floor":16.0,"turns":5.0},{"damage":1.0,"enemies":"Chosen","floor":18.0,"turns":7.0},{"damage":12.0,"enemies":"2 Thieves","floor":19.0,"turns":3.0},{"damage":0.0,"enemies":"Chosen and Byrds","floor":20.0,"turns":4.0},{"damage":0.0,"enemies":"Snecko","floor":22.0,"turns":4.0},{"damage":20.0,"enemies":"Book of Stabbing","floor":23.0,"turns":5.0},{"damage":31,"enemies":"Slavers","floor":28,"turns":3}],"seed_played":"2183801101530372289","potions_obtained":[{"floor":13.0,"key":"DistilledChaos"},{"floor":18.0,"key":"SteroidPotion"}],"is_trial":false,"path_per_floor":["M","?","?","$","?","R","E","R","T","E","?","E","M","$","R","B",null,"M","M","M","$","M","E","$","?","T","R","E"],"character_chosen":"DEFECT","items_purchased":["Defragment","Heatsinks","Capacitor"],"campfire_rested":0,"item_purchase_floors":[14,14,21],"current_hp_per_floor":[68,68,73,73,66,66,66,66,66,66,41,27,15,15,15,15,64,63,51,51,51,51,31,31,31,31,31,0,0],"gold":48,"neow_bonus":"THREE_ENEMY_KILL","is_daily":false,"chose_seed":false,"campfire_upgraded":4,"win_rate":0.0,"timestamp":1608354140,"path_taken":["M","?","?","$","?","R","E","R","T","E","?","E","M","?","R","BOSS","M","M","M","$","M","E","?","?","T","R","E"],"items_purchased_type":["Card","Card","Card"],"build_version":"2020-12-13","purchased_purges":1,"victory":false,"max_hp_per_floor":[75,75,80,80,80,80,80,80,80,80,80,80,80,80,80,80,80,80,80,80,80,80,80,80,80,80,80,80,80],"card_choices":[{"not_picked":["Beam Cell","Streamline"],"picked":"Consume","floor":1.0},{"not_picked":["Reinforced Body","Reprogram"],"picked":"Coolheaded","floor":7.0},{"not_picked":["Loop","Turbo+1"],"picked":"Chaos+1","floor":10.0},{"not_picked":["Ball Lightning","Sunder"],"picked":"Genetic Algorithm+1","floor":12.0},{"not_picked":["Hello World","Reprogram+1","Gash"],"picked":"SKIP","floor":13.0},{"not_picked":["Machine Learning","Amplify+1"],"picked":"Reboot+1","floor":16.0},{"not_picked":["Sweeping Beam","Streamline"],"picked":"Ball Lightning","floor":18.0},{"not_picked":["Rebound","Leap+1"],"picked":"Redo+1","floor":19.0},{"not_picked":["Static Discharge","Beam Cell"],"picked":"Coolheaded+1","floor":20.0},{"not_picked":["BootSequence+1","Doom and Gloom","Compile Driver"],"picked":"SKIP","floor":22.0},{"not_picked":["Streamline","Rebound"],"picked":"Buffer","floor":23.0}],"player_experience":183718,"relics_obtained":[{"floor":7.0,"key":"The Courier"},{"floor":9.0,"key":"Toxic Egg 2"},{"floor":10.0,"key":"Blue Candle"},{"floor":12.0,"key":"Centennial Puzzle"},{"floor":23.0,"key":"Meat on the Bone"},{"floor":26.0,"key":"Sundial"}],"event_choices":[{"cards_removed":["Strike_B"],"damage_healed":0.0,"max_hp_gain":0.0,"max_hp_loss":0.0,"gold_gain":0.0,"event_name":"The Cleric","player_choice":"Card Removal","floor":2.0,"gold_loss":50.0,"damage_taken":0.0},{"damage_healed":0.0,"max_hp_gain":5.0,"max_hp_loss":0.0,"gold_gain":0.0,"event_name":"Big Fish","player_choice":"Donut","floor":3.0,"gold_loss":0.0,"damage_taken":0.0},{"cards_removed":["Strike_B"],"damage_healed":0.0,"max_hp_gain":0.0,"max_hp_loss":0.0,"gold_gain":0.0,"event_name":"Golden Wing","player_choice":"Card Removal","floor":5.0,"gold_loss":0.0,"damage_taken":7.0},{"damage_healed":0.0,"max_hp_gain":0.0,"max_hp_loss":0.0,"gold_gain":0.0,"event_name":"Scrap Ooze","player_choice":"Success","floor":11.0,"gold_loss":0.0,"damage_taken":25.0,"relics_obtained":["Pen Nib"]},{"damage_healed":0.0,"max_hp_gain":0.0,"max_hp_loss":0.0,"gold_gain":0.0,"event_name":"FaceTrader","player_choice":"Trade","floor":25.0,"gold_loss":0.0,"damage_taken":0.0,"relics_obtained":["FaceOfCleric"]}],"is_beta":false,"boss_relics":[{"not_picked":["Philosopher\u0027s Stone","Calling Bell"],"picked":"Ectoplasm"}],"items_purged_floors":[14],"is_endless":false,"potions_floor_spawned":[13,18],"killed_by":"Slavers","ascension_level":12}}