{"host":"5jyeqch4fosnsiz2","time":1608369044,"event":{"mods":["BaseMod","Bestiary","Colored Map","Colored Powertips","Filter the Spire","Minty Spire (QoL Compilation)","Relic Stats","StSLib","Waifu the Spire","ojb\u0027s Better Paths Mod","ojb\u0027s Info Mod"],"gold_per_floor":[118,118,393,268,285,285,317,317,317,330,330,341,341,359,359,455,505,524,524,33,51,64,64,17,17,17,45,45,45,45],"floor_reached":29,"playtime":1072,"items_purged":["Regret","Corruption"],"score":266,"play_id":"6d1d723a-691a-4bb8-bfc5-2564707d7980","local_time":"20201219041044","is_ascension_mode":false,"campfire_choices":[{"data":"Heavy Blade","floor":6,"key":"SMITH"},{"data":"Flame Barrier","floor":8,"key":"SMITH"},{"data":"Flex","floor":11,"key":"SMITH"},{"data":"Double Tap","floor":13,"key":"SMITH"},{"data":"Clash","floor":15,"key":"SMITH"},{"data":"Flex","floor":23,"key":"SMITH"},{"data":"Shrug It Off","floor":25,"key":"SMITH"}],"circlet_count":0,"master_deck":["Strike_R+1","Strike_R+1","Strike_R+1","Strike_R+1","Strike_R+1","Defend_R+1","Defend_R+1","Defend_R+1","Defend_R+1","Bash","Flame Barrier+1","Heavy Blade+1","Twin Strike","Flex+1","Double Tap+1","Clash+1","Entrench","Wild Strike","Flex+1","Shrug It Off+1","Sword Boomerang"],"relics":["Philosopher\u0027s Stone","Pen Nib","Ornamental Fan","Tiny House","Meat on the Bone","TheAbacus","White Beast Statue","Omamori"],"acts_visited":["Exordium","TheCity"],"potions_floor_usage":[7,16,22,27,29,29],"damage_taken":[{"damage":4,"enemies":"2 Louse","floor":1,"turns":3},{"damage":7,"enemies":"Jaw Worm","floor":5,"turns":3},{"damage":30,"enemies":"Gremlin Nob","floor":7,"turns":4},{"damage":0,"enemies":"Cultist","floor":10,"turns":3},{"damage":10,"enemies":"Exordium Thugs","floor":12,"turns":4},{"damage":0,"enemies":"3 Louse","floor":14,"turns":3},{"damage":58,"enemies":"The Guardian","floor":16,"turns":11},{"damage":0,"enemies":"Spheric Guardian","floor":18,"turns":3},{"damage":0,"enemies":"Chosen","floor":21,"turns":3},{"damage":38,"enemies":"Centurion and Healer","floor":22,"turns":6},{"damage":28,"enemies":"Slavers","floor":27,"turns":4},{"damage":41,"enemies":"Gremlin Leader","floor":29,"turns":3}],"seed_played":"3449969827122556406","potions_obtained":[{"floor":5,"key":"Regen Potion"},{"floor":12,"key":"BloodPotion"},{"floor":17,"key":"SneckoOil"},{"floor":18,"key":"Regen Potion"},{"floor":22,"key":"SteroidPotion"},{"floor":27,"key":"ElixirPotion"}],"is_trial":false,"path_per_floor":["M","?","?","$","M","R","E","R","T","M","R","M","R","M","R","B",null,"M","?","$","M","M","R","$","R","T","E","?","E"],"character_chosen":"IRONCLAD","items_purchased":["Heavy Blade","Meat on the Bone","TheAbacus","Shrug It Off"],"campfire_rested":0,"item_purchase_floors":[4,20,20,24],"current_hp_per_floor":[76,81,81,81,74,74,53,53,53,53,53,43,43,43,43,2,90,90,72,72,72,49,49,49,49,49,33,33,0,0],"gold":45,"neow_bonus":"BOSS_RELIC","is_daily":false,"chose_seed":false,"campfire_upgraded":7,"win_rate":0.0,"timestamp":1608369044,"path_taken":["M","?","?","$","?","R","E","R","T","M","R","M","R","M","R","BOSS","M","?","$","M","M","R","$","R","T","E","?","E"],"items_purchased_type":["Card","Relic","Relic","Card"],"build_version":"2020-12-13","purchased_purges":2,"victory":false,"max_hp_per_floor":[80,85,85,85,85,85,85,85,85,85,85,85,85,85,85,85,90,90,95,95,95,95,95,95,95,95,95,95,95,95],"relic_stats":{"TheAbacus":[6],"counters":[12,50],"Ornamental Fan":[52],"Pen Nib":[8],"obtain_stats":[{"Tiny House":17,"TheAbacus":20,"Ornamental Fan":9,"Philosopher\u0027s Stone":0,"Pen Nib":7,"Omamori":27,"Burning Blood":0,"White Beast Statue":26,"Meat on the Bone":20},{"Tiny House":7,"TheAbacus":8,"Ornamental Fan":3,"Philosopher\u0027s Stone":0,"Pen Nib":3,"Omamori":11,"Burning Blood":0,"White Beast Statue":10,"Meat on the Bone":8},{"Tiny House":31,"TheAbacus":34,"Ornamental Fan":10,"Philosopher\u0027s Stone":0,"Pen Nib":10,"Omamori":47,"Burning Blood":0,"White Beast Statue":43,"Meat on the Bone":34}],"Meat on the Bone":12},"card_choices":[{"not_picked":["Anger","Cleave"],"picked":"Flame Barrier","floor":1},{"not_picked":["Warcry","Pommel Strike"],"picked":"Twin Strike","floor":5},{"not_picked":["Intimidate","Warcry","Heavy Blade"],"picked":"SKIP","floor":7},{"not_picked":["Ghostly Armor","Twin Strike"],"picked":"Flex","floor":10},{"not_picked":["Shockwave","Ghostly Armor"],"picked":"Double Tap","floor":12},{"not_picked":["Perfected Strike","Twin Strike"],"picked":"Clash","floor":14},{"not_picked":["Fiend Fire","Barricade"],"picked":"Corruption","floor":16},{"not_picked":["Anger","Havoc"],"picked":"Entrench","floor":17},{"not_picked":["Burning Pact","Fire Breathing+1"],"picked":"Wild Strike","floor":18},{"not_picked":["Sentinel","Iron Wave+1","Perfected Strike"],"picked":"SKIP","floor":21},{"not_picked":["Perfected Strike","Dropkick"],"picked":"Flex","floor":22},{"not_picked":["Clash","Berserk"],"picked":"Sword Boomerang","floor":27}],"player_experience":277790,"relics_obtained":[{"floor":7,"key":"Pen Nib"},{"floor":9,"key":"Ornamental Fan"},{"floor":26,"key":"White Beast Statue"},{"floor":27,"key":"Omamori"}],"event_choices":[{"damage_healed":0,"gold_gain":0,"player_choice":"Donut","damage_taken":0,"max_hp_gain":5,"max_hp_loss":0,"event_name":"Big Fish","floor":2,"gold_loss":0},{"damage_healed":0,"gold_gain":275,"player_choice":"Desecrate","damage_taken":0,"max_hp_gain":0,"max_hp_loss":0,"event_name":"Golden Shrine","floor":3,"gold_loss":0,"cards_obtained":["Regret"]},{"damage_healed":0,"gold_gain":0,"player_choice":"Shed Blood","damage_taken":23,"max_hp_gain":5,"max_hp_loss":0,"event_name":"Forgotten Altar","floor":19,"gold_loss":0},{"damage_healed":0,"gold_gain":0,"player_choice":"Simplicity","damage_taken":0,"max_hp_gain":0,"max_hp_loss":0,"event_name":"Back to Basics","floor":28,"gold_loss":0,"cards_upgraded":["Strike_R","Strike_R","Strike_R","Strike_R","Strike_R","Defend_R","Defend_R","Defend_R"]}],"is_beta":false,"boss_relics":[{"not_picked":["Runic Dome","Sozu"],"picked":"Tiny House"}],"items_purged_floors":[4,20],"is_endless":false,"potions_floor_spawned":[5,12,18,22,27],"killed_by":"Gremlin Leader","ascension_level":0}}