{"host":"og6lam4kt3nibbw0","time":1608401292,"event":{"mods":["AchievementEnabler","BaseMod","Colored Map","DeckTracker","Highlight Path","Keyboard Shortcuts","Minty Spire (QoL Compilation)","Permanent Neow","Quick Restart","StSLib","SuperFastMode"],"gold_per_floor":[110,58,68,85,10,10,40,40,40,89,89,89,105,122,122,122,122],"floor_reached":16,"playtime":286,"items_purged":["Strike_B"],"score":200,"play_id":"4fe601a1-00a0-4406-a9cd-a2487db185ff","local_time":"20201220030812","is_ascension_mode":true,"campfire_choices":[{"data":"Zap","floor":6.0,"key":"SMITH"},{"floor":11.0,"key":"REST"},{"data":"Madness","floor":15.0,"key":"SMITH"}],"circlet_count":0,"master_deck":["AscendersBane","Strike_B","Strike_B","Strike_B","Defend_B","Defend_B","Defend_B","Zap+1","Dualcast","Madness+1","Meteor Strike","Streamline","Turbo","Compile Driver","BootSequence","Sweeping Beam","Conserve Battery","Self Repair"],"relics":["Cracked Core","InkBottle","Pantograph","Bronze Scales"],"acts_visited":["Exordium"],"potions_floor_usage":[],"damage_taken":[{"damage":4.0,"enemies":"Jaw Worm","floor":1.0,"turns":4.0},{"damage":1.0,"enemies":"2 Louse","floor":3.0,"turns":3.0},{"damage":8.0,"enemies":"Small Slimes","floor":4.0,"turns":3.0},{"damage":39.0,"enemies":"Gremlin Nob","floor":7.0,"turns":4.0},{"damage":1.0,"enemies":"Looter","floor":13.0,"turns":2.0},{"damage":8.0,"enemies":"Blue Slaver","floor":14.0,"turns":3.0},{"damage":0,"enemies":"The Guardian","floor":16,"turns":1}],"seed_played":"213013194364353031","potions_obtained":[{"floor":4.0,"key":"DuplicationPotion"},{"floor":14.0,"key":"Swift Potion"}],"is_trial":false,"path_per_floor":["M","$","M","M","$","R","E","?","T","T","R","?","M","M","R","B"],"character_chosen":"DEFECT","items_purchased":["Turbo"],"campfire_rested":1,"item_purchase_floors":[2],"current_hp_per_floor":[60,60,59,51,51,51,12,12,12,12,33,33,32,24,24,49,49],"gold":122,"neow_bonus":"RANDOM_COLORLESS","is_daily":false,"chose_seed":false,"campfire_upgraded":2,"win_rate":0.0,"timestamp":1608401292,"path_taken":["M","$","M","M","$","R","E","?","T","?","R","?","M","M","R","BOSS"],"items_purchased_type":["Card"],"build_version":"2020-12-13","purchased_purges":1,"victory":false,"max_hp_per_floor":[71,71,71,71,71,71,71,71,71,71,71,71,71,71,71,71,71],"card_choices":[{"not_picked":["Dramatic Entrance","Bandage Up"],"picked":"Madness","floor":0.0},{"not_picked":["Rip and Tear","Storm"],"picked":"Streamline","floor":1.0},{"not_picked":["Ball Lightning","Capacitor"],"picked":"Compile Driver","floor":3.0},{"not_picked":["Turbo","Beam Cell"],"picked":"BootSequence","floor":4.0},{"not_picked":["Darkness","Conserve Battery"],"picked":"Sweeping Beam","floor":7.0},{"not_picked":["Barrage","Fusion"],"picked":"Conserve Battery","floor":13.0},{"not_picked":["Tempest","Core Surge"],"picked":"Self Repair","floor":14.0}],"player_experience":800960,"relics_obtained":[{"floor":7.0,"key":"InkBottle"},{"floor":9.0,"key":"Pantograph"},{"floor":10.0,"key":"Bronze Scales"}],"event_choices":[{"cards_removed":["Defend_B"],"damage_healed":0.0,"max_hp_gain":0.0,"max_hp_loss":0.0,"gold_gain":0.0,"event_name":"Living Wall","player_choice":"Forget","floor":8.0,"gold_loss":0.0,"damage_taken":0.0},{"damage_healed":0.0,"max_hp_gain":0.0,"max_hp_loss":0.0,"gold_gain":0.0,"event_name":"Liars Game","player_choice":"Ignored","floor":12.0,"gold_loss":0.0,"damage_taken":0.0}],"is_beta":false,"boss_relics":[],"items_purged_floors":[5],"is_endless":false,"potions_floor_spawned":[4,14],"killed_by":"The Guardian","ascension_level":20}}