{"host":"640uue19m79c7wbt","time":1608344662,"event":{"mods":["BaseMod","Colored Map","Googly Eyes","Highlight Path","Minty Spire (QoL Compilation)","Quick Restart","StSLib"],"gold_per_floor":[118,132,132,15,15,15,33,33,33,53,53,18,43,66,66,162,162,175,175,190,190,190],"floor_reached":21,"playtime":569,"items_purged":["Strike_G"],"score":342,"play_id":"78b52b65-bccb-44e2-a2aa-0012f470b3ce","local_time":"20201218212422","is_ascension_mode":true,"campfire_choices":[{"floor":6,"key":"REST"},{"data":"Predator","floor":8,"key":"SMITH"},{"floor":11,"key":"RECALL"},{"data":"Night Terror","floor":15,"key":"SMITH"}],"circlet_count":0,"master_deck":["AscendersBane","Strike_G","Strike_G","Strike_G","Strike_G","Defend_G+1","Defend_G","Defend_G","Defend_G","Defend_G","Survivor","Neutralize","Predator+1","Infinite Blades","Infinite Blades","Blur","Blade Dance+1","Night Terror+1","Blade Dance","A Thousand Cuts","Choke","Writhe","Catalyst"],"relics":["Ring of the Snake","NeowsBlessing","Golden Idol","Ninja Scroll","Pantograph","SacredBark","War Paint"],"acts_visited":["Exordium","TheCity"],"potions_floor_usage":[10,16,16,20,21],"damage_taken":[{"damage":0,"enemies":"Cultist","floor":1,"turns":1},{"damage":0,"enemies":"2 Louse","floor":2,"turns":1},{"damage":0,"enemies":"Jaw Worm","floor":7,"turns":1},{"damage":0,"enemies":"2 Fungi Beasts","floor":10,"turns":3},{"damage":0,"enemies":"Large Slime","floor":13,"turns":3},{"damage":8,"enemies":"Blue Slaver","floor":14,"turns":2},{"damage":49,"enemies":"Hexaghost","floor":16,"turns":9},{"damage":12,"enemies":"3 Byrds","floor":18,"turns":4},{"damage":22,"enemies":"Spheric Guardian","floor":20,"turns":4},{"damage":16,"enemies":"Shelled Parasite and Fungi","floor":21,"turns":2}],"seed_played":"2158240446250851152","potions_obtained":[{"floor":7,"key":"Energy Potion"},{"floor":13,"key":"SteroidPotion"},{"floor":14,"key":"Weak Potion"},{"floor":18,"key":"Energy Potion"},{"floor":20,"key":"Dexterity Potion"}],"is_trial":false,"path_per_floor":["M","M","?","$","?","R","M","R","T","M","R","?","M","M","R","B",null,"M","?","M","M"],"character_chosen":"THE_SILENT","items_purchased":["Infinite Blades"],"campfire_rested":1,"item_purchase_floors":[4],"current_hp_per_floor":[59,59,36,36,18,37,37,37,37,37,37,53,53,45,45,17,54,42,42,20,4,4],"gold":190,"neow_bonus":"THREE_ENEMY_KILL","is_daily":false,"chose_seed":false,"campfire_upgraded":2,"win_rate":0.0,"timestamp":1608344662,"path_taken":["M","?","?","?","?","R","M","R","T","M","R","?","M","M","R","BOSS","M","?","M","M"],"items_purchased_type":["Card"],"build_version":"2020-12-13","purchased_purges":1,"victory":false,"max_hp_per_floor":[66,66,66,66,66,66,66,66,66,66,66,66,66,66,66,66,66,66,66,66,66,66],"card_choices":[{"not_picked":["Dodge and Roll","Sucker Punch"],"picked":"Predator","floor":1},{"not_picked":["Dagger Throw","Outmaneuver"],"picked":"Infinite Blades","floor":2},{"not_picked":["Escape Plan","Concentrate"],"picked":"Blur","floor":7},{"not_picked":["Backflip","Bane"],"picked":"Blade Dance","floor":10},{"not_picked":["Backflip","Caltrops"],"picked":"Night Terror","floor":13},{"not_picked":["Deadly Poison","Bane"],"picked":"Blade Dance","floor":14},{"not_picked":["Tools of the Trade","Malaise"],"picked":"A Thousand Cuts","floor":16},{"not_picked":["Caltrops+1","Noxious Fumes"],"picked":"Choke","floor":18},{"not_picked":["Deflect","Deadly Poison"],"picked":"Catalyst","floor":20}],"player_experience":1217526,"relics_obtained":[{"floor":9,"key":"Pantograph"}],"event_choices":[{"damage_healed":0,"gold_gain":0,"player_choice":"Take Damage","damage_taken":23,"relics_obtained":["Golden Idol"],"max_hp_gain":0,"max_hp_loss":0,"event_name":"Golden Idol","floor":3,"gold_loss":0},{"damage_healed":0,"gold_gain":0,"player_choice":"Success","damage_taken":18,"relics_obtained":["Ninja Scroll"],"max_hp_gain":0,"max_hp_loss":0,"event_name":"Scrap Ooze","floor":5,"gold_loss":0},{"damage_healed":16,"gold_gain":0,"player_choice":"Healed","damage_taken":0,"max_hp_gain":0,"max_hp_loss":0,"event_name":"The Cleric","floor":12,"gold_loss":35},{"damage_healed":0,"gold_gain":0,"player_choice":"Opened","damage_taken":0,"relics_obtained":["War Paint"],"max_hp_gain":0,"max_hp_loss":0,"event_name":"The Mausoleum","floor":19,"gold_loss":0,"cards_obtained":["Writhe"]}],"is_beta":false,"boss_relics":[{"not_picked":["Snecko Eye","Cursed Key"],"picked":"SacredBark"}],"items_purged_floors":[4],"is_endless":false,"potions_floor_spawned":[7,13,14,18,20],"killed_by":"Shelled Parasite and Fungi","ascension_level":20}}