{"host":"zekcc3vicrep0och","time":1608373462,"event":{"mods":["AchievementEnabler","BaseMod","Colored Map","Colored Powertips","Displayed Cursed Tome","Minty Spire (QoL Compilation)","Relic Stats","StSLib"],"gold_per_floor":[118,134,134,147,158,185,185,185,185],"floor_reached":8,"playtime":269,"items_purged":[],"score":92,"play_id":"855452eb-4a3a-4328-9e4b-136d734e1fce","local_time":"20201219132422","is_ascension_mode":true,"campfire_choices":[{"floor":7,"key":"REST"}],"circlet_count":0,"master_deck":["AscendersBane","Strike_B","Strike_B","Strike_B","Strike_B","Defend_B","Defend_B","Defend_B","Defend_B","Zap","Dualcast","White Noise","BootSequence"],"relics":["Cracked Core","Spirit Poop","Centennial Puzzle"],"acts_visited":[],"potions_floor_usage":[5],"damage_taken":[{"damage":12,"enemies":"Jaw Worm","floor":1,"turns":3},{"damage":5,"enemies":"Cultist","floor":2,"turns":4},{"damage":11,"enemies":"2 Louse","floor":4,"turns":3},{"damage":9,"enemies":"2 Fungi Beasts","floor":5,"turns":4},{"damage":44,"enemies":"Gremlin Nob","floor":6,"turns":5},{"damage":15,"enemies":"3 Sentries","floor":8,"turns":4}],"seed_played":"-8526882866481931020","potions_obtained":[{"floor":2,"key":"Weak Potion"},{"floor":5,"key":"SmokeBomb"}],"is_trial":false,"path_per_floor":["M","M","?","M","M","E","R","E"],"character_chosen":"DEFECT","items_purchased":[],"campfire_rested":1,"item_purchase_floors":[],"current_hp_per_floor":[70,65,65,54,45,1,27,12,12],"gold":185,"neow_bonus":"TWENTY_PERCENT_HP_BONUS","is_daily":false,"chose_seed":false,"campfire_upgraded":0,"win_rate":0.0,"timestamp":1608373462,"path_taken":["M","M","?","M","M","E","R","E"],"items_purchased_type":[],"build_version":"2020-12-13","purchased_purges":0,"victory":false,"max_hp_per_floor":[89,89,89,89,89,89,89,89,89],"relic_stats":{"Centennial Puzzle":[3],"counters":[6,23],"obtain_stats":[{"Centennial Puzzle":6,"Spirit Poop":3,"Cracked Core":0},{"Centennial Puzzle":5,"Spirit Poop":2,"Cracked Core":0},{"Centennial Puzzle":19,"Spirit Poop":7,"Cracked Core":0}]},"card_choices":[{"not_picked":["Rip and Tear","Sunder"],"picked":"White Noise","floor":1},{"not_picked":["Steam Power","Turbo","Redo"],"picked":"SKIP","floor":2},{"not_picked":["Hologram","Rebound","Beam Cell"],"picked":"SKIP","floor":4},{"not_picked":["Leap","Hologram"],"picked":"BootSequence","floor":5},{"not_picked":["Streamline","Redo","Compile Driver"],"picked":"SKIP","floor":6}],"player_experience":442414,"relics_obtained":[{"floor":6,"key":"Centennial Puzzle"}],"event_choices":[{"cards_removed":["Injury"],"damage_healed":0,"gold_gain":0,"player_choice":"Offered Curse","damage_taken":0,"relics_obtained":["Spirit Poop"],"max_hp_gain":0,"max_hp_loss":0,"event_name":"Bonfire Elementals","floor":3,"gold_loss":0}],"is_beta":false,"boss_relics":[],"items_purged_floors":[],"is_endless":false,"potions_floor_spawned":[2,5],"killed_by":"3 Sentries","ascension_level":12}}