{"host":"2b0fqapnd02ydmuo","time":1608336759,"event":{"mods":["AchievementEnabler","Aspiration","BaseMod","Better Altar","Better Match","Better Note","Better Sensory Stone","Better Skull","Better Third Choice","BetterRewards","CCEM","Clawfect","Colored Map","Conspire","GifTheSpireLib","Googly Eyes","Halation","Highlight Path","Hubris","Infinite Spire","Jedi Mod","Jorbs\u0027s Wanderer Trilogy","Marisa????????","Mimic Mod","Minty Spire (QoL Compilation)","Permanent Neow","Replay The Spire","Shade Mod","Shop Mod","Spicy Shops","StSLib","Stuff the Spire","The Blackbeard","The Bug Knight","The Elementalist","The Jungle","Unceasing Turn Reminder","everything is the same but u backflip on backflip","slay the spire mod where everything is the same but ironclad has a cowboy hat"],"gold_per_floor":[117,117,130,2,2,2,28,28,28,45,45,58,75,90,90,105,105,105],"floor_reached":16,"playtime":567,"items_purged":["blackbeard:BlackbeardStrike"],"score":102,"play_id":"55d1fb60-3971-4672-b8f3-8389d78ead51","local_time":"20201219011239","is_ascension_mode":false,"campfire_choices":[{"data":"blackbeard:GoldenStrike","floor":6,"key":"SMITH"},{"floor":11,"key":"REST"},{"floor":15,"key":"REST"}],"circlet_count":0,"master_deck":["blackbeard:BlackbeardStrike","blackbeard:BlackbeardStrike","blackbeard:BlackbeardStrike","blackbeard:IntimidatingStrike","blackbeard:BlackbeardDefend","blackbeard:BlackbeardDefend","blackbeard:BlackbeardDefend","blackbeard:BlackbeardDefend","blackbeard:Cutlass","blackbeard:GoldenStrike+1","blackbeard:GoldenDefense","blackbeard:GoldenDefense","blackbeard:GoldenDefense","blackbeard:BuriedTreasure"],"relics":["blackbeard:SoberMinded","hubris:Icosahedron","HollowMod:LifeEnderRelic","CCEMRelics:TechnogenicHelmet","jedi:crownofsimplicity"],"acts_visited":["Exordium"],"potions_floor_usage":[16,16],"damage_taken":[{"damage":0,"enemies":"Jaw Worm","floor":1,"turns":3},{"damage":1,"enemies":"Small Slimes","floor":3,"turns":3},{"damage":47,"enemies":"Lagavulin","floor":7,"turns":8},{"damage":3,"enemies":"2 Louse","floor":10,"turns":3},{"damage":7,"enemies":"2 Fungi Beasts","floor":12,"turns":3},{"damage":6,"enemies":"Exordium Wildlife","floor":13,"turns":3},{"damage":0,"enemies":"Looter","floor":14,"turns":3},{"damage":56,"enemies":"Slime Boss","floor":16,"turns":8}],"seed_played":"3600091480288711346","potions_obtained":[{"floor":7,"key":"SteroidPotion"},{"floor":10,"key":"EssenceOfSteel"},{"floor":13,"key":"Reflective Coating"}],"is_trial":false,"path_per_floor":["M","?","M","$","?","R","E","?","T","M","R","M","M","M","R","B"],"character_chosen":"BLACKBEARD_CLASS","items_purchased":["blackbeard:GoldenDefense"],"campfire_rested":2,"item_purchase_floors":[4],"current_hp_per_floor":[75,75,74,74,74,74,27,27,27,24,46,39,33,33,55,0,0,0],"gold":105,"neow_bonus":"BOSS_RELIC","is_daily":false,"chose_seed":false,"campfire_upgraded":1,"win_rate":0.0,"timestamp":1608336759,"path_taken":["M","?","M","$","?","R","E","?","T","M","R","?","M","M","R","BOSS"],"items_purchased_type":["Card"],"build_version":"2020-12-13","purchased_purges":1,"victory":false,"max_hp_per_floor":[75,75,75,75,75,75,75,75,75,75,75,75,75,75,75,75,75,75],"card_choices":[{"not_picked":["blackbeard:Boarding","blackbeard:Spear"],"picked":"blackbeard:GoldenStrike","floor":1},{"not_picked":["blackbeard:Spear","blackbeard:CannonballSupply"],"picked":"blackbeard:GoldenDefense","floor":3},{"not_picked":["blackbeard:DeadlyArsenal","blackbeard:AgileStrike","blackbeard:CloakAndCannonball"],"picked":"SKIP","floor":7},{"not_picked":["blackbeard:Shrapnel","blackbeard:Halberd","blackbeard:Dagger"],"picked":"SKIP","floor":10},{"not_picked":["blackbeard:Shrapnel","blackbeard:FieryDefense","blackbeard:BlindAttacks"],"picked":"SKIP","floor":12},{"not_picked":["blackbeard:GoldenRain","blackbeard:Fencing"],"picked":"blackbeard:GoldenDefense","floor":13},{"not_picked":["blackbeard:RearmingStrike","blackbeard:CannonballSupply"],"picked":"blackbeard:BuriedTreasure","floor":14}],"player_experience":72223,"relics_obtained":[{"floor":7,"key":"HollowMod:LifeEnderRelic"},{"floor":9,"key":"jedi:crownofsimplicity"}],"event_choices":[{"damage_healed":0,"gold_gain":0,"player_choice":"Leave","damage_taken":0,"max_hp_gain":0,"max_hp_loss":0,"event_name":"conspire:Investor","floor":5,"gold_loss":0},{"damage_healed":0,"gold_gain":0,"player_choice":"Searched \u00271\u0027 times","damage_taken":0,"relics_obtained":["CCEMRelics:TechnogenicHelmet"],"max_hp_gain":0,"max_hp_loss":0,"event_name":"Dead Adventurer","floor":8,"gold_loss":0}],"is_beta":false,"boss_relics":[],"items_purged_floors":[4],"is_endless":false,"potions_floor_spawned":[7,10,13],"killed_by":"Slime Boss","ascension_level":0}}