{"host":"sv2o2io561l6x04h","time":1608337169,"event":{"mods":["BaseMod","Bestiary","Better Altar","Better Match","Better Note","Better Sensory Stone","Colored Map","Conspire","Custom Start","DeckTracker","Highlight Path","Hubris","Minty Spire (QoL Compilation)","Replay The Spire","Shop Mod","StSLib","The Runesmith"],"gold_per_floor":[119,137,212,58,58,58,90,90,90,110,110,110,31,31,31,35,35],"floor_reached":16,"playtime":942,"items_purged":["Runesmith:Strike_RS"],"score":121,"play_id":"9ad78e88-7903-42d9-affa-a6ad6c4a547d","local_time":"20201218191929","is_ascension_mode":false,"campfire_choices":[{"data":"Runesmith:Firestorm","floor":6,"key":"SMITH"},{"data":"Runesmith:Grindstone","floor":8,"key":"SMITH"},{"data":"Runesmith:Firestorm","floor":15,"key":"SMITH"}],"circlet_count":0,"master_deck":["Runesmith:Strike_RS","Runesmith:Strike_RS","Runesmith:Strike_RS","Runesmith:Defend_RS","Runesmith:Defend_RS","Runesmith:Defend_RS","Runesmith:Defend_RS","Runesmith:CraftFirestone","Runesmith:Fortify","Runesmith:BackupBattery","Runesmith:Firestorm+1","Runesmith:Grindstone+1","Runesmith:BackupBattery","Runesmith:Firestorm+1"],"relics":["Runesmith:BrokenRuby","NeowsBlessing","Replay:Bottled Steam","Matryoshka","Replay:Bandana","Replay:Mystery Machine","hubris:Towel"],"acts_visited":["Exordium"],"potions_floor_usage":[16],"damage_taken":[{"damage":0,"enemies":"2 Louse","floor":1,"turns":1},{"damage":0,"enemies":"Jaw Worm","floor":2,"turns":1},{"damage":0,"enemies":"Replay:BlueRogue","floor":7,"turns":1},{"damage":1,"enemies":"Cultist","floor":10,"turns":5},{"damage":66,"enemies":"Fading Forest","floor":16,"turns":9}],"seed_played":"3270816565528018462","potions_obtained":[{"floor":7,"key":"Strength Potion"}],"is_trial":false,"path_per_floor":["M","M","?","$","$","R","E","R","T","M","?","?","$","?","R","B"],"character_chosen":"RUNESMITH_CLASS","items_purchased":["Runesmith:Firestorm","Runesmith:Firestorm"],"campfire_rested":0,"item_purchase_floors":[4,13],"current_hp_per_floor":[70,70,59,59,59,59,59,59,59,58,55,55,55,55,55,0,0],"gold":35,"neow_bonus":"THREE_ENEMY_KILL","is_daily":false,"chose_seed":false,"campfire_upgraded":3,"win_rate":0.0,"timestamp":1608337169,"path_taken":["M","M","?","?","$","R","E","R","T","M","?","?","$","?","R","BOSS"],"items_purchased_type":["Card","Card"],"build_version":"2020-12-13","purchased_purges":1,"victory":false,"max_hp_per_floor":[70,70,70,70,70,70,70,70,70,70,70,70,70,70,70,70,70],"card_choices":[{"not_picked":["Runesmith:HammerThrow","Runesmith:Retool"],"picked":"Runesmith:BackupBattery","floor":1},{"not_picked":["Runesmith:ShiftingStrike","Runesmith:MakeshiftArmor","Runesmith:Electrocute"],"picked":"SKIP","floor":2},{"not_picked":["Runesmith:Discharge","Runesmith:Overpower"],"picked":"Runesmith:Grindstone","floor":7},{"not_picked":["Runesmith:Firewall","Runesmith:EnergizedChisel"],"picked":"Runesmith:BackupBattery","floor":10}],"player_experience":199540,"relics_obtained":[{"floor":7,"key":"Replay:Bottled Steam"},{"floor":9,"key":"Matryoshka"}],"event_choices":[{"damage_healed":0,"gold_gain":75,"player_choice":"Gather Gold","damage_taken":11,"max_hp_gain":0,"max_hp_loss":0,"event_name":"World of Goop","floor":3,"gold_loss":0},{"damage_healed":0,"gold_gain":0,"player_choice":"Success","damage_taken":3,"relics_obtained":["Replay:Bandana"],"max_hp_gain":0,"max_hp_loss":0,"event_name":"Scrap Ooze","floor":11,"gold_loss":0},{"damage_healed":0,"gold_gain":0,"player_choice":"Searched \u00271\u0027 times","damage_taken":0,"relics_obtained":["Replay:Mystery Machine"],"max_hp_gain":0,"max_hp_loss":0,"event_name":"Dead Adventurer","floor":12,"gold_loss":0}],"is_beta":false,"boss_relics":[],"items_purged_floors":[4],"is_endless":false,"potions_floor_spawned":[7],"killed_by":"Fading Forest","ascension_level":0}}