{"host":"sav7uxregyirlf69","time":1608362540,"event":{"mods":["AchievementEnabler","BaseMod","Colored Map","DeckTracker","Keyboard Shortcuts","Minty Spire (QoL Compilation)","READ ME - Guardian Mod","StSLib","SuperFastMode"],"gold_per_floor":[117,127,143,160,179,179,191,219,219,219,369,294,322,332,332,332,332],"floor_reached":16,"playtime":233,"items_purged":[],"score":200,"play_id":"f5183791-881b-4ad2-9066-69ba955b30e6","local_time":"20201219162220","is_ascension_mode":true,"campfire_choices":[{"data":"Terror","floor":6,"key":"SMITH"},{"floor":10,"key":"REST"},{"data":"Crippling Poison","floor":15,"key":"SMITH"}],"circlet_count":0,"master_deck":["AscendersBane","Strike_G","Strike_G","Strike_G","Strike_G","Strike_G","Defend_G","Defend_G","Defend_G","Defend_G","Defend_G","Survivor","Neutralize","Dash","Terror+1","Dagger Spray","Backflip","Escape Plan","Crippling Poison+1","Acrobatics","Catalyst"],"relics":["Ring of the Snake","NeowsBlessing","Regal Pillow","Gremlin Horn","Lantern"],"acts_visited":["Exordium"],"potions_floor_usage":[8],"damage_taken":[{"damage":0,"enemies":"Small Slimes","floor":1,"turns":1},{"damage":0,"enemies":"2 Louse","floor":2,"turns":1},{"damage":0,"enemies":"Cultist","floor":3,"turns":1},{"damage":4,"enemies":"2 Fungi Beasts","floor":4,"turns":5},{"damage":6,"enemies":"Exordium Wildlife","floor":5,"turns":4},{"damage":6,"enemies":"3 Louse","floor":7,"turns":3},{"damage":30,"enemies":"Gremlin Nob","floor":8,"turns":5},{"damage":19,"enemies":"3 Sentries","floor":13,"turns":8},{"damage":11,"enemies":"2 Fungi Beasts","floor":14,"turns":4},{"damage":0,"enemies":"Slime Boss","floor":16,"turns":2}],"seed_played":"-3278264439060946477","potions_obtained":[{"floor":1,"key":"DistilledChaos"},{"floor":5,"key":"SteroidPotion"},{"floor":13,"key":"LiquidBronze"}],"is_trial":false,"path_per_floor":["M","M","M","M","M","R","M","E","T","R","?","?","E","M","R","B"],"character_chosen":"THE_SILENT","items_purchased":[],"campfire_rested":1,"item_purchase_floors":[],"current_hp_per_floor":[59,59,59,55,49,49,43,13,13,47,47,47,28,17,17,17,17],"gold":332,"neow_bonus":"THREE_ENEMY_KILL","is_daily":false,"chose_seed":false,"campfire_upgraded":2,"win_rate":0.0,"timestamp":1608362540,"path_taken":["M","M","M","M","M","R","M","E","T","R","?","?","E","M","R","BOSS"],"items_purchased_type":[],"build_version":"2020-12-13","purchased_purges":0,"victory":false,"max_hp_per_floor":[66,66,66,66,66,66,66,66,66,66,66,66,66,66,66,66,66],"card_choices":[{"not_picked":["Outmaneuver","Escape Plan"],"picked":"Dash","floor":1},{"not_picked":["Slice","Caltrops"],"picked":"Terror","floor":2},{"not_picked":["PiercingWail","Sucker Punch"],"picked":"Dagger Spray","floor":3},{"not_picked":["Choke","Underhanded Strike"],"picked":"Backflip","floor":4},{"not_picked":["Slice","Flying Knee"],"picked":"Escape Plan","floor":5},{"not_picked":["Dodge and Roll","Deadly Poison"],"picked":"Crippling Poison","floor":7},{"not_picked":["Deadly Poison","Caltrops","Doppelganger"],"picked":"SKIP","floor":8},{"not_picked":["Bane","Poisoned Stab"],"picked":"Acrobatics","floor":13},{"not_picked":["Dash","Underhanded Strike"],"picked":"Catalyst","floor":14}],"player_experience":952911,"relics_obtained":[{"floor":8,"key":"Regal Pillow"},{"floor":9,"key":"Gremlin Horn"},{"floor":13,"key":"Lantern"}],"event_choices":[{"damage_healed":0,"gold_gain":150,"player_choice":"AGREE","damage_taken":0,"max_hp_gain":0,"max_hp_loss":0,"event_name":"Liars Game","floor":11,"gold_loss":0,"cards_obtained":["Doubt"]},{"cards_removed":["Doubt"],"damage_healed":0,"gold_gain":0,"player_choice":"Card Removal","damage_taken":0,"max_hp_gain":0,"max_hp_loss":0,"event_name":"The Cleric","floor":12,"gold_loss":75}],"is_beta":false,"boss_relics":[],"items_purged_floors":[],"is_endless":false,"potions_floor_spawned":[1,5,7,13],"killed_by":"Slime Boss","ascension_level":15}}