{"host":"lg1piimdyocafd6j","time":1608385807,"event":{"mods":["AchievementEnabler","BaseMod","Better Third Choice","BetterRewards","Colored Map","Colored Powertips","Downfall","Minty Spire (QoL Compilation)","Quick Restart","Rare Cards Sparkle","StSLib","SuperFastMode"],"gold_per_floor":[116,131,6,16,0,32,32,65,65,41,41,57,57,57,57,152,152,172,172,67,0,0,0,30,30,30],"floor_reached":25,"playtime":1013,"items_purged":[],"score":236,"play_id":"c54e09a7-96fa-4b69-ba11-32b1b78fcd9e","local_time":"20201219145007","is_ascension_mode":true,"campfire_choices":[{"data":"White Noise","floor":7,"key":"SMITH"},{"floor":11,"key":"REST"},{"floor":13,"key":"RECALL"},{"floor":15,"key":"REST"},{"data":"Consume","floor":23,"key":"SMITH"}],"circlet_count":0,"master_deck":["Strike_B","Strike_B","Strike_B","Defend_B","Defend_B","Defend_B","Defend_B","Zap","Dualcast","White Noise+1","Conserve Battery","Ball Lightning","Capacitor","Turbo","Ball Lightning","Electrodynamics","Loop","Consume+1","Capacitor"],"relics":["Cracked Core","betterThird:SlimedRelic","Strawberry","Sundial","Inserter","Ginger"],"acts_visited":["Exordium","TheCity"],"potions_floor_usage":[6,8,16,25,25],"damage_taken":[{"damage":1,"enemies":"Cultist","floor":1,"turns":3},{"damage":7,"enemies":"Jaw Worm","floor":2,"turns":5},{"damage":0,"enemies":"2 Louse","floor":4,"turns":2},{"damage":18,"enemies":"3 Sentries","floor":6,"turns":8},{"damage":14,"enemies":"Lagavulin","floor":8,"turns":6},{"damage":6,"enemies":"Large Slime","floor":12,"turns":6},{"damage":40,"enemies":"Hexaghost","floor":16,"turns":9},{"damage":12,"enemies":"Spheric Guardian","floor":18,"turns":4},{"damage":55,"enemies":"Slavers","floor":24,"turns":5},{"damage":0,"enemies":"3 Byrds","floor":25,"turns":2}],"seed_played":"6487101460553248955","potions_obtained":[{"floor":2,"key":"PowerPotion"},{"floor":6,"key":"FocusPotion"},{"floor":8,"key":"Fire Potion"},{"floor":12,"key":"SpeedPotion"},{"floor":24,"key":"Fire Potion"}],"is_trial":false,"path_per_floor":["M","M","$","M","?","E","R","E","T","$","R","M","R","$","R","B",null,"M","?","$","?","?","R","E","M"],"character_chosen":"DEFECT","items_purchased":["Ball Lightning","Capacitor","Ball Lightning","Consume","Capacitor"],"campfire_rested":2,"item_purchase_floors":[3,3,10,20,20],"current_hp_per_floor":[74,67,67,67,56,45,45,31,31,31,55,49,49,49,73,33,82,70,70,70,70,70,70,15,15,15],"gold":30,"neow_bonus":"REMOVE_CARD","is_daily":false,"chose_seed":false,"campfire_upgraded":2,"win_rate":0.0,"timestamp":1608385807,"path_taken":["M","M","$","?","?","E","R","E","T","$","R","M","R","$","R","BOSS","M","?","$","?","?","R","E","M"],"items_purchased_type":["Card","Card","Card","Card","Card"],"build_version":"2020-12-13","purchased_purges":0,"victory":false,"max_hp_per_floor":[75,75,75,75,75,82,82,82,82,82,82,82,82,82,82,82,82,82,82,82,82,82,82,82,82,82],"card_choices":[{"not_picked":["Beam Cell","Go for the Eyes"],"picked":"White Noise","floor":1},{"not_picked":["Double Energy","Beam Cell"],"picked":"Conserve Battery","floor":2},{"not_picked":["Genetic Algorithm","Turbo","All For One"],"picked":"SKIP","floor":4},{"not_picked":["Go for the Eyes","Melter","Hello World"],"picked":"SKIP","floor":6},{"not_picked":["Doom and Gloom","Scrape"],"picked":"Turbo","floor":8},{"not_picked":["Rebound","Go for the Eyes","Recycle"],"picked":"SKIP","floor":12},{"not_picked":["Biased Cognition","Creative AI"],"picked":"Electrodynamics","floor":16},{"not_picked":["Hologram+1","Gash"],"picked":"Loop","floor":18},{"not_picked":["Rebound","Glacier","Chill"],"picked":"SKIP","floor":24}],"player_experience":194479,"relics_obtained":[{"floor":6,"key":"Strawberry"},{"floor":8,"key":"Sundial"},{"floor":24,"key":"Ginger"}],"event_choices":[{"damage_healed":0,"gold_gain":0,"player_choice":"Slimed","damage_taken":11,"max_hp_gain":0,"max_hp_loss":0,"event_name":"betterThird:BetterGoop","floor":5,"gold_loss":16},{"damage_healed":0,"gold_gain":0,"player_choice":"Paid Fearfully","damage_taken":0,"max_hp_gain":0,"max_hp_loss":0,"event_name":"Masked Bandits","floor":21,"gold_loss":67},{"damage_healed":0,"gold_gain":0,"player_choice":"Ignored","damage_taken":0,"max_hp_gain":0,"max_hp_loss":0,"event_name":"NoteForYourself","floor":22,"gold_loss":0}],"is_beta":false,"boss_relics":[{"not_picked":["Fusion Hammer","Busted Crown"],"picked":"Inserter"}],"items_purged_floors":[],"is_endless":false,"potions_floor_spawned":[2,6,8,12,24],"killed_by":"3 Byrds","ascension_level":1}}