{"host":"5gc11emcm5chfr5t","time":1608414273,"event":{"mods":["2.2 Compatiblity","AchievementEnabler","BaseMod","Bestiary","Better Note","Colored Map","Colored Powertips","Downfall","Googly Eyes","Minty Spire (QoL Compilation)","Rare Cards Sparkle","StSLib"],"gold_per_floor":[99,114,114,145,70,89,115,142,67,99,117,117,117,134,146,222,222,147,147,147,163,238,238,264,335,350,405,405,405,115,115,170,251,251,251,251,251,352,365,417,441,33,33,89,153,50,50,50,68,91,91,139,3,3,4],"floor_reached":56,"playtime":2977,"items_purged":[],"score":2382,"play_id":"a349239d-56e1-4a44-9f5c-49feceab5a8d","local_time":"20201219164433","is_ascension_mode":true,"campfire_choices":[{"floor":1.0,"key":"RECALL"},{"floor":5.0,"key":"REST"},{"data":"sneckomod:ImprovisedAttack","floor":9.0,"key":"SMITH"},{"data":"sneckomod:MorePower","floor":18,"key":"SMITH"},{"floor":20,"key":"REST"},{"floor":23,"key":"REST"},{"data":"sneckomod:GlitteringGambit","floor":35,"key":"SMITH"},{"data":"sneckomod:Transmogrify","floor":37,"key":"SMITH"},{"floor":43,"key":"REST"},{"data":"sneckomod:UnknownRarePower","floor":54,"key":"SMITH"}],"circlet_count":0,"master_deck":["AscendersBane","sneckomod:TailWhip","sneckomod:SnekBite+1","sneckomod:Unknown+1","sneckomod:Unknown0Cost","sneckomod:UnknownStrength","sneckomod:ImprovisedAttack+1","sneckomod:UnknownClassBLUE","sneckomod:Nope","sneckomod:ImprovisedAttack","sneckomod:MorePower+1","sneckomod:Unknown3Cost+1","sneckomod:GlitteringGambit+1","sneckomod:UnknownRareAttack+1","sneckomod:QuickMove+1","sneckomod:Unknown2Cost","sneckomod:UnknownRareSkill+1","sneckomod:Nope","sneckomod:UnknownCommonAttack","sneckomod:Unknown1Cost","sneckomod:UnknownEthereal","sneckomod:UnknownRareSkill","sneckomod:UnknownCommonSkill","sneckomod:UnknownRareSkill+1","sneckomod:UnknownUncommonPower+1","sneckomod:UnknownRareSkill","sneckomod:Transmogrify+1","sneckomod:UnknownRarePower+1","sneckomod:UnknownRarePower+1","sneckomod:SerpentMind+1","sneckomod:Nope+1","sneckomod:Unknown3Cost+1","sneckomod:Restock","sneckomod:WideSting","sneckomod:UnknownRarePower+1","sneckomod:Unknown3Cost+1","sneckomod:UnknownStrength+1","sneckomod:UnknownRarePower+1","Apotheosis+1","expansioncontent:HyperBeam","sneckomod:UnknownStrength+1","sneckomod:SoulRoll","sneckomod:UnknownRareAttack"],"relics":["Snecko Eye","downfall:HeartBlessingRed","Vajra","downfall:HeartBlessingBlue","Juzu Bracelet","downfall:HeartBlessingGreen","Happy Flower","Orichalcum","Shuriken","downfall:RedIOU","Astrolabe","Bird Faced Urn","Anchor","PreservedInsect","Akabeko","sneckomod:ConfusingCodex","Oddly Smooth Stone","Sundial","Bag of Preparation","SlaversCollar","Centennial Puzzle"],"acts_visited":["Exordium","TheCity","TheBeyond","TheEnding"],"potions_floor_usage":[14,16,16,21,22,25,27,33,33,38,40,40,42,44,44,44,50],"damage_taken":[{"damage":7.0,"enemies":"Jaw Worm","floor":2.0,"turns":3.0},{"damage":14.0,"enemies":"Lagavulin","floor":4.0,"turns":3.0},{"damage":11.0,"enemies":"Cultist","floor":6.0,"turns":3.0},{"damage":14.0,"enemies":"Gremlin Nob","floor":10.0,"turns":3.0},{"damage":4.0,"enemies":"Small Slimes","floor":11.0,"turns":3.0},{"damage":11,"enemies":"3 Louse","floor":14,"turns":3},{"damage":16,"enemies":"2 Fungi Beasts","floor":15,"turns":4},{"damage":27,"enemies":"downfall:Watcher","floor":16,"turns":6},{"damage":17,"enemies":"3 Byrds","floor":21,"turns":5},{"damage":11,"enemies":"Gremlin Leader","floor":22,"turns":5},{"damage":4,"enemies":"Shell Parasite","floor":25,"turns":3},{"damage":17,"enemies":"Snecko","floor":26,"turns":3},{"damage":15,"enemies":"Book of Stabbing","floor":27,"turns":4},{"damage":4,"enemies":"downfall:FleeingMerchant","floor":30,"turns":4},{"damage":37,"enemies":"Chosen and Byrds","floor":32,"turns":8},{"damage":3,"enemies":"downfall:Defect","floor":33,"turns":6},{"damage":49,"enemies":"Reptomancer","floor":38,"turns":5},{"damage":1,"enemies":"Orb Walker","floor":39,"turns":2},{"damage":0,"enemies":"2 Orb Walkers","floor":40,"turns":2},{"damage":0,"enemies":"downfall:FleeingMerchant","floor":42,"turns":4},{"damage":21,"enemies":"Nemesis","floor":44,"turns":5},{"damage":0,"enemies":"Mind Bloom Boss Battle","floor":45,"turns":4},{"damage":0,"enemies":"downfall:FleeingMerchant","floor":46,"turns":1},{"damage":23,"enemies":"3 Shapes","floor":49,"turns":5},{"damage":0,"enemies":"downfall:Ironclad","floor":50,"turns":5},{"damage":5,"enemies":"downfall:CharBossMerchant","floor":52,"turns":4},{"damage":0,"enemies":"downfall:NeowBoss","floor":55,"turns":14}],"seed_played":"-4973718598315778640","potions_obtained":[{"floor":2.0,"key":"SteroidPotion"},{"floor":6.0,"key":"Energy Potion"},{"floor":10.0,"key":"SkillPotion"},{"floor":11.0,"key":"Weak Potion"},{"floor":14,"key":"champ:CounterPotion"},{"floor":15,"key":"Guardian:BlockOnCardUsePotion"},{"floor":16,"key":"Block Potion"},{"floor":21,"key":"Fire Potion"},{"floor":22,"key":"Weak Potion"},{"floor":25,"key":"CultistPotion"},{"floor":26,"key":"Energy Potion"},{"floor":27,"key":"SteroidPotion"},{"floor":33,"key":"sneckomod:DiceRollPotion"},{"floor":38,"key":"ColorlessPotion"},{"floor":39,"key":"AttackPotion"},{"floor":40,"key":"LiquidMemories"},{"floor":42,"key":"Block Potion"},{"floor":44,"key":"SteroidPotion"}],"is_trial":false,"path_per_floor":["R","M","?","E","R","M","T","T","R","E","M","?","?","M","M","B",null,"R","?","R","M","E","R","T","M","M","E","?","?","$","?","M","B",null,"R","?","R","E","M","?","T","$","R","E","?","$","$","?","M","B",null,"E","$","R","B",null],"character_chosen":"THE_SNECKO","items_purchased":["Shuriken","Akabeko","sneckomod:ConfusingCodex","EntropicBrew","Apotheosis","expansioncontent:HyperBeam","Bag of Preparation","sneckomod:UnknownRareAttack"],"campfire_rested":4,"item_purchase_floors":[30,42,42,42,46,46,46,53],"current_hp_per_floor":[75,68,68,54,78,67,67,67,77,63,59,64,64,53,41,14,77,77,48,78,61,50,80,80,76,59,44,44,44,42,42,15,15,81,81,81,81,32,31,31,31,39,69,64,80,80,80,84,80,84,84,84,84,84,84],"gold":4,"neow_bonus":"BOSS_RELIC","is_daily":false,"chose_seed":false,"campfire_upgraded":5,"win_rate":0.0,"timestamp":1608414273,"path_taken":["R","M","?","E","R","M","T","?","R","E","M","?","?","M","M","BOSS","R","?","R","M","E","R","T","M","M","E","?","?","$","?","M","BOSS","R","?","R","E","M","?","T","?","R","E","?","$","$","?","M","BOSS","E","$","R","BOSS"],"items_purchased_type":["Relic","Relic","Relic","Potion","Card","Card","Relic","Card"],"build_version":"2020-12-13","purchased_purges":0,"victory":true,"max_hp_per_floor":[83,83,83,83,83,83,83,83,93,93,93,98,98,98,98,98,98,98,103,103,103,103,103,103,103,103,103,103,103,103,103,103,103,103,103,103,103,103,103,103,103,103,103,103,103,103,103,84,84,84,84,84,84,84,84],"card_choices":[{"not_picked":["sneckomod:RainOfDice","sneckomod:DiceBlock"],"picked":"sneckomod:Unknown0Cost","floor":2.0},{"not_picked":["sneckomod:UnknownCommonSkill","sneckomod:UnknownCommonAttack"],"picked":"sneckomod:UnknownStrength","floor":4.0},{"not_picked":["sneckomod:RainOfDice","sneckomod:UnknownClassGUARDIAN"],"picked":"sneckomod:ImprovisedAttack","floor":6.0},{"not_picked":["sneckomod:UnknownUncommonPower","sneckomod:UnknownClassTHE_CHAMP_GRAY"],"picked":"sneckomod:UnknownClassBLUE","floor":10.0},{"not_picked":["sneckomod:UnknownClassBLUE","sneckomod:RainOfDice"],"picked":"sneckomod:UnknownStrike","floor":11.0},{"not_picked":["sneckomod:Unknown2Cost","sneckomod:DiceCrush"],"picked":"sneckomod:Nope","floor":14},{"not_picked":["sneckomod:Nope","sneckomod:DiceCrush"],"picked":"sneckomod:ImprovisedAttack","floor":15},{"not_picked":["sneckomod:SerpentMind","sneckomod:UnlimitedRolls"],"picked":"sneckomod:MorePower","floor":16},{"not_picked":["sneckomod:UnknownUncommonSkill+1","sneckomod:UnknownUncommonAttack+1"],"picked":"sneckomod:Unknown3Cost+1","floor":21},{"not_picked":["sneckomod:QuickBite","sneckomod:SoulRoll"],"picked":"sneckomod:GlitteringGambit","floor":21},{"not_picked":["sneckomod:UnknownEthereal+1","sneckomod:Unknown3Cost+1"],"picked":"sneckomod:UnknownRareAttack+1","floor":22},{"not_picked":["sneckomod:UnknownClassRED","sneckomod:QuickBite+1"],"picked":"sneckomod:QuickMove","floor":22},{"not_picked":["sneckomod:DiceBlock","sneckomod:UnknownBlock"],"picked":"sneckomod:Unknown2Cost","floor":25},{"not_picked":["sneckomod:UnknownRareAttack+1","sneckomod:UnknownUncommonPower+1"],"picked":"sneckomod:UnknownRareSkill+1","floor":26},{"not_picked":["sneckomod:UnknownStrike","sneckomod:UnknownClassGUARDIAN"],"picked":"sneckomod:Nope","floor":26},{"not_picked":["sneckomod:UnknownStrike","sneckomod:DiceBoulder+1","sneckomod:UnknownCommonAttack"],"picked":"SKIP","floor":27},{"not_picked":["sneckomod:UnknownVulnerable+1","sneckomod:UnknownUncommonPower+1"],"picked":"sneckomod:UnknownRareSkill+1","floor":30},{"not_picked":["sneckomod:MasterEye","sneckomod:UnknownClassPURPLE","sneckomod:UnknownStrike"],"picked":"SKIP","floor":30},{"not_picked":["sneckomod:UnknownCommonSkill+1","sneckomod:UnknownEthereal+1"],"picked":"sneckomod:UnknownUncommonPower+1","floor":32},{"not_picked":["sneckomod:UnknownBlock","sneckomod:SoulCleanse"],"picked":"sneckomod:UnknownRareSkill","floor":32},{"not_picked":["sneckomod:Mudshield","sneckomod:Restock"],"picked":"sneckomod:Transmogrify","floor":33},{"not_picked":["sneckomod:UnknownWeak+1","sneckomod:UnknownCommonAttack+1"],"picked":"sneckomod:UnknownRarePower+1","floor":33},{"not_picked":["sneckomod:SerpentMind","sneckomod:DangerNoodle"],"picked":"sneckomod:UnknownRarePower","floor":33},{"not_picked":["sneckomod:UnknownUncommonSkill+1","sneckomod:Unknown+1"],"picked":"sneckomod:Unknown3Cost+1","floor":38},{"not_picked":["sneckomod:QuickMove","sneckomod:DefensiveFlair+1"],"picked":"sneckomod:Restock","floor":38},{"not_picked":["sneckomod:UnknownStrike","sneckomod:Unknown0Cost"],"picked":"sneckomod:WideSting","floor":39},{"not_picked":["sneckomod:Unknown+1","sneckomod:UnknownRareSkill+1"],"picked":"sneckomod:UnknownRarePower+1","floor":42},{"not_picked":["sneckomod:UnknownDexterity+1","sneckomod:MasterEye","sneckomod:UnknownEthereal"],"picked":"SKIP","floor":42},{"not_picked":["sneckomod:UnknownWeak+1","sneckomod:UnknownCommonSkill+1"],"picked":"sneckomod:Unknown3Cost+1","floor":44},{"not_picked":["sneckomod:DiceBlock+1","sneckomod:Nope"],"picked":"sneckomod:UnknownStrength+1","floor":44},{"not_picked":["sneckomod:UnknownStrike+1","sneckomod:UnknownClassTHE_CHAMP_GRAY+1"],"picked":"sneckomod:UnknownRarePower+1","floor":45},{"not_picked":["sneckomod:DiceBlock+1","sneckomod:DiceBoulder+1","sneckomod:QuickMove+1"],"picked":"SKIP","floor":46},{"not_picked":["sneckomod:UnknownBlock+1","sneckomod:UnknownClassSLIMEBOUND+1","sneckomod:UnknownClassHEXA_GHOST_PURPLE+1"],"picked":"SKIP","floor":49},{"not_picked":["sneckomod:UnknownBlock","sneckomod:UnknownWeak","sneckomod:WideSting"],"picked":"SKIP","floor":49},{"not_picked":["sneckomod:UnknownBlock+1","sneckomod:Unknown0Cost+1"],"picked":"sneckomod:UnknownStrength+1","floor":52},{"not_picked":["sneckomod:UnknownUncommonAttack+1","sneckomod:DefensiveFlair+1"],"picked":"sneckomod:SoulRoll","floor":52}],"player_experience":436884,"relics_obtained":[{"floor":4.0,"key":"White Beast Statue"},{"floor":8.0,"key":"Vajra"},{"floor":10.0,"key":"Juzu Bracelet"},{"floor":22,"key":"Happy Flower"},{"floor":24,"key":"Orichalcum"},{"floor":27,"key":"Blood Vial"},{"floor":38,"key":"sneckomod:LoadedDie"},{"floor":40,"key":"Bird Faced Urn"},{"floor":41,"key":"Anchor"},{"floor":42,"key":"PreservedInsect"},{"floor":44,"key":"Oddly Smooth Stone"},{"floor":45,"key":"Torii"},{"floor":45,"key":"Sundial"},{"floor":52,"key":"SlaversCollar"},{"floor":52,"key":"Centennial Puzzle"}],"event_choices":[{"damage_healed":0.0,"max_hp_gain":5.0,"max_hp_loss":0.0,"gold_gain":0.0,"event_name":"Big Fish","player_choice":"Donut","floor":12.0,"gold_loss":0.0,"damage_taken":0.0},{"cards_removed":["Regret"],"damage_healed":0,"gold_gain":0,"player_choice":"Forget","damage_taken":0,"max_hp_gain":0,"max_hp_loss":0,"event_name":"Living Wall","floor":13,"gold_loss":0},{"cards_removed":["sneckomod:SlitherStrike"],"damage_healed":0,"gold_gain":0,"player_choice":"Removed Attack","damage_taken":0,"max_hp_gain":0,"max_hp_loss":0,"event_name":"Falling","floor":36,"gold_loss":0},{"damage_healed":0,"gold_gain":0,"player_choice":"Fight","damage_taken":0,"max_hp_gain":0,"max_hp_loss":0,"event_name":"Mysterious Sphere","floor":40,"gold_loss":0}],"is_beta":false,"boss_relics":[{"not_picked":["Coffee Dripper","Empty Cage"],"picked":"SlaversCollar"},{"not_picked":["Tiny House","Runic Pyramid"],"picked":"Astrolabe"}],"items_purged_floors":[],"is_endless":false,"potions_floor_spawned":[2,6,10,11,14,15,16,21,22,25,26,27,30,32,33,38,39,40,42,44],"ascension_level":15}}