{"host":"kstmajdnxm8lto3o","time":1608340444,"event":{"mods":["Aspiration","BaseMod","Better Third Choice","BetterRewards","CCEM","Conspire","Downfall","Gremlin Skip","Highlight Path","Hubris","Minty Spire (QoL Compilation)","Replay The Spire","Shop Mod","Spicy Shops","StSLib"],"gold_per_floor":[109,128,141,141,141,141,172,189,189,208,208,236,236,269,269,365,365,305,305],"floor_reached":18,"playtime":1052,"items_purged":[],"score":189,"play_id":"4efa30e5-65d9-4874-ba5f-2b66e5d608a8","local_time":"20201218201404","is_ascension_mode":true,"campfire_choices":[{"data":"Zap","floor":6,"key":"SMITH"},{"floor":15,"key":"REST"}],"circlet_count":0,"master_deck":["Strike_B","Strike_B","Strike_B","Strike_B","Defend_B","Defend_B","Defend_B","Defend_B","Zap+1","Dualcast","Conserve Battery","Ball Lightning","Redo","conspire:Charge","Glacier","Panic Button","Defragment","ReplayTheSpireMod:Calculation Training","Fission"],"relics":["Cracked Core","aspiration:Nostalgia","PureWater","Singing Bowl","Replay:Accelerometer","Blue Doll","Thread and Needle"],"acts_visited":["Exordium","TheCity"],"potions_floor_usage":[7,8,12,14,16],"damage_taken":[{"damage":2,"enemies":"Small Slimes","floor":1,"turns":2},{"damage":0,"enemies":"Cultist","floor":2,"turns":4},{"damage":1,"enemies":"Jaw Worm","floor":3,"turns":2},{"damage":14,"enemies":"Gremlin Nob","floor":7,"turns":3},{"damage":7,"enemies":"Large Slime","floor":8,"turns":3},{"damage":18,"enemies":"Exordium Thugs","floor":10,"turns":4},{"damage":4,"enemies":"3 Sentries","floor":12,"turns":6},{"damage":10,"enemies":"Gremlin Nob","floor":14,"turns":4},{"damage":11,"enemies":"Slime Boss","floor":16,"turns":13},{"damage":17,"enemies":"2 Thieves","floor":18,"turns":3}],"seed_played":"4669407344326641951","potions_obtained":[{"floor":3,"key":"Strength Potion"},{"floor":5,"key":"AttackPotion"},{"floor":5,"key":"SkillPotion"},{"floor":7,"key":"LiquidBronze"},{"floor":10,"key":"Strength Potion"},{"floor":14,"key":"Block Potion"},{"floor":16,"key":"BlessingOfTheForge"}],"is_trial":false,"path_per_floor":["M","M","M","?","?","R","E","M","T","M","?","E","?","E","R","B",null,"M"],"character_chosen":"DEFECT","items_purchased":[],"campfire_rested":1,"item_purchase_floors":[],"current_hp_per_floor":[73,73,72,55,55,55,43,36,36,18,18,14,14,4,27,16,77,60,60],"gold":305,"neow_bonus":"NOSTALGIA","is_daily":false,"chose_seed":false,"campfire_upgraded":1,"win_rate":0.0,"timestamp":1608340444,"path_taken":["M","M","M","?","?","R","E","?","T","M","?","E","?","E","R","BOSS","M"],"items_purchased_type":[],"build_version":"2020-12-13","purchased_purges":0,"victory":false,"max_hp_per_floor":[75,75,75,75,75,75,77,77,77,77,77,77,77,77,77,77,77,77,77],"card_choices":[{"not_picked":["ReplaySolidLightProjector","Barrage"],"picked":"Conserve Battery","floor":1},{"not_picked":["Panic Button","Coolheaded"],"picked":"Ball Lightning","floor":2},{"not_picked":["Auto Shields","conspire:Rain"],"picked":"Redo","floor":3},{"not_picked":["hubris:DoWhile","Aggregate","Coolheaded"],"picked":"Singing Bowl","floor":7},{"not_picked":["Ball Lightning","Coolheaded"],"picked":"Glacier","floor":8},{"not_picked":["Self Repair","ReplayTheSpireMod:Omega Cannon"],"picked":"Panic Button","floor":10},{"not_picked":["Conserve Battery","Consume"],"picked":"Defragment","floor":12},{"not_picked":["Stack","hubris:PowerSurge"],"picked":"ReplayTheSpireMod:Calculation Training","floor":14},{"not_picked":["Meteor Strike","ReplayTheSpireMod:Omega Cannon"],"picked":"Fission","floor":16}],"player_experience":464111,"relics_obtained":[{"floor":7,"key":"Replay:Accelerometer"},{"floor":12,"key":"Blue Doll"},{"floor":14,"key":"Thread and Needle"}],"event_choices":[{"damage_healed":0,"gold_gain":0,"player_choice":"Got Potions","damage_taken":0,"max_hp_gain":0,"max_hp_loss":0,"event_name":"Lab","floor":5,"gold_loss":0},{"damage_healed":0,"gold_gain":0,"player_choice":"Leave","damage_taken":0,"max_hp_gain":0,"max_hp_loss":0,"event_name":"conspire:Investor","floor":11,"gold_loss":0},{"damage_healed":0,"gold_gain":0,"player_choice":"Disagree","damage_taken":0,"max_hp_gain":0,"max_hp_loss":0,"event_name":"conspire:LoneGhost","floor":13,"gold_loss":0}],"is_beta":false,"boss_relics":[{"not_picked":["Replay:Drink Me","Runic Pyramid","aspiration:RunicSpoon"]}],"items_purged_floors":[],"is_endless":false,"potions_floor_spawned":[3,7,10,14,16],"killed_by":"2 Thieves","ascension_level":1}}