{"host":"jm9833yuloeli2yd","time":1608336588,"event":{"mods":["AchievementEnabler","BaseMod","Better Altar","Better Match","Better Note","Better Sensory Stone","Better Skull","Better Vampires","Colored Map","Colored Powertips","DeckTracker","Minty Spire (QoL Compilation)","Permanent Neow","Quick Restart","Replay The Spire","StSLib","SuperFastMode"],"gold_per_floor":[114,132,58,74,94,127,127,162,162,162,187,204,40,52,52,129,129,143,143,161,3,22,22,37,37,37],"floor_reached":25,"playtime":795,"items_purged":[],"score":450,"play_id":"eb5edff4-28c6-4484-8194-6faad980a396","local_time":"20201218190948","is_ascension_mode":true,"campfire_choices":[{"data":"Consume","floor":7.0,"key":"SMITH"},{"floor":10.0,"key":"REST"},{"data":"Zap","floor":15.0,"key":"SMITH"},{"data":"Conserve Battery","floor":23,"key":"SMITH"}],"circlet_count":0,"master_deck":["AscendersBane","Strike_B","Strike_B","Strike_B","Strike_B","Defend_B","Defend_B","Defend_B","Defend_B","Zap+1","Dualcast","Ball Lightning","Ball Lightning","Consume+1","Cold Snap","Ball Lightning","Beam Cell","Cold Snap","Core Surge","BasicCrystalCard+1","Core Surge","Go for the Eyes","Conserve Battery+1","Conserve Battery","Steam","Compile Driver","Creative AI"],"relics":["Cracked Core","Replay:Accelerometer","Pocketwatch","Ginger","Shovel","DataDisk","Coffee Dripper","Orrery"],"acts_visited":["TheCity"],"potions_floor_usage":[16],"damage_taken":[{"damage":4.0,"enemies":"Small Slimes","floor":1.0,"turns":3.0},{"damage":0.0,"enemies":"Cultist","floor":2.0,"turns":3.0},{"damage":3.0,"enemies":"2 Louse","floor":4.0,"turns":2.0},{"damage":16.0,"enemies":"Exordium Wildlife","floor":5.0,"turns":3.0},{"damage":8.0,"enemies":"Gremlin Nob","floor":6.0,"turns":3.0},{"damage":15.0,"enemies":"3 Sentries","floor":8.0,"turns":4.0},{"damage":9.0,"enemies":"Lagavulin","floor":11.0,"turns":6.0},{"damage":0.0,"enemies":"Large Slime","floor":12.0,"turns":3.0},{"damage":3.0,"enemies":"Blue Slaver","floor":14.0,"turns":3.0},{"damage":29,"enemies":"Fading Forest","floor":16,"turns":13},{"damage":18,"enemies":"Shell Parasite","floor":18,"turns":3},{"damage":0,"enemies":"Spheric Guardian","floor":20,"turns":3},{"damage":19,"enemies":"Snecko","floor":22,"turns":5},{"damage":19,"enemies":"Centurion and Healer","floor":24,"turns":7},{"damage":8,"enemies":"Snake Plant","floor":25,"turns":1}],"seed_played":"3584242895445340471","potions_obtained":[{"floor":0.0,"key":"DuplicationPotion"},{"floor":0.0,"key":"Swift Potion"},{"floor":6.0,"key":"BlessingOfTheForge"},{"floor":8.0,"key":"Block Potion"},{"floor":18,"key":"FearPotion"}],"is_trial":false,"path_per_floor":["M","M","$","M","M","E","R","E","T","R","E","M","$","M","R","B",null,"M","?","M","$","M","R","M","M"],"character_chosen":"DEFECT","items_purchased":["Consume","DataDisk","Orrery"],"campfire_rested":1,"item_purchase_floors":[3,13,21],"current_hp_per_floor":[60,60,60,57,41,33,33,18,18,39,30,30,30,27,27,22,59,41,41,41,41,22,22,3,0,0],"gold":37,"neow_bonus":"THREE_SMALL_POTIONS","is_daily":false,"chose_seed":false,"campfire_upgraded":3,"win_rate":0.0,"timestamp":1608336588,"path_taken":["M","M","$","M","M","E","R","E","T","R","E","M","$","M","R","BOSS","M","?","M","$","?","R","M","?"],"items_purchased_type":["Card","Relic","Relic"],"build_version":"2020-12-13","purchased_purges":0,"victory":false,"max_hp_per_floor":[71,71,71,71,71,71,71,71,71,71,71,71,71,71,71,71,71,71,71,71,71,71,71,71,71,71],"card_choices":[{"not_picked":["Blizzard","Sweeping Beam"],"picked":"Ball Lightning","floor":1.0},{"not_picked":["Stack","Turbo"],"picked":"Ball Lightning","floor":2.0},{"not_picked":["ReplayGash","Turbo","Time Bomb"],"picked":"SKIP","floor":4.0},{"not_picked":["Multi-Cast","Gash","Stack"],"picked":"SKIP","floor":5.0},{"not_picked":["Capacitor","Barrage"],"picked":"Cold Snap","floor":6.0},{"not_picked":["ReplayTheSpireMod:Reroute Power","ReplayTheSpireMod:GoodbyeWorld"],"picked":"Ball Lightning","floor":8.0},{"not_picked":["Doom and Gloom","Creative AI"],"picked":"Beam Cell","floor":11.0},{"not_picked":["Redo","Fusion","Heatsinks"],"picked":"SKIP","floor":12.0},{"not_picked":["Reprogram","Tempest"],"picked":"Cold Snap","floor":14.0},{"not_picked":["Machine Learning","Meteor Strike"],"picked":"Core Surge","floor":16},{"not_picked":["Go for the Eyes","Chaos"],"picked":"BasicCrystalCard+1","floor":18},{"not_picked":["Blizzard","Beam Cell"],"picked":"Go for the Eyes","floor":20},{"not_picked":["Reprogram","Sweeping Beam"],"picked":"Conserve Battery","floor":21},{"not_picked":["Ball Lightning","ReplaySolidLightProjector"],"picked":"Conserve Battery","floor":21},{"not_picked":["Sweeping Beam","ReplayTheSpireMod:Reroute Power"],"picked":"Steam","floor":21},{"not_picked":["ReplaySort","Conserve Battery"],"picked":"Compile Driver","floor":21},{"not_picked":["Sunder","Beam Cell"],"picked":"Creative AI","floor":21},{"not_picked":["Lockon","Leap","BasicCrystalCard"],"picked":"SKIP","floor":22},{"not_picked":["Static Discharge","Steam","Steam Power"],"picked":"SKIP","floor":24}],"player_experience":1117298,"relics_obtained":[{"floor":6.0,"key":"Replay:Accelerometer"},{"floor":8.0,"key":"Pocketwatch"},{"floor":9.0,"key":"Ginger"},{"floor":11.0,"key":"Shovel"}],"event_choices":[{"damage_healed":0,"gold_gain":0,"player_choice":"Copied","damage_taken":0,"max_hp_gain":0,"max_hp_loss":0,"event_name":"Duplicator","floor":19,"gold_loss":0,"cards_obtained":["Core Surge"]}],"is_beta":false,"boss_relics":[{"not_picked":["Abe\u0027s Treasure","Replay:Grab Bag"],"picked":"Coffee Dripper"}],"items_purged_floors":[],"is_endless":false,"potions_floor_spawned":[5,6,8,18],"killed_by":"Snake Plant","ascension_level":20}}