{"host":"684z1xpuwaoqmmh1","time":1608403810,"event":{"mods":["BaseMod","Downfall","Hermit","Jorbs\u0027s Wanderer Trilogy","Marisa????????","Minty Spire (QoL Compilation)","StSLib","The Hierophant","The Mystic"],"gold_per_floor":[99,116,26,26,58,58,58,72,72,106,106,123,134,147,161,238,238,88,105,138,158,193,293,293,293,324,324,335,45,65,82,101,177,177,177,202,202,214,214,247,247,281,298,223,223,553,573,583,597,597,597,628,282,282,282],"floor_reached":56,"playtime":4631,"items_purged":["champ:Strike","champ:Defend","champ:Strike"],"score":2032,"play_id":"582bf128-0190-4be5-9417-6c82d3ff8990","local_time":"20201219205010","is_ascension_mode":true,"campfire_choices":[{"floor":1.0,"key":"RECALL"},{"data":"champ:Taunt","floor":4.0,"key":"SMITH"},{"data":"champ:Execute","floor":6.0,"key":"SMITH"},{"data":"champ:Balance","floor":9.0,"key":"SMITH"},{"data":"champ:SwordThrow","floor":18.0,"key":"SMITH"},{"data":"champ:HeavySlash","floor":27.0,"key":"SMITH"},{"data":"champ:HoldFirm","floor":35.0,"key":"SMITH"},{"data":"1","floor":39.0,"key":"LIFT"},{"data":"2","floor":44.0,"key":"LIFT"},{"data":"3","floor":54,"key":"LIFT"}],"circlet_count":1,"master_deck":["AscendersBane","champ:Strike+1","champ:Defend","champ:Defend","champ:Defend","champ:Execute+1","champ:Taunt+1","champ:EndlessRage","champ:FanOfKnives+1","champ:DefensiveStyle","champ:Balance+1","champ:GutPunch","champ:Backstep","champ:Backstep+1","champ:Encircle","champ:SwordThrow+1","champ:GladiatorStyle","champ:ArenaPreparation+1","champ:BringItOn","champ:DefensiveStyle","champ:FaceSlap","champ:HeavySlash+1","champ:Lariat+1","champ:HoldFirm+1","champ:DefensiveShout+1","champ:CrownThrow","champ:Aggression","champ:Lariat+1","champ:Circumvent+1","champ:FocusedBerserking+1","champ:DefensiveStyle+1","champ:Backstep+1","champ:EnchantSword+1","champ:BringItOn+1"],"relics":["champ:ChampionCrown","PreservedInsect","StrikeDummy","Whetstone","champ:FightingForDummies","Black Star","downfall:HeartBlessingRed","downfall:HeartBlessingGreen","Lizard Tail","Gambling Chip","Vajra","Meat on the Bone","champ:SpectersHand","Guardian:GemstoneGun","Shuriken","MutagenicStrength","InkBottle","Bottled Lightning","Membership Card","Bag of Marbles","Philosopher\u0027s Stone","Girya","champ:GladiatorsBookOfMartialProwess","Toxic Egg 2","sneckomod:BlankCard","Bottled Tornado","downfall:HeartBlessingBlue","Dream Catcher","Circlet","Kunai","War Paint","Eternal Feather","Bag of Preparation"],"acts_visited":["Exordium","TheCity","TheBeyond","TheEnding"],"potions_floor_usage":[],"damage_taken":[{"damage":6.0,"enemies":"Cultist","floor":2.0,"turns":4.0},{"damage":20.0,"enemies":"downfall:FleeingMerchant","floor":3.0,"turns":4.0},{"damage":33.0,"enemies":"Lagavulin","floor":5.0,"turns":7.0},{"damage":7.0,"enemies":"Jaw Worm","floor":8.0,"turns":3.0},{"damage":18.0,"enemies":"Gremlin Nob","floor":10.0,"turns":3.0},{"damage":3.0,"enemies":"Small Slimes","floor":12.0,"turns":3.0},{"damage":11.0,"enemies":"3 Louse","floor":13.0,"turns":3.0},{"damage":5.0,"enemies":"Exordium Wildlife","floor":14.0,"turns":3.0},{"damage":14.0,"enemies":"Lots of Slimes","floor":15.0,"turns":4.0},{"damage":27.0,"enemies":"downfall:Watcher","floor":16.0,"turns":10.0},{"damage":18.0,"enemies":"Spheric Guardian","floor":19.0,"turns":4.0},{"damage":27.0,"enemies":"Book of Stabbing","floor":20.0,"turns":6.0},{"damage":14.0,"enemies":"Chosen","floor":21.0,"turns":3.0},{"damage":11.0,"enemies":"Slavers","floor":22.0,"turns":2.0},{"damage":53.0,"enemies":"downfall:CharBossIronclad","floor":23.0,"turns":7.0},{"damage":32.0,"enemies":"Book of Stabbing","floor":26.0,"turns":4.0},{"damage":5.0,"enemies":"Snecko","floor":28.0,"turns":2.0},{"damage":29.0,"enemies":"downfall:FleeingMerchant","floor":29.0,"turns":4.0},{"damage":27.0,"enemies":"Centurion and Healer","floor":30.0,"turns":2.0},{"damage":9.0,"enemies":"Cultist and Chosen","floor":31.0,"turns":2.0},{"damage":10.0,"enemies":"Shelled Parasite and Fungi","floor":32.0,"turns":3.0},{"damage":39.0,"enemies":"downfall:Silent","floor":33.0,"turns":7.0},{"damage":27.0,"enemies":"Mind Bloom Boss Battle","floor":36.0,"turns":9.0},{"damage":5.0,"enemies":"3 Shapes","floor":38.0,"turns":2.0},{"damage":37.0,"enemies":"Nemesis","floor":40.0,"turns":3.0},{"damage":0.0,"enemies":"Reptomancer","floor":42.0,"turns":2.0},{"damage":17.0,"enemies":"Orb Walker","floor":43.0,"turns":1.0},{"damage":4.0,"enemies":"downfall:FleeingMerchant","floor":46.0,"turns":1.0},{"damage":28,"enemies":"Spire Growth","floor":47,"turns":2},{"damage":36,"enemies":"Jaw Worm Horde","floor":48,"turns":4},{"damage":17,"enemies":"Sphere and 2 Shapes","floor":49,"turns":4},{"damage":23,"enemies":"downfall:Ironclad","floor":50,"turns":6},{"damage":62,"enemies":"downfall:CharBossMerchant","floor":52,"turns":6},{"damage":92,"enemies":"downfall:NeowBoss","floor":55,"turns":21}],"seed_played":"-6212470500849414895","potions_obtained":[{"floor":2.0,"key":"EssenceOfSteel"},{"floor":10.0,"key":"DuplicationPotion"},{"floor":14.0,"key":"Fire Potion"},{"floor":20.0,"key":"Weak Potion"},{"floor":23.0,"key":"Strength Potion"},{"floor":30.0,"key":"sneckomod:MuddlingPotion"},{"floor":36.0,"key":"champ:TechniquePotion"},{"floor":42.0,"key":"AttackPotion"},{"floor":48,"key":"DuplicationPotion"}],"is_trial":false,"path_per_floor":["R","M","$","R","E","R","T","M","R","E","?","M","M","M","M","B",null,"R","M","E","M","E","?","T","?","E","R","M","$","M","M","M","B",null,"R","?","?","M","R","E","T","E","M","R","T","$","M","M","M","B",null,"E","$","R","B",null],"character_chosen":"THE_CHAMP","items_purchased":["Membership Card","Bag of Marbles","Eternal Feather","Bag of Preparation","champ:EnchantSword+1","champ:BringItOn+1"],"campfire_rested":0,"item_purchase_floors":[29,29,53,53,53,53],"current_hp_per_floor":[73,72,64,64,47,47,47,46,46,33,33,38,32,38,34,45,72,72,59,53,53,58,48,48,48,53,53,53,68,68,73,77,60,76,76,81,81,81,81,56,56,61,61,71,71,73,91,91,91,91,91,91,91,91,91],"gold":282,"neow_bonus":"RANDOM_COMMON_RELIC","is_daily":false,"chose_seed":false,"campfire_upgraded":6,"win_rate":0.0,"timestamp":1608403810,"path_taken":["R","M","$","R","E","R","T","?","R","E","?","M","M","?","M","BOSS","R","M","E","M","E","?","T","?","E","R","M","$","M","M","M","BOSS","R","?","?","?","R","E","T","E","M","R","?","?","M","M","M","BOSS","E","$","R","BOSS"],"items_purchased_type":["Relic","Relic","Relic","Relic","Card","Card"],"build_version":"2020-12-13","purchased_purges":3,"victory":true,"max_hp_per_floor":[81,81,81,81,81,81,81,81,81,81,81,81,81,81,81,81,81,81,81,81,81,81,81,81,81,81,81,81,81,81,81,81,81,81,81,81,81,81,81,81,81,81,81,91,91,91,91,91,91,91,91,91,91,91,91],"card_choices":[{"not_picked":["champ:ShieldWall","champ:HeartStrike"],"picked":"champ:EndlessRage","floor":2.0},{"not_picked":["champ:GladiatorsShout","champ:SwordSigil"],"picked":"champ:FanOfKnives","floor":3.0},{"not_picked":["champ:TornadoPunch","champ:AdrenalArmor"],"picked":"champ:DefensiveStyle","floor":5.0},{"not_picked":["champ:SwordSigil","champ:ShieldSigil"],"picked":"champ:Balance","floor":8.0},{"not_picked":["champ:IronFortress","champ:FightOn"],"picked":"champ:GutPunch","floor":10.0},{"not_picked":["champ:Riposte","champ:EnGarde","champ:BladeFlurry"],"picked":"SKIP","floor":12.0},{"not_picked":["champ:SkillfulDodge","champ:GladiatorsShout"],"picked":"champ:Backstep","floor":13.0},{"not_picked":["champ:Balance","champ:GladiatorStyle"],"picked":"champ:Backstep","floor":14.0},{"not_picked":["champ:BerserkersShout","champ:Shatter"],"picked":"champ:Encircle","floor":15.0},{"not_picked":["champ:Improvising","champ:MurderStrike"],"picked":"champ:SwordThrow","floor":16.0},{"not_picked":["champ:GladiatorsShout","champ:PerfectedStrike"],"picked":"champ:GladiatorStyle","floor":19.0},{"not_picked":["champ:FlashCut","champ:BladeFlurry"],"picked":"champ:ArenaPreparation","floor":20.0},{"not_picked":["champ:FlashCut","champ:PerfectedStrike"],"picked":"champ:BringItOn","floor":21.0},{"not_picked":["champ:Haymaker","champ:FightOn"],"picked":"champ:DefensiveStyle","floor":22.0},{"not_picked":["champ:DefensiveShout","champ:FightOn"],"picked":"champ:FaceSlap","floor":23.0},{"not_picked":["champ:BerserkerStyle","champ:BladeFlurry"],"picked":"champ:HeavySlash","floor":26.0},{"not_picked":["champ:Backstep","champ:Circumvent"],"picked":"champ:Lariat+1","floor":28.0},{"not_picked":["champ:RageSigil","champ:Encircle"],"picked":"champ:HoldFirm","floor":29.0},{"not_picked":["champ:BerserkersShout","champ:EnGarde"],"picked":"champ:DefensiveShout+1","floor":30.0},{"not_picked":["champ:Duel","champ:Circumvent","champ:ArenaPreparation+1"],"picked":"SKIP","floor":31.0},{"not_picked":["champ:CrookedStrike+1","champ:Shatter","champ:ShieldSigil"],"picked":"SKIP","floor":32.0},{"not_picked":["champ:CheapShot","champ:Devastate"],"picked":"champ:CrownThrow","floor":33.0},{"not_picked":["champ:Encircle","champ:Backstep+1"],"picked":"champ:Aggression","floor":38.0},{"not_picked":["champ:DefensiveShout+1","champ:IronFortress"],"picked":"champ:Lariat+1","floor":40.0},{"not_picked":["champ:FlashCut","champ:DefensiveShout+1"],"picked":"champ:Circumvent+1","floor":42.0},{"not_picked":["champ:ShieldSigil+1","champ:DefensiveShout+1","champ:CrookedStrike"],"picked":"SKIP","floor":43.0},{"not_picked":["champ:BerserkerStyle","champ:BerserkersShout+1"],"picked":"champ:FocusedBerserking+1","floor":46},{"not_picked":["champ:Encircle","champ:LastStand","champ:PerfectedStrike+1"],"picked":"SKIP","floor":47},{"not_picked":["champ:AdrenalArmor+1","champ:PerfectedStrike+1"],"picked":"champ:DefensiveStyle+1","floor":48},{"not_picked":["champ:GladiatorsShout+1","champ:Balance+1","champ:SkillfulDodge+1"],"picked":"SKIP","floor":49},{"not_picked":["champ:ViciousMockery+1","champ:Circumvent+1"],"picked":"champ:Backstep+1","floor":52}],"player_experience":2339091,"relics_obtained":[{"floor":5.0,"key":"StrikeDummy"},{"floor":7.0,"key":"Whetstone"},{"floor":10.0,"key":"champ:FightingForDummies"},{"floor":20.0,"key":"Lizard Tail"},{"floor":20.0,"key":"Gambling Chip"},{"floor":22.0,"key":"Vajra"},{"floor":22.0,"key":"Meat on the Bone"},{"floor":23.0,"key":"champ:SpectersHand"},{"floor":23.0,"key":"Guardian:GemstoneGun"},{"floor":24.0,"key":"Shuriken"},{"floor":26.0,"key":"InkBottle"},{"floor":26.0,"key":"Bottled Lightning"},{"floor":36.0,"key":"Girya"},{"floor":40.0,"key":"champ:GladiatorsBookOfMartialProwess"},{"floor":40.0,"key":"Toxic Egg 2"},{"floor":42.0,"key":"sneckomod:BlankCard"},{"floor":42.0,"key":"Bottled Tornado"},{"floor":45.0,"key":"Dream Catcher"},{"floor":52,"key":"Kunai"},{"floor":52,"key":"War Paint"}],"event_choices":[{"cards_removed":["champ:Strike"],"damage_healed":0.0,"max_hp_gain":0.0,"max_hp_loss":0.0,"gold_gain":0.0,"event_name":"Purifier","player_choice":"Purged","floor":11.0,"gold_loss":0.0,"damage_taken":0.0},{"damage_healed":0.0,"max_hp_gain":0.0,"max_hp_loss":0.0,"gold_gain":0.0,"event_name":"Drug Dealer","player_choice":"Inject Mutagens","floor":25.0,"gold_loss":0.0,"damage_taken":0.0,"relics_obtained":["MutagenicStrength"]},{"damage_healed":0,"gold_gain":0,"player_choice":"Inject Mutagens","damage_taken":0,"relics_obtained":["Circlet"],"max_hp_gain":0,"max_hp_loss":0,"event_name":"Drug Dealer","floor":46,"gold_loss":0}],"is_beta":false,"boss_relics":[{"not_picked":["Calling Bell","Sozu"],"picked":"Black Star"},{"not_picked":["Snecko Eye","Astrolabe"],"picked":"Philosopher\u0027s Stone"}],"items_purged_floors":[3,29,53],"is_endless":false,"potions_floor_spawned":[2,10,14,20,23,30,33,36,42,43,48,52],"ascension_level":14}}