{"host":"1ivxh6f0wtekmpqo","time":1608381472,"event":{"mods":["AchievementEnabler","BaseMod","Colored Map","Minty Spire (QoL Compilation)","Rare Cards Sparkle","StSLib","SuperFastMode","everything is the same but u backflip on backflip"],"gold_per_floor":[113,127,52,72,72,112,112,128,152,196,196,216,391,102,102,222,222,236,257,257,30,53,53,53],"floor_reached":23,"playtime":1480,"items_purged":["Decay","Doubt"],"score":251,"play_id":"7171ec8f-0eeb-41ad-8d22-e5905fbfd74b","local_time":"20201219203752","is_ascension_mode":false,"campfire_choices":[{"floor":7,"key":"REST"},{"floor":11,"key":"REST"},{"floor":15,"key":"REST"}],"circlet_count":0,"master_deck":["Strike_P","Strike_P","Strike_P","Strike_P","Defend_P","Defend_P","Defend_P","Eruption","Vigilance","CutThroughFate","FollowUp","Crescendo","Alpha","DeceiveReality","Consecrate","Consecrate","BattleHymn","Devotion","JustLucky","Adaptation+1","Blind","BattleHymn","SandsOfTime+1"],"relics":["PureWater","WingedGreaves","Golden Idol","Bag of Marbles","Lantern","Centennial Puzzle","Regal Pillow","Empty Cage","Membership Card"],"acts_visited":["Exordium","TheCity"],"potions_floor_usage":[6,10,16,19],"damage_taken":[{"damage":3,"enemies":"Jaw Worm","floor":1,"turns":4},{"damage":2,"enemies":"Small Slimes","floor":2,"turns":3},{"damage":0,"enemies":"Cultist","floor":4,"turns":2},{"damage":54,"enemies":"3 Sentries","floor":6,"turns":9},{"damage":0,"enemies":"Exordium Thugs","floor":8,"turns":2},{"damage":12,"enemies":"Gremlin Nob","floor":10,"turns":3},{"damage":20,"enemies":"Exordium Wildlife","floor":12,"turns":4},{"damage":0,"enemies":"Slime Boss","floor":16,"turns":6},{"damage":0,"enemies":"Chosen","floor":18,"turns":4},{"damage":3,"enemies":"Shell Parasite","floor":19,"turns":4},{"damage":45,"enemies":"Snake Plant","floor":22,"turns":3},{"damage":24,"enemies":"Slavers","floor":23,"turns":2}],"seed_played":"8092569052572791971","potions_obtained":[{"floor":2,"key":"DistilledChaos"},{"floor":8,"key":"BlessingOfTheForge"},{"floor":10,"key":"SteroidPotion"},{"floor":18,"key":"AttackPotion"},{"floor":22,"key":"Strength Potion"}],"is_trial":false,"path_per_floor":["M","M","$","M","?","E","R","M","T","E","R","M","?","$","R","B",null,"M","M","?","$","M","E"],"character_chosen":"WATCHER","items_purchased":["Regal Pillow","BattleHymn","Membership Card","BattleHymn","Ambrosia"],"campfire_rested":3,"item_purchase_floors":[14,14,21,21,21],"current_hp_per_floor":[69,67,67,67,67,13,34,34,34,22,43,23,23,23,59,59,72,72,69,69,69,24,0,0],"gold":53,"neow_bonus":"ONE_RARE_RELIC","is_daily":false,"chose_seed":false,"campfire_upgraded":0,"win_rate":0.0,"timestamp":1608381472,"path_taken":["M","M","$","M","?","E","R","M","T","E","R","M","?","?","R","BOSS","M","M","?","?","M","E"],"items_purchased_type":["Relic","Card","Relic","Card","Potion"],"build_version":"2020-12-13","purchased_purges":2,"victory":false,"max_hp_per_floor":[72,72,72,72,72,72,72,72,72,72,72,72,72,72,72,72,72,72,72,72,72,72,72,72],"card_choices":[{"not_picked":["Prostrate","EmptyMind"],"picked":"CutThroughFate","floor":1},{"not_picked":["Nirvana","Worship"],"picked":"FollowUp","floor":2},{"not_picked":["FlyingSleeves","ThirdEye"],"picked":"Crescendo","floor":4},{"not_picked":["FlurryOfBlows","Weave"],"picked":"Alpha","floor":6},{"not_picked":["Crescendo","Meditate"],"picked":"DeceiveReality","floor":8},{"not_picked":["Worship","TalkToTheHand"],"picked":"Consecrate","floor":10},{"not_picked":["InnerPeace","SashWhip"],"picked":"Consecrate","floor":12},{"not_picked":["Vault","Brilliance"],"picked":"Devotion","floor":16},{"not_picked":["Evaluate","Collect"],"picked":"JustLucky","floor":18},{"not_picked":["Halt","SandsOfTime"],"picked":"Adaptation+1","floor":19},{"not_picked":["Pray+1","ClearTheMind+1"],"picked":"SandsOfTime+1","floor":22}],"player_experience":216238,"relics_obtained":[{"floor":6,"key":"Bag of Marbles"},{"floor":9,"key":"Lantern"},{"floor":10,"key":"Centennial Puzzle"}],"event_choices":[{"damage_healed":0,"gold_gain":0,"player_choice":"Take Wound","damage_taken":0,"relics_obtained":["Golden Idol"],"max_hp_gain":0,"max_hp_loss":0,"event_name":"Golden Idol","floor":5,"gold_loss":0,"cards_obtained":["Injury"]},{"damage_healed":0,"gold_gain":175,"player_choice":"AGREE","damage_taken":0,"max_hp_gain":0,"max_hp_loss":0,"event_name":"Liars Game","floor":13,"gold_loss":0,"cards_obtained":["Doubt"]},{"damage_healed":0,"gold_gain":0,"player_choice":"1 cards matched","damage_taken":0,"max_hp_gain":0,"max_hp_loss":0,"event_name":"Match and Keep!","floor":20,"gold_loss":0,"cards_obtained":["Blind"]}],"is_beta":false,"boss_relics":[{"not_picked":["Sozu","Fusion Hammer"],"picked":"Empty Cage"}],"items_purged_floors":[3,14],"is_endless":false,"potions_floor_spawned":[2,8,10,18,22],"killed_by":"Slavers","ascension_level":0}}