{"host":"yo9wwslrag05lh37","time":1608402188,"event":{"mods":["AchievementEnabler","BaseMod","Block Reminder","Colored Map","Colored Powertips","GifTheSpireLib","HexUI Lib","Highlight Path","Minty Spire (QoL Compilation)","Rare Cards Sparkle","Relic Stats","StSLib","everything is the same but u backflip on backflip"],"gold_per_floor":[112,112,122,122,137,137,162,162,162,162,183,214,214,243,243,314,314,328,378,390,405,164,164,194,194,194,194,206,239,274,300,300,377,377,392,392,614,205,217,246,246,246,246,246,265,296,13,41,41,41,41,41,41,3,28,28],"floor_reached":57,"playtime":3029,"items_purged":["Strike_R","Strike_R","Strike_R"],"score":2795,"play_id":"c0bbc8a1-9d6c-45ec-b8c2-059c905fae37","local_time":"20201219192308","is_ascension_mode":true,"campfire_choices":[{"data":"Blood for Blood","floor":6.0,"key":"SMITH"},{"data":"Feed","floor":8.0,"key":"SMITH"},{"data":"Disarm","floor":10.0,"key":"SMITH"},{"data":"Battle Trance","floor":15.0,"key":"SMITH"},{"data":"Uppercut","floor":23.0,"key":"SMITH"},{"data":"Spot Weakness","floor":25.0,"key":"SMITH"},{"data":"Double Tap","floor":27.0,"key":"SMITH"},{"data":"Dual Wield","floor":32.0,"key":"SMITH"},{"data":"Feel No Pain","floor":42.0,"key":"SMITH"},{"floor":44.0,"key":"RECALL"},{"data":"Inflame","floor":49.0,"key":"SMITH"},{"data":"Flame Barrier","floor":53.0,"key":"SMITH"}],"circlet_count":0,"master_deck":["AscendersBane","Strike_R","Defend_R","Defend_R","Defend_R","Defend_R","Bash+1","Blood for Blood+1","Disarm+1","Feed+1","Ghostly Armor+1","Double Tap+1","Battle Trance+1","Reaper","Thunderclap+1","Corruption","Uppercut+1","Spot Weakness+1","Dual Wield+1","Rage+1","Dropkick","Cleave+1","Feel No Pain+1","Barricade","Inflame+1","True Grit+1","Dual Wield+1","Purity","Purity","Flame Barrier+1","Inflame"],"relics":["Burning Blood","Strawberry","StrikeDummy","Red Skull","Sundial","Odd Mushroom","Du-Vu Doll","Toy Ornithopter","Sozu","Blue Candle","Self Forming Clay","Red Mask","Blood Vial","Snecko Eye","Membership Card","InkBottle","MealTicket","Anchor","Vajra","TheAbacus","Gremlin Horn","Centennial Puzzle","Pear"],"acts_visited":["Exordium","TheCity","TheBeyond","TheEnding"],"potions_floor_usage":[],"damage_taken":[{"damage":9.0,"enemies":"Jaw Worm","floor":1.0,"turns":4.0},{"damage":13.0,"enemies":"Small Slimes","floor":3.0,"turns":3.0},{"damage":0.0,"enemies":"2 Louse","floor":5.0,"turns":3.0},{"damage":8.0,"enemies":"Gremlin Nob","floor":7.0,"turns":3.0},{"damage":15.0,"enemies":"The Mushroom Lair","floor":11.0,"turns":4.0},{"damage":22.0,"enemies":"Lagavulin","floor":12.0,"turns":8.0},{"damage":30.0,"enemies":"3 Sentries","floor":14.0,"turns":8.0},{"damage":4.0,"enemies":"Slime Boss","floor":16.0,"turns":7.0},{"damage":0.0,"enemies":"Spheric Guardian","floor":18.0,"turns":3.0},{"damage":21.0,"enemies":"2 Thieves","floor":20.0,"turns":3.0},{"damage":12.0,"enemies":"Snake Plant","floor":21.0,"turns":4.0},{"damage":31.0,"enemies":"Book of Stabbing","floor":24.0,"turns":6.0},{"damage":20.0,"enemies":"Chosen and Byrds","floor":28.0,"turns":5.0},{"damage":74.0,"enemies":"Gremlin Leader","floor":29.0,"turns":7.0},{"damage":28.0,"enemies":"Masked Bandits","floor":30.0,"turns":4.0},{"damage":20.0,"enemies":"Slavers","floor":31.0,"turns":5.0},{"damage":77.0,"enemies":"Collector","floor":33.0,"turns":13.0},{"damage":29.0,"enemies":"3 Darklings","floor":35.0,"turns":6.0},{"damage":0.0,"enemies":"3 Shapes","floor":39.0,"turns":7.0},{"damage":4.0,"enemies":"Giant Head","floor":40.0,"turns":6.0},{"damage":80.0,"enemies":"Transient","floor":45.0,"turns":6.0},{"damage":40.0,"enemies":"Reptomancer","floor":46.0,"turns":4.0},{"damage":1.0,"enemies":"Giant Head","floor":48.0,"turns":6.0},{"damage":11.0,"enemies":"Time Eater","floor":50.0,"turns":11.0},{"damage":5.0,"enemies":"Donu and Deca","floor":51.0,"turns":7.0},{"damage":60.0,"enemies":"Shield and Spear","floor":55.0,"turns":7.0},{"damage":115,"enemies":"The Heart","floor":56,"turns":11}],"seed_played":"-7648305511273499692","potions_obtained":[{"floor":3.0,"key":"DuplicationPotion"},{"floor":5.0,"key":"Strength Potion"},{"floor":11.0,"key":"ColorlessPotion"},{"floor":14.0,"key":"SpeedPotion"},{"floor":16.0,"key":"AttackPotion"}],"is_trial":false,"path_per_floor":["M","?","M","T","M","R","E","R","T","R","?","E","?","E","R","B",null,"M","?","M","M","$","R","E","R","T","R","M","E","?","E","R","B",null,"M","?","?","$","M","E","?","R","T","R","M","E","$","E","R","B","B",null,"R","$","E","B",null],"character_chosen":"IRONCLAD","items_purchased":["Uppercut","Spot Weakness","Membership Card","InkBottle","Inflame","TheAbacus","Gremlin Horn","Inflame"],"campfire_rested":0,"item_purchase_floors":[22,22,38,38,38,47,47,54],"current_hp_per_floor":[65,61,54,54,60,60,58,58,58,58,53,41,41,21,21,27,80,91,91,92,90,90,90,76,76,76,76,81,66,52,54,54,9,97,111,111,111,111,131,146,136,136,136,136,74,57,72,146,146,146,150,150,150,150,128,52],"gold":28,"neow_bonus":"UPGRADE_CARD","is_daily":false,"chose_seed":false,"campfire_upgraded":11,"win_rate":0.0,"timestamp":1608402188,"path_taken":["M","?","M","?","M","R","E","R","T","R","?","E","?","E","R","BOSS","M","?","M","M","$","R","E","R","T","R","M","E","?","E","R","BOSS","M","?","?","?","?","E","?","R","T","R","M","E","$","E","R","BOSS","BOSS","R","$","E","BOSS"],"items_purchased_type":["Card","Card","Relic","Relic","Card","Relic","Relic","Card"],"build_version":"2020-12-13","purchased_purges":3,"victory":true,"max_hp_per_floor":[75,82,82,82,82,82,82,82,82,82,86,90,90,94,94,98,98,98,98,102,106,106,106,110,110,110,110,114,114,122,126,126,126,126,130,130,130,130,142,146,146,146,146,146,146,146,146,146,146,146,150,150,150,150,160,160],"relic_stats":{"Gremlin Horn":[2,2],"counters":[27,161],"Self Forming Clay":[165],"Blue Candle":[1],"Burning Blood":138,"Sozu":7,"Blood Vial":16,"Centennial Puzzle":[11],"TheAbacus":[252],"Sundial":[46],"Snecko Eye":[149,153,146,146],"MealTicket":15,"obtain_stats":[{"Pear":55,"Gremlin Horn":47,"Self Forming Clay":29,"Blue Candle":24,"Vajra":46,"Odd Mushroom":11,"Burning Blood":0,"Du-Vu Doll":12,"Sozu":17,"Blood Vial":31,"Anchor":43,"Centennial Puzzle":48,"TheAbacus":47,"Sundial":9,"Strawberry":2,"Snecko Eye":34,"MealTicket":40,"Red Mask":30,"Membership Card":38,"StrikeDummy":4,"Red Skull":7,"Toy Ornithopter":14,"InkBottle":38},{"Pear":26,"Gremlin Horn":22,"Self Forming Clay":14,"Blue Candle":12,"Vajra":22,"Odd Mushroom":5,"Burning Blood":0,"Du-Vu Doll":6,"Sozu":8,"Blood Vial":16,"Anchor":20,"Centennial Puzzle":23,"TheAbacus":22,"Sundial":4,"Strawberry":1,"Snecko Eye":17,"MealTicket":20,"Red Mask":15,"Membership Card":18,"StrikeDummy":2,"Red Skull":4,"Toy Ornithopter":7,"InkBottle":18},{"Pear":150,"Gremlin Horn":119,"Self Forming Clay":68,"Blue Candle":56,"Vajra":119,"Odd Mushroom":17,"Burning Blood":0,"Du-Vu Doll":25,"Sozu":40,"Blood Vial":77,"Anchor":109,"Centennial Puzzle":125,"TheAbacus":119,"Sundial":13,"Strawberry":4,"Snecko Eye":90,"MealTicket":109,"Red Mask":72,"Membership Card":96,"StrikeDummy":7,"Red Skull":13,"Toy Ornithopter":33,"InkBottle":96}],"Toy Ornithopter":10,"InkBottle":[26]},"card_choices":[{"not_picked":["Pommel Strike","Clash"],"picked":"Blood for Blood","floor":1.0},{"not_picked":["Cleave","Seeing Red"],"picked":"Disarm","floor":3.0},{"not_picked":["Clash","Rampage","Flex"],"picked":"SKIP","floor":5.0},{"not_picked":["True Grit","Disarm"],"picked":"Feed","floor":7.0},{"not_picked":["Flex","Infernal Blade"],"picked":"Ghostly Armor","floor":11.0},{"not_picked":["Pummel","Warcry"],"picked":"Double Tap","floor":12.0},{"not_picked":["Pommel Strike","Havoc"],"picked":"Battle Trance","floor":14.0},{"not_picked":["Offering","Demon Form"],"picked":"Reaper","floor":16.0},{"not_picked":["Havoc","Thunderclap","Clash+1"],"picked":"SKIP","floor":18.0},{"not_picked":["Clash","Headbutt"],"picked":"Thunderclap+1","floor":20.0},{"not_picked":["Thunderclap","True Grit"],"picked":"Corruption","floor":21.0},{"not_picked":["Evolve","Shockwave"],"picked":"Dual Wield","floor":24.0},{"not_picked":["Havoc","Shrug It Off"],"picked":"Rage+1","floor":28.0},{"not_picked":["True Grit","Armaments"],"picked":"Dropkick","floor":29.0},{"not_picked":["Pommel Strike","Warcry"],"picked":"Cleave+1","floor":30.0},{"not_picked":["Demon Form","Metallicize"],"picked":"Feel No Pain","floor":31.0},{"not_picked":["Bludgeon","Juggernaut"],"picked":"Barricade","floor":33.0},{"not_picked":["Perfected Strike","Cleave","Iron Wave"],"picked":"SKIP","floor":35.0},{"not_picked":["Power Through","Clash+1"],"picked":"True Grit+1","floor":39.0},{"not_picked":["Power Through","Thunderclap"],"picked":"Dual Wield+1","floor":40.0},{"not_picked":["Blind","Metamorphosis"],"picked":"Purity","floor":41.0},{"not_picked":["Secret Weapon","Enlightenment"],"picked":"Purity","floor":41.0},{"not_picked":["Second Wind+1","True Grit"],"picked":"Flame Barrier","floor":45.0},{"not_picked":["Headbutt+1","Wild Strike","Cleave"],"picked":"SKIP","floor":46.0},{"not_picked":["Armaments+1","Twin Strike","Hemokinesis+1"],"picked":"SKIP","floor":48.0},{"not_picked":["Clash","Twin Strike","Heavy Blade"],"picked":"SKIP","floor":55.0}],"player_experience":1341736,"relics_obtained":[{"floor":4.0,"key":"StrikeDummy"},{"floor":7.0,"key":"Red Skull"},{"floor":9.0,"key":"Sundial"},{"floor":11.0,"key":"Odd Mushroom"},{"floor":12.0,"key":"Du-Vu Doll"},{"floor":14.0,"key":"Toy Ornithopter"},{"floor":24.0,"key":"Blue Candle"},{"floor":29.0,"key":"Self Forming Clay"},{"floor":30.0,"key":"Red Mask"},{"floor":31.0,"key":"Blood Vial"},{"floor":40.0,"key":"MealTicket"},{"floor":43.0,"key":"Anchor"},{"floor":46.0,"key":"Vajra"},{"floor":48.0,"key":"Centennial Puzzle"},{"floor":55.0,"key":"Pear"}],"event_choices":[{"damage_healed":0.0,"max_hp_gain":0.0,"max_hp_loss":0.0,"gold_gain":0.0,"event_name":"Scrap Ooze","player_choice":"Success","floor":2.0,"gold_loss":0.0,"damage_taken":11.0,"relics_obtained":["Strawberry"]},{"damage_healed":0.0,"max_hp_gain":0.0,"max_hp_loss":0.0,"gold_gain":0.0,"event_name":"Mushrooms","player_choice":"Fought Mushrooms","floor":11.0,"gold_loss":0.0,"damage_taken":0.0},{"damage_healed":0.0,"max_hp_gain":0.0,"max_hp_loss":0.0,"gold_gain":0.0,"event_name":"Living Wall","player_choice":"Grow","floor":13.0,"gold_loss":0.0,"damage_taken":0.0,"cards_upgraded":["Ghostly Armor"]},{"damage_healed":0.0,"max_hp_gain":0.0,"max_hp_loss":0.0,"gold_gain":50.0,"event_name":"Nest","player_choice":"Stole From Cult","floor":19.0,"gold_loss":0.0,"damage_taken":0.0},{"damage_healed":0.0,"max_hp_gain":0.0,"max_hp_loss":0.0,"gold_gain":0.0,"event_name":"Masked Bandits","player_choice":"Fought Bandits","floor":30.0,"gold_loss":0.0,"damage_taken":0.0},{"cards_removed":["Strike_R"],"damage_healed":0.0,"max_hp_gain":0.0,"max_hp_loss":0.0,"gold_gain":0.0,"event_name":"Falling","player_choice":"Removed Attack","floor":36.0,"gold_loss":0.0,"damage_taken":0.0},{"damage_healed":0.0,"max_hp_gain":0.0,"max_hp_loss":0.0,"gold_gain":222.0,"event_name":"Tomb of Lord Red Mask","player_choice":"Wore Mask","floor":37.0,"gold_loss":0.0,"damage_taken":0.0},{"damage_healed":0.0,"max_hp_gain":0.0,"max_hp_loss":0.0,"gold_gain":0.0,"event_name":"SensoryStone","player_choice":"Memory 3","floor":41.0,"gold_loss":0.0,"damage_taken":10.0}],"is_beta":false,"boss_relics":[{"not_picked":["SacredBark","Astrolabe"],"picked":"Sozu"},{"not_picked":["Runic Pyramid","Coffee Dripper"],"picked":"Snecko Eye"}],"items_purged_floors":[22,38,47],"is_endless":false,"potions_floor_spawned":[3,5,11,14,16,20,24,29,33,39,45,48],"ascension_level":20}}