{"host":"2461dio7vetlq1z3","time":1608421572,"event":{"mods":["2.2 Compatiblity","AchievementEnabler","BaseMod","Better Third Choice","Hermit","Marisa????????","Minty Spire (QoL Compilation)","Relic Stats","Spicy Shops","StSLib","Waifu the Spire"],"gold_per_floor":[150,150,39,99,99,192,192,192,192,240,240,345,9,87,87,315,315,357,34,85,85,85,181,181,265,265,343,323,359,404,455,455,683,683,737,779,101,158,203,287,287,347,347,449,503,599,650,659,659,659],"floor_reached":51,"playtime":1779,"items_purged":["Strike_R","Strike_R","Defend_R"],"score":1551,"play_id":"38a91528-5408-49b3-8510-f61ec4cd105e","local_time":"20201220004612","daily_mods":["Specialized","Colorless Cards","Midas"],"is_ascension_mode":true,"campfire_choices":[{"floor":7,"key":"REST"},{"floor":11,"key":"REST"},{"data":"1","floor":15,"key":"LIFT"},{"data":"2","floor":24,"key":"LIFT"},{"data":"3","floor":32,"key":"LIFT"},{"floor":41,"key":"REST"},{"floor":49,"key":"REST"}],"circlet_count":0,"master_deck":["AscendersBane","Defend_R","Defend_R","Bash","Pummel","Pummel","Pummel","Pummel","Pummel","Good Instincts","Anger+1","Wild Strike","After Image+1","Cleave+1","Battle Trance","Metallicize","Shrug It Off","Reaper","Power Through+1","Headbutt+1","Sword Boomerang+1","Evolve","Heavy Blade","Necronomicurse","Whirlwind","Limit Break","Pommel Strike","Heavy Blade+1","Mayhem","Dark Embrace","Trip","Corruption","Armaments"],"relics":["Black Blood","Orichalcum","Gambling Chip","StrikeDummy","Turnip","Toy Ornithopter","Girya","Strawberry","Astrolabe","Brimstone","Necronomicon","MutagenicStrength","Whetstone","CeramicFish","Anchor","Vajra","TungstenRod","Sundial","Du-Vu Doll","Ancient Tea Set"],"acts_visited":["Exordium","TheCity","TheBeyond"],"potions_floor_usage":[14,25,27,27,30,39,46,50],"damage_taken":[{"damage":6,"enemies":"2 Louse","floor":1,"turns":3},{"damage":7,"enemies":"Jaw Worm","floor":4,"turns":3},{"damage":12,"enemies":"Gremlin Nob","floor":6,"turns":4},{"damage":0,"enemies":"Cultist","floor":10,"turns":2},{"damage":33,"enemies":"Lagavulin","floor":12,"turns":5},{"damage":2,"enemies":"Gremlin Nob","floor":14,"turns":3},{"damage":7,"enemies":"Slime Boss","floor":16,"turns":9},{"damage":0,"enemies":"Spheric Guardian","floor":18,"turns":3},{"damage":9,"enemies":"Chosen","floor":20,"turns":4},{"damage":15,"enemies":"Book of Stabbing","floor":23,"turns":3},{"damage":24,"enemies":"Slavers","floor":25,"turns":3},{"damage":34,"enemies":"Gremlin Leader","floor":27,"turns":4},{"damage":0,"enemies":"Centurion and Healer","floor":29,"turns":1},{"damage":0,"enemies":"Shelled Parasite and Fungi","floor":30,"turns":2},{"damage":0,"enemies":"3 Cultists","floor":31,"turns":2},{"damage":17,"enemies":"Champ","floor":33,"turns":4},{"damage":0,"enemies":"Orb Walker","floor":35,"turns":1},{"damage":4,"enemies":"3 Shapes","floor":36,"turns":1},{"damage":10,"enemies":"Transient","floor":38,"turns":5},{"damage":0,"enemies":"Writhing Mass","floor":39,"turns":1},{"damage":21,"enemies":"Nemesis","floor":40,"turns":3},{"damage":0,"enemies":"3 Darklings","floor":42,"turns":1},{"damage":45,"enemies":"Reptomancer","floor":44,"turns":5},{"damage":42,"enemies":"Transient","floor":45,"turns":5},{"damage":0,"enemies":"Giant Head","floor":46,"turns":4},{"damage":4,"enemies":"4 Shapes","floor":47,"turns":2},{"damage":36,"enemies":"Awakened One","floor":50,"turns":5}],"seed_played":"8746255845825833085","potions_obtained":[{"floor":4,"key":"BlessingOfTheForge"},{"floor":10,"key":"ElixirPotion"},{"floor":18,"key":"EntropicBrew"},{"floor":20,"key":"Dexterity Potion"},{"floor":28,"key":"HeartOfIron"},{"floor":30,"key":"FearPotion"},{"floor":40,"key":"Fruit Juice"},{"floor":46,"key":"Block Potion"}],"is_trial":true,"path_per_floor":["M","?","$","M","?","E","R","T","T","M","R","E","$","E","R","B",null,"M","$","M","?","?","E","R","E","T","E","?","M","M","M","R","B",null,"M","M","$","M","M","E","R","M","T","E","M","E","M","?","R","B",null],"character_chosen":"IRONCLAD","items_purchased":["Anger","Girya","Metallicize","Brimstone","Evolve","Mayhem","Dark Embrace"],"campfire_rested":4,"item_purchase_floors":[3,13,13,19,19,37,37],"current_hp_per_floor":[68,73,73,72,60,54,78,78,78,80,80,53,53,69,69,68,82,87,87,87,66,66,57,57,44,44,59,59,65,87,87,87,76,84,87,87,87,87,87,78,87,87,87,87,87,92,92,92,92,92],"gold":659,"neow_bonus":"","is_daily":false,"chose_seed":false,"campfire_upgraded":0,"win_rate":0.0,"timestamp":1608421572,"path_taken":["M","?","?","M","?","E","R","?","T","M","R","E","$","E","R","BOSS","M","$","M","?","?","E","R","E","T","E","?","M","M","M","R","BOSS","M","M","$","M","M","E","R","?","T","E","M","E","M","?","R","BOSS"],"items_purchased_type":["Card","Relic","Card","Relic","Card","Card","Card"],"build_version":"2020-12-13","purchased_purges":3,"victory":true,"max_hp_per_floor":[75,80,80,80,80,80,80,80,80,80,80,80,80,87,87,87,87,87,87,87,87,87,87,87,87,87,87,87,87,87,87,87,87,87,87,87,87,87,87,87,87,87,87,87,87,92,92,92,92,92],"relic_stats":{"counters":[27,88],"Astrolabe":["Power Through","Headbutt","Sword Boomerang"],"CeramicFish":72,"Black Blood":112,"Whetstone":["Cleave","Anger"],"Orichalcum":[54],"Sundial":[0],"Gambling Chip":[55],"Turnip":[11],"Necronomicon":[31],"obtain_stats":[{"Girya":13,"Astrolabe":17,"CeramicFish":25,"Vajra":27,"Black Blood":34,"Whetstone":23,"Orichalcum":5,"Ancient Tea Set":46,"Burning Blood":0,"Du-Vu Doll":44,"Anchor":26,"Brimstone":19,"Sundial":43,"Gambling Chip":6,"Strawberry":14,"MutagenicStrength":22,"Turnip":9,"Necronomicon":21,"StrikeDummy":8,"Toy Ornithopter":12,"TungstenRod":40},{"Girya":5,"Astrolabe":7,"CeramicFish":11,"Vajra":12,"Black Blood":16,"Whetstone":10,"Orichalcum":2,"Ancient Tea Set":25,"Burning Blood":0,"Du-Vu Doll":23,"Anchor":11,"Brimstone":8,"Sundial":22,"Gambling Chip":3,"Strawberry":6,"MutagenicStrength":9,"Turnip":3,"Necronomicon":9,"StrikeDummy":3,"Toy Ornithopter":5,"TungstenRod":21},{"Girya":17,"Astrolabe":29,"CeramicFish":42,"Vajra":46,"Black Blood":55,"Whetstone":39,"Orichalcum":6,"Ancient Tea Set":81,"Burning Blood":0,"Du-Vu Doll":72,"Anchor":42,"Brimstone":32,"Sundial":67,"Gambling Chip":10,"Strawberry":20,"MutagenicStrength":36,"Turnip":10,"Necronomicon":36,"StrikeDummy":10,"Toy Ornithopter":17,"TungstenRod":66}],"Toy Ornithopter":10,"TungstenRod":12},"card_choices":[{"not_picked":["Flex","True Grit"],"picked":"Good Instincts","floor":1},{"not_picked":["Intimidate","Havoc"],"picked":"Wild Strike","floor":4},{"not_picked":["Heavy Blade","Mind Blast"],"picked":"Cleave","floor":6},{"not_picked":["Good Instincts","Entrench"],"picked":"Battle Trance","floor":10},{"not_picked":["Pummel","Thunderclap","Intimidate"],"picked":"SKIP","floor":12},{"not_picked":["Bludgeon","Headbutt"],"picked":"Shrug It Off","floor":14},{"not_picked":["Feed","Impervious"],"picked":"Reaper","floor":16},{"not_picked":["Warcry","Power Through","Carnage"],"picked":"SKIP","floor":18},{"not_picked":["Cleave","Havoc"],"picked":"Heavy Blade","floor":20},{"not_picked":["Havoc+1","Perfected Strike"],"picked":"Whirlwind","floor":23},{"not_picked":["Fire Breathing","Thunderclap","True Grit"],"picked":"SKIP","floor":25},{"not_picked":["Cleave","Seeing Red","Perfected Strike"],"picked":"SKIP","floor":27},{"not_picked":["Barricade","Clash","Rage"],"picked":"SKIP","floor":29},{"not_picked":["Evolve","Havoc","Blind"],"picked":"SKIP","floor":30},{"not_picked":["Blind","Flex"],"picked":"Limit Break","floor":31},{"not_picked":["Iron Wave","Anger+1"],"picked":"Pommel Strike","floor":35},{"not_picked":["Flex+1","Pummel"],"picked":"Heavy Blade+1","floor":36},{"not_picked":["Pommel Strike","Clash+1","Inflame"],"picked":"SKIP","floor":38},{"not_picked":["Uppercut","Power Through"],"picked":"Trip","floor":39},{"not_picked":["Twin Strike","Bloodletting","True Grit"],"picked":"SKIP","floor":40},{"not_picked":["Finesse","Twin Strike"],"picked":"Corruption","floor":42},{"not_picked":["Dark Embrace","Metallicize","Good Instincts"],"picked":"SKIP","floor":44},{"not_picked":["Disarm","Heavy Blade","Body Slam"],"picked":"SKIP","floor":45},{"not_picked":["Iron Wave","Cleave","Thunderclap"],"picked":"SKIP","floor":46},{"not_picked":["Twin Strike","Purity","Armaments"],"picked":"SKIP","floor":47}],"player_experience":863179,"relics_obtained":[{"floor":6,"key":"Gambling Chip"},{"floor":8,"key":"StrikeDummy"},{"floor":9,"key":"Turnip"},{"floor":12,"key":"Toy Ornithopter"},{"floor":14,"key":"Strawberry"},{"floor":21,"key":"Necronomicon"},{"floor":23,"key":"Whetstone"},{"floor":25,"key":"CeramicFish"},{"floor":26,"key":"Anchor"},{"floor":27,"key":"Vajra"},{"floor":40,"key":"TungstenRod"},{"floor":43,"key":"Sundial"},{"floor":44,"key":"Du-Vu Doll"},{"floor":46,"key":"Ancient Tea Set"}],"event_choices":[{"damage_healed":0,"gold_gain":0,"player_choice":"Donut","damage_taken":0,"max_hp_gain":5,"max_hp_loss":0,"event_name":"Big Fish","floor":2,"gold_loss":0},{"damage_healed":0,"gold_gain":0,"player_choice":"Obtained Book","damage_taken":21,"max_hp_gain":0,"max_hp_loss":0,"event_name":"Cursed Tome","floor":21,"gold_loss":0},{"damage_healed":0,"gold_gain":0,"player_choice":"Inject Mutagens","damage_taken":0,"relics_obtained":["MutagenicStrength"],"max_hp_gain":0,"max_hp_loss":0,"event_name":"Drug Dealer","floor":22,"gold_loss":0},{"damage_healed":0,"gold_gain":0,"player_choice":"Bought 1 Potion","damage_taken":0,"max_hp_gain":0,"max_hp_loss":0,"event_name":"The Woman in Blue","floor":28,"gold_loss":0},{"damage_healed":0,"gold_gain":0,"cards_transformed":["Defend_R"],"player_choice":"Transformed","damage_taken":0,"max_hp_gain":0,"max_hp_loss":0,"event_name":"Transmorgrifier","floor":48,"gold_loss":0,"cards_obtained":["Armaments"]}],"is_beta":false,"boss_relics":[{"not_picked":["Snecko Eye","Ectoplasm"],"picked":"Astrolabe"},{"not_picked":["SlaversCollar","Empty Cage"],"picked":"Black Blood"}],"items_purged_floors":[3,19,37],"is_endless":false,"potions_floor_spawned":[4,10,12,18,20,30,31,35,36,40,45,46,47],"ascension_level":15}}