{"host":"4amcrcg6ktw8dbzk","time":1608356934,"event":{"mods":["ATMod(°¢èªMod)","BaseMod","Dota2Spire","Minty Spire (QoL Compilation)","MostiFishMod","Spicy Shops","StSLib","Waifu the Spire"],"gold_per_floor":[219,44,44,44,54,79,79,110,162,204,217,217,260,34,34,143,143,154,171,236,30,42,42,42],"floor_reached":23,"playtime":1122,"items_purged":["Defend_G","Strike_G"],"score":483,"play_id":"fb07508c-4b3f-4395-86ed-6be690b9e7d6","local_time":"20201219134854","is_ascension_mode":true,"campfire_choices":[{"floor":7.0,"key":"REST"},{"data":"Deadly Poison","floor":12,"key":"SMITH"},{"floor":15,"key":"REST"}],"circlet_count":0,"master_deck":["AscendersBane","Strike_G","Strike_G","Strike_G","Defend_G+1","Defend_G","Defend_G","Defend_G+1","Survivor+1","Neutralize","AT_ShrugMaster","AT_WindFlip","Tactician","Deadly Poison+1","Noxious Fumes+1","MostiFishMod:InvigoratingSolution","Adrenaline","PiercingWail","Bouncing Flask","AT_ShadowStep","MostiFishMod:Opportunism","AT_EmpoweredMortalDraw","Backflip","Reflex+1","MostiFishMod:Neurotoxin","Acrobatics+1"],"relics":["Ring of the Snake","DaveBox","AT_ATBox","RhineSuit","Question Card","War Paint","Dota2Spire:MaskOfMadness","Dota2Spire:HandOfMidas","Snake Skull","ImportantClient","AT_MortalBlade","Red Mask","AT_BellDemon","Akabeko"],"acts_visited":["Exordium","TheCity"],"potions_floor_usage":[20],"damage_taken":[{"damage":0.0,"enemies":"2 Louse","floor":1.0,"turns":2.0},{"damage":0.0,"enemies":"Small Slimes","floor":5.0,"turns":3.0},{"damage":18.0,"enemies":"Gremlin Nob","floor":6.0,"turns":3.0},{"damage":0,"enemies":"Lagavulin","floor":8,"turns":6},{"damage":6,"enemies":"Jaw Worm","floor":10,"turns":2},{"damage":0,"enemies":"Red Slaver","floor":11,"turns":3},{"damage":0,"enemies":"3 Louse","floor":13,"turns":2},{"damage":0,"enemies":"The Guardian","floor":16,"turns":5},{"damage":22,"enemies":"2 Thieves","floor":18,"turns":2},{"damage":0,"enemies":"Shell Parasite","floor":19,"turns":2},{"damage":0,"enemies":"Masked Bandits","floor":20,"turns":1},{"damage":7,"enemies":"Chosen and Byrds","floor":22,"turns":3},{"damage":36,"enemies":"Gremlin Leader","floor":23,"turns":3}],"seed_played":"-6166495235827577542","potions_obtained":[{"floor":1.0,"key":"BlessingOfTheForge"},{"floor":5.0,"key":"Explosive Potion"},{"floor":13,"key":"DuplicationPotion"},{"floor":20,"key":"Dota2Spire:HealingSalve"}],"is_trial":false,"path_per_floor":["M","$","?","?","M","E","R","E","T","M","M","R","M","$","R","B",null,"M","M","?","$","M","E"],"character_chosen":"THE_SILENT","items_purchased":["Tactician","Deadly Poison","Noxious Fumes","Snake Skull","AT_BellDemon"],"campfire_rested":2,"item_purchase_floors":[2,2,2,14,21],"current_hp_per_floor":[59,59,39,32,32,14,33,33,33,27,27,27,27,27,46,46,61,39,39,39,39,32,0,0],"gold":42,"neow_bonus":"HUNDRED_GOLD","is_daily":false,"chose_seed":false,"campfire_upgraded":1,"win_rate":0.0,"timestamp":1608356934,"path_taken":["M","$","?","?","M","E","R","E","T","M","M","R","M","?","R","BOSS","M","M","?","$","M","E"],"items_purchased_type":["Card","Card","Card","Relic","Relic"],"build_version":"2020-12-13","purchased_purges":2,"victory":false,"max_hp_per_floor":[66,66,66,66,66,66,66,66,66,66,66,66,66,66,66,66,66,66,66,66,66,66,66,66],"card_choices":[{"not_picked":["AT_FocusSwordFire","MostiFishMod:PoisonShield"],"picked":"AT_WindFlip","floor":1.0},{"not_picked":["Prepared","Deadly Poison","Cloak And Dagger"],"picked":"MostiFishMod:InvigoratingSolution","floor":5.0},{"not_picked":["Leg Sweep","Poisoned Stab","Masterful Stab"],"picked":"Adrenaline","floor":6.0},{"not_picked":["Deflect","Bane","Distraction"],"picked":"PiercingWail","floor":8},{"not_picked":["Escape Plan","Quick Slash","Distraction"],"picked":"Bouncing Flask","floor":10},{"not_picked":["Slice","Dagger Throw","Flying Knee","MostiFishMod:PreservedThorns"],"picked":"SKIP","floor":11},{"not_picked":["Slice","Dagger Throw","Flying Knee","MostiFishMod:PreservedThorns"],"picked":"SKIP","floor":11},{"not_picked":["Slice","MostiFishMod:ThornCasing","Finisher"],"picked":"AT_ShadowStep","floor":13},{"not_picked":["Tools of the Trade","AT_MyraUnstableElement","Unload"],"picked":"MostiFishMod:Opportunism","floor":16},{"not_picked":["AT_FocusSwordFire","Deflect","Dagger Throw+1"],"picked":"Backflip","floor":18},{"not_picked":["Blade Dance","Terror","Outmaneuver"],"picked":"Reflex+1","floor":19},{"not_picked":["Dagger Spray","Cloak And Dagger","Backflip"],"picked":"MostiFishMod:Neurotoxin","floor":20},{"not_picked":["PiercingWail","Underhanded Strike","Deflect"],"picked":"Acrobatics+1","floor":22}],"player_experience":274180,"relics_obtained":[{"floor":1.0,"key":"Question Card"},{"floor":6.0,"key":"War Paint"},{"floor":8,"key":"Dota2Spire:MaskOfMadness"},{"floor":9,"key":"Dota2Spire:HandOfMidas"},{"floor":16,"key":"ImportantClient"},{"floor":20,"key":"Red Mask"},{"floor":22,"key":"Akabeko"}],"event_choices":[{"damage_healed":0.0,"max_hp_gain":0.0,"max_hp_loss":0.0,"gold_gain":0.0,"event_name":"Shining Light","player_choice":"Entered Light","floor":3.0,"gold_loss":0.0,"damage_taken":20.0,"cards_upgraded":["Survivor","Noxious Fumes"]},{"cards_removed":["Strike_G"],"damage_healed":0.0,"max_hp_gain":0.0,"max_hp_loss":0.0,"gold_gain":0.0,"event_name":"Golden Wing","player_choice":"Card Removal","floor":4.0,"gold_loss":0.0,"damage_taken":7.0},{"damage_healed":0,"gold_gain":0,"player_choice":"Fought Bandits","damage_taken":0,"max_hp_gain":0,"max_hp_loss":0,"event_name":"Masked Bandits","floor":20,"gold_loss":0}],"is_beta":false,"boss_relics":[{"not_picked":["Velvet Choker","BloodWine"],"picked":"AT_MortalBlade"}],"items_purged_floors":[14,21],"is_endless":false,"potions_floor_spawned":[1,5,13,20],"killed_by":"Gremlin Leader","ascension_level":15}}