{"host":"61r95uy0hn86b9iu","time":1608365172,"event":{"mods":["AchievementEnabler","BaseMod","Better Vampires","BetterRewards","Colored Powertips","Hubris","Minty Spire (QoL Compilation)","Shop Mod","StSLib"],"gold_per_floor":[112,122,139,139,289,289,23,53,80,94,105,105,105,121,121,200,200,216,227,227,227,21,21,35,35,60,87,87,97,47,73,73,145,145,155,155,174,222,222,222,257,257,257,257,43,43,43,43],"floor_reached":51,"playtime":6455,"items_purged":["Doubt","Strike_G","Strike_G"],"score":1258,"play_id":"a1873a54-830c-4fe4-b8e0-2d052c12bd7a","local_time":"20201219020612","is_ascension_mode":true,"campfire_choices":[{"data":"Deadly Poison","floor":6.0,"key":"SMITH"},{"floor":12.0,"key":"REST"},{"floor":15.0,"key":"REST"},{"data":"Noxious Fumes","floor":23.0,"key":"SMITH"},{"data":"Adrenaline","floor":25.0,"key":"SMITH"},{"data":"Burst","floor":32.0,"key":"SMITH"},{"floor":40.0,"key":"REST"},{"floor":42,"key":"REST"},{"data":"Catalyst","floor":44,"key":"SMITH"},{"data":"Venomology","floor":47,"key":"SMITH"},{"data":"Adrenaline","floor":49,"key":"SMITH"}],"circlet_count":0,"master_deck":["AscendersBane","Strike_G","Defend_G","Defend_G","Defend_G","Defend_G","Defend_G","Survivor","Neutralize","Deadly Poison+1","Crippling Poison","Catalyst+1","Deadly Poison","Footwork","Adrenaline+1","Acrobatics","Backflip","Noxious Fumes+1","Venomology+1","PiercingWail+1","Calculated Gamble","Burst+1","Die Die Die","Footwork","Backflip+1","Caltrops","Adrenaline+1","Bane","Adrenaline+1","Blur","Madness","Madness"],"relics":["Ring of the Snake","NeowsBlessing","hubris:Icosahedron","Membership Card","Toy Ornithopter","hubris:ScarierMask","MerchantsRug","hubris:TinFlute","MealTicket","Regal Pillow","Red Mask","hubris:RunicObelisk","hubris:Teleporter","Bag of Preparation","Potion Belt"],"acts_visited":["Exordium","TheCity","TheBeyond"],"potions_floor_usage":[41,41,46,50,50,50],"damage_taken":[{"damage":0.0,"enemies":"Cultist","floor":1.0,"turns":1.0},{"damage":0.0,"enemies":"2 Louse","floor":2.0,"turns":1.0},{"damage":0.0,"enemies":"Jaw Worm","floor":3.0,"turns":1.0},{"damage":25.0,"enemies":"Gremlin Nob","floor":8.0,"turns":4.0},{"damage":1.0,"enemies":"Blue Slaver","floor":10.0,"turns":4.0},{"damage":4.0,"enemies":"3 Louse","floor":11.0,"turns":3.0},{"damage":5.0,"enemies":"2 Fungi Beasts","floor":14.0,"turns":4.0},{"damage":14.0,"enemies":"Hexaghost","floor":16.0,"turns":7.0},{"damage":11.0,"enemies":"Spheric Guardian","floor":18.0,"turns":4.0},{"damage":3.0,"enemies":"2 Thieves","floor":19.0,"turns":2.0},{"damage":28.0,"enemies":"Gremlin Leader","floor":27.0,"turns":5.0},{"damage":0.0,"enemies":"Centurion and Healer","floor":29.0,"turns":4.0},{"damage":0.0,"enemies":"Masked Bandits","floor":31.0,"turns":3.0},{"damage":6.0,"enemies":"Automaton","floor":33.0,"turns":5.0},{"damage":23.0,"enemies":"3 Darklings","floor":35.0,"turns":6.0},{"damage":15.0,"enemies":"Orb Walker","floor":37.0,"turns":3.0},{"damage":1.0,"enemies":"2 Orb Walkers","floor":38.0,"turns":4.0},{"damage":35,"enemies":"Giant Head","floor":41,"turns":7},{"damage":17,"enemies":"Awakened One","floor":50,"turns":13}],"seed_played":"8336601880345090645","potions_obtained":[{"floor":3.0,"key":"Energy Potion"},{"floor":8.0,"key":"Swift Potion"},{"floor":11.0,"key":"Weak Potion"},{"floor":14.0,"key":"Poison Potion"},{"floor":29.0,"key":"PowerPotion"},{"floor":31.0,"key":"Explosive Potion"},{"floor":35.0,"key":"PowerPotion"},{"floor":41,"key":"GhostInAJar"}],"is_trial":false,"path_per_floor":["M","M","M","?","?","R","$","E","T","M","M","R","T","M","R","B",null,"M","M","?","?","$","R","$","R","T","E","?","M","$","?","R","B",null,"M","?","M","?","?","R","E","R","T","R","$","R","R","B",null],"character_chosen":"THE_SILENT","items_purchased":["Membership Card","Fruit Juice","Catalyst","Deadly Poison","MerchantsRug","Footwork","hubris:TinFlute","Fruit Juice","GhostInAJar","Regen Potion"],"campfire_rested":4,"item_purchase_floors":[7,7,7,7,22,22,22,46,46,46],"current_hp_per_floor":[59,59,59,59,59,59,64,39,39,38,34,55,55,50,71,57,68,62,59,59,59,59,59,59,59,59,50,50,50,65,71,71,65,70,47,47,32,36,23,59,34,70,70,70,76,76,76,69],"gold":43,"neow_bonus":"THREE_ENEMY_KILL","is_daily":false,"chose_seed":false,"campfire_upgraded":7,"win_rate":0.0,"timestamp":1608365172,"path_taken":["M","M","?","?","?","R","$","E","T","M","M","R","?","M","R","BOSS","M","M","?","?","$","R","$","R","T","E","?","M","?","?","R","BOSS","M","?","?","?","?","R","E","R","T","R","$","R","R","BOSS"],"items_purchased_type":["Relic","Potion","Card","Card","Relic","Card","Relic","Potion","Potion","Potion"],"build_version":"2020-12-13","purchased_purges":3,"victory":true,"max_hp_per_floor":[66,66,66,66,66,66,71,71,71,71,71,71,71,71,71,71,71,71,71,71,71,71,71,71,71,71,71,71,71,71,71,71,71,71,71,71,71,71,71,71,71,71,71,71,76,76,76,76],"card_choices":[{"not_picked":["Quick Slash","Dagger Spray"],"picked":"Deadly Poison","floor":1.0},{"not_picked":["Distraction","Deadly Poison"],"picked":"Crippling Poison","floor":2.0},{"not_picked":["Masterful Stab","Calculated Gamble","Concentrate"],"picked":"SKIP","floor":3.0},{"not_picked":["Dash","Dodge and Roll"],"picked":"Footwork","floor":8.0},{"not_picked":["PiercingWail","Setup"],"picked":"Adrenaline","floor":10.0},{"not_picked":["Predator","Poisoned Stab"],"picked":"Acrobatics","floor":11.0},{"not_picked":["Poisoned Stab","Outmaneuver"],"picked":"Backflip","floor":14.0},{"not_picked":["Infinite Blades","Bane"],"picked":"Noxious Fumes","floor":15.0},{"not_picked":["After Image","Bullet Time"],"picked":"Venomology","floor":16.0},{"not_picked":["hubris:SlightOfHand","Quick Slash+1"],"picked":"PiercingWail+1","floor":18.0},{"not_picked":["Dagger Spray","Deflect"],"picked":"Calculated Gamble","floor":19.0},{"not_picked":["Reflex","Sucker Punch"],"picked":"Backflip+1","floor":27.0},{"not_picked":["Slice","Sucker Punch"],"picked":"Adrenaline","floor":29.0},{"not_picked":["hubris:Counter","Finisher"],"picked":"Bane","floor":31.0},{"not_picked":["Dagger Spray","Dodge and Roll","Poisoned Stab"],"picked":"SKIP","floor":35.0},{"not_picked":["Dodge and Roll","Flying Knee"],"picked":"Blur","floor":37.0},{"not_picked":["Concentrate","Dodge and Roll","Cloak And Dagger+1"],"picked":"SKIP","floor":41}],"player_experience":3170681,"relics_obtained":[{"floor":8.0,"key":"Centennial Puzzle"},{"floor":9.0,"key":"Toy Ornithopter"},{"floor":13.0,"key":"Dream Catcher"},{"floor":26.0,"key":"MealTicket"},{"floor":27.0,"key":"Regal Pillow"},{"floor":31.0,"key":"Red Mask"},{"floor":38.0,"key":"hubris:Teleporter"},{"floor":41,"key":"Bag of Preparation"},{"floor":43,"key":"Potion Belt"}],"event_choices":[{"damage_healed":0.0,"max_hp_gain":0.0,"max_hp_loss":0.0,"gold_gain":150.0,"event_name":"Liars Game","player_choice":"AGREE","floor":5.0,"gold_loss":0.0,"damage_taken":0.0,"cards_obtained":["Doubt"]},{"damage_healed":0.0,"max_hp_gain":0.0,"max_hp_loss":0.0,"gold_gain":0.0,"cards_transformed":["Strike_G","Strike_G"],"event_name":"Drug Dealer","player_choice":"Became Test Subject","floor":20.0,"gold_loss":0.0,"damage_taken":0.0,"cards_obtained":["Burst","Die Die Die"]},{"damage_healed":0.0,"max_hp_gain":0.0,"max_hp_loss":0.0,"gold_gain":0.0,"event_name":"Ghosts","player_choice":"Ignored","floor":21.0,"gold_loss":0.0,"damage_taken":0.0},{"damage_healed":0.0,"max_hp_gain":0.0,"max_hp_loss":0.0,"gold_gain":0.0,"event_name":"The Library","player_choice":"Read","floor":28.0,"gold_loss":0.0,"damage_taken":0.0,"cards_obtained":["Caltrops"]},{"damage_healed":0.0,"max_hp_gain":0.0,"max_hp_loss":0.0,"gold_gain":0.0,"event_name":"Masked Bandits","player_choice":"Fought Bandits","floor":31.0,"gold_loss":0.0,"damage_taken":0.0},{"damage_healed":0.0,"max_hp_gain":0.0,"max_hp_loss":0.0,"gold_gain":0.0,"event_name":"Duplicator","player_choice":"Copied","floor":36.0,"gold_loss":0.0,"damage_taken":0.0,"cards_obtained":["Adrenaline"]},{"damage_healed":0.0,"max_hp_gain":0.0,"max_hp_loss":0.0,"gold_gain":0.0,"event_name":"Mysterious Sphere","player_choice":"Fight","floor":38.0,"gold_loss":0.0,"damage_taken":0.0},{"damage_healed":0.0,"max_hp_gain":0.0,"max_hp_loss":0.0,"gold_gain":0.0,"event_name":"Winding Halls","player_choice":"Embrace Madness","floor":39.0,"gold_loss":0.0,"damage_taken":13.0,"cards_obtained":["Madness","Madness"]}],"is_beta":false,"boss_relics":[{"not_picked":["hubris:GrandSneckoEye","hubris:CrackedHourglass"],"picked":"hubris:ScarierMask"},{"not_picked":["Calling Bell","HoveringKite"],"picked":"hubris:RunicObelisk"}],"items_purged_floors":[24,30,46],"is_endless":false,"potions_floor_spawned":[3,8,11,14,19,29,31,35,41],"ascension_level":18}}