{"host":"t7mx8yfj1no5p62f","time":1608407041,"event":{"mods":["BaseMod","Colored Map","Colored Powertips","Filter the Spire","Minty Spire (QoL Compilation)","Relic Stats","StSLib"],"gold_per_floor":[116,135,149,74,84,117,129,180,192,86,111,111,146,146,146,228,228,251,265,286,327,327,368,368,412,436,436,436],"floor_reached":27,"playtime":857,"items_purged":["Strike_R"],"score":792,"play_id":"e7eeba45-25f9-4f7b-8010-f22033e84aa9","local_time":"20201219144401","is_ascension_mode":true,"campfire_choices":[{"data":"Carnage","floor":7.0,"key":"SMITH"},{"floor":12.0,"key":"REST"},{"data":"Fire Breathing","floor":15.0,"key":"SMITH"},{"data":"Feed","floor":24,"key":"SMITH"}],"circlet_count":0,"master_deck":["AscendersBane","Strike_R","Strike_R","Strike_R","Defend_R","Defend_R+1","Defend_R","Defend_R+1","Bash","Thunderclap","Spot Weakness","Sword Boomerang","Carnage+1","Shockwave+1","Feed+1","Shrug It Off","Carnage","Fire Breathing+1","Barricade","Entrench","Entrench","Pummel+1","Exhume","Armaments"],"relics":["Snecko Eye","MawBank","CeramicFish","Letter Opener","Darkstone Periapt","SlaversCollar","Red Mask","Prayer Wheel","War Paint","Happy Flower"],"acts_visited":["Exordium","TheCity"],"potions_floor_usage":[19,21,23,25],"damage_taken":[{"damage":0.0,"enemies":"Jaw Worm","floor":1.0,"turns":1.0},{"damage":0.0,"enemies":"Small Slimes","floor":2.0,"turns":2.0},{"damage":0.0,"enemies":"2 Louse","floor":3.0,"turns":2.0},{"damage":47.0,"enemies":"Lots of Slimes","floor":5.0,"turns":5.0},{"damage":0.0,"enemies":"Lagavulin","floor":6.0,"turns":3.0},{"damage":12.0,"enemies":"3 Sentries","floor":8.0,"turns":4.0},{"damage":8.0,"enemies":"Exordium Thugs","floor":11.0,"turns":3.0},{"damage":0.0,"enemies":"Lagavulin","floor":13.0,"turns":3.0},{"damage":0,"enemies":"Slime Boss","floor":16,"turns":4},{"damage":16,"enemies":"Chosen","floor":18,"turns":4},{"damage":5,"enemies":"3 Byrds","floor":19,"turns":5},{"damage":26,"enemies":"Cultist and Chosen","floor":20,"turns":7},{"damage":16,"enemies":"Masked Bandits","floor":21,"turns":4},{"damage":0,"enemies":"Gremlin Leader","floor":23,"turns":6},{"damage":29,"enemies":"Slavers","floor":25,"turns":6},{"damage":16,"enemies":"Snake Plant","floor":27,"turns":2}],"seed_played":"404523116141893027","potions_obtained":[{"floor":1.0,"key":"Dexterity Potion"},{"floor":5.0,"key":"Block Potion"},{"floor":8.0,"key":"SkillPotion"},{"floor":11.0,"key":"DuplicationPotion"},{"floor":16,"key":"Swift Potion"},{"floor":18,"key":"BloodPotion"},{"floor":19,"key":"PowerPotion"},{"floor":23,"key":"DuplicationPotion"}],"is_trial":false,"path_per_floor":["M","M","M","?","M","E","R","E","T","$","M","R","E","?","R","B",null,"M","M","M","?","?","E","R","E","T","M"],"character_chosen":"IRONCLAD","items_purchased":["Shrug It Off"],"campfire_rested":1,"item_purchase_floors":[10],"current_hp_per_floor":[68,68,68,68,21,21,21,9,9,9,1,23,23,48,48,48,68,55,69,46,33,33,36,36,11,11,0,0],"gold":436,"neow_bonus":"BOSS_RELIC","is_daily":false,"chose_seed":false,"campfire_upgraded":3,"win_rate":0.0,"timestamp":1608407041,"path_taken":["M","M","M","?","M","E","R","E","T","$","M","R","E","?","R","BOSS","M","M","M","?","?","E","R","E","T","M"],"items_purchased_type":["Card"],"build_version":"2020-12-13","purchased_purges":1,"victory":false,"max_hp_per_floor":[75,75,75,75,75,75,75,75,75,75,75,75,75,75,75,75,75,78,81,84,87,87,90,90,94,94,94,94],"relic_stats":{"Darkstone Periapt":0,"Happy Flower":[0],"counters":[16,61],"CeramicFish":90,"Snecko Eye":[110,82,94,116],"Prayer Wheel":0,"Letter Opener":[40],"War Paint":["Defend_R","Defend_R"],"MawBank":48,"obtain_stats":[{"Darkstone Periapt":13,"SlaversCollar":17,"Happy Flower":26,"CeramicFish":8,"Snecko Eye":0,"Prayer Wheel":23,"Red Mask":21,"Letter Opener":9,"War Paint":25,"MawBank":6,"Burning Blood":0},{"Darkstone Periapt":8,"SlaversCollar":9,"Happy Flower":15,"CeramicFish":6,"Snecko Eye":0,"Prayer Wheel":14,"Red Mask":13,"Letter Opener":6,"War Paint":15,"MawBank":5,"Burning Blood":0},{"Darkstone Periapt":23,"SlaversCollar":27,"Happy Flower":59,"CeramicFish":17,"Snecko Eye":0,"Prayer Wheel":53,"Red Mask":47,"Letter Opener":17,"War Paint":59,"MawBank":13,"Burning Blood":0}]},"card_choices":[{"not_picked":["Combust","Anger"],"picked":"Thunderclap","floor":1.0},{"not_picked":["Rage","Sever Soul"],"picked":"Spot Weakness","floor":2.0},{"not_picked":["Anger","Havoc"],"picked":"Sword Boomerang","floor":3.0},{"not_picked":["Rage","Clash"],"picked":"Carnage","floor":5.0},{"not_picked":["Dark Embrace","Inflame"],"picked":"Shockwave","floor":6.0},{"not_picked":["Reckless Charge","Rampage"],"picked":"Feed","floor":8.0},{"not_picked":["Armaments","Warcry"],"picked":"Carnage","floor":11.0},{"not_picked":["Twin Strike","Body Slam"],"picked":"Fire Breathing","floor":13.0},{"not_picked":["Fiend Fire","Demon Form"],"picked":"Barricade","floor":16},{"not_picked":["Anger","Cleave"],"picked":"Entrench","floor":18},{"not_picked":["Havoc","Thunderclap","Anger"],"picked":"SKIP","floor":19},{"not_picked":["Headbutt","Flex"],"picked":"Entrench","floor":20},{"not_picked":["Sever Soul","Clash"],"picked":"Pummel+1","floor":21},{"not_picked":["Anger","Metallicize"],"picked":"Exhume","floor":23},{"not_picked":["Dual Wield","Shrug It Off"],"picked":"Armaments","floor":25}],"player_experience":1569633,"relics_obtained":[{"floor":6.0,"key":"MawBank"},{"floor":8.0,"key":"CeramicFish"},{"floor":9.0,"key":"Letter Opener"},{"floor":13.0,"key":"Darkstone Periapt"},{"floor":21,"key":"Red Mask"},{"floor":23,"key":"Prayer Wheel"},{"floor":25,"key":"War Paint"},{"floor":26,"key":"Happy Flower"}],"event_choices":[{"cards_removed":["Strike_R"],"damage_healed":0.0,"max_hp_gain":0.0,"max_hp_loss":0.0,"gold_gain":0.0,"event_name":"The Cleric","player_choice":"Card Removal","floor":4.0,"gold_loss":75.0,"damage_taken":0.0},{"damage_healed":25.0,"max_hp_gain":0.0,"max_hp_loss":0.0,"gold_gain":0.0,"event_name":"Big Fish","player_choice":"Banana","floor":14.0,"gold_loss":0.0,"damage_taken":0.0},{"damage_healed":0,"gold_gain":0,"player_choice":"Fought Bandits","damage_taken":0,"max_hp_gain":0,"max_hp_loss":0,"event_name":"Masked Bandits","floor":21,"gold_loss":0},{"damage_healed":0,"gold_gain":0,"player_choice":"Upgraded","damage_taken":0,"max_hp_gain":0,"max_hp_loss":0,"event_name":"Upgrade Shrine","floor":22,"gold_loss":0,"cards_upgraded":["Shockwave"]}],"is_beta":false,"boss_relics":[{"not_picked":["SacredBark","Busted Crown"],"picked":"SlaversCollar"}],"items_purged_floors":[10],"is_endless":false,"potions_floor_spawned":[1,5,8,11,16,18,19,20,23],"killed_by":"Snake Plant","ascension_level":20}}