{"host":"bxn2em57qlx5u4i0","time":1608362124,"event":{"mods":["BaseMod","Colored Map","Colored Powertips","Highlight Path","Minty Spire (QoL Compilation)","Random Character Button","Relic Sorter","Relic Stats","StSLib","SuperFastMode"],"gold_per_floor":[116,116,191,191,156,189,225,258,258,301,344,377,413,444,444,534,534,549,117,135,48,92,123,162,198,280,616,651,651,692,566,566,659,659,680,680,369,119,188,229,264,308,381,414,452,485,525,143,143,143,143,143,143,5,41,41,41],"floor_reached":56,"playtime":1959,"items_purged":[],"score":4461,"play_id":"ad3aebac-7dc8-42ba-9fc0-37b506e3f496","local_time":"20201219021524","daily_mods":["SealedDeck","Heirloom","Time Dilation","Flight","DeadlyEvents","Elite Swarm"],"is_ascension_mode":true,"campfire_choices":[{"data":"Burst","floor":15,"key":"SMITH"},{"data":"Night Terror","floor":32,"key":"SMITH"},{"floor":49,"key":"RECALL"},{"floor":53,"key":"DIG"}],"circlet_count":0,"master_deck":["AscendersBane","Prepared","Accuracy","Backflip+1","Cloak And Dagger","Footwork","Blur","Cloak And Dagger","Cloak And Dagger+1","Blade Dance+1","Blade Dance","After Image","Adrenaline+1","Burst+1","Night Terror+1","Infinite Blades","Finesse","Adrenaline+1","Terror","Endless Agony","Finesse"],"relics":["Ring of the Snake","Ginger","Golden Idol","Prayer Wheel","Mercury Hourglass","Turnip","Boot","Smiling Mask","Tingsha","Du-Vu Doll","Orichalcum","Busted Crown","Membership Card","Kunai","War Paint","DollysMirror","Potion Belt","Whetstone","Vajra","Eternal Feather","Old Coin","Omamori","White Beast Statue","Anchor","SlaversCollar","TungstenRod","Meat on the Bone","Bag of Marbles","Mango","CaptainsWheel","Paper Crane","Letter Opener","Ancient Tea Set","Darkstone Periapt","Art of War","Happy Flower","Shovel","Pantograph","TwistedFunnel","Lantern","Lizard Tail","Pear","Bag of Preparation","Strawberry"],"acts_visited":["Exordium","TheCity","TheBeyond","TheEnding"],"potions_floor_usage":[12,14,56,56,56,56],"damage_taken":[{"damage":0,"enemies":"Jaw Worm","floor":1,"turns":2},{"damage":7,"enemies":"3 Sentries","floor":6,"turns":7},{"damage":0,"enemies":"Lagavulin","floor":7,"turns":4},{"damage":2,"enemies":"3 Sentries","floor":8,"turns":7},{"damage":0,"enemies":"Gremlin Nob","floor":10,"turns":3},{"damage":0,"enemies":"3 Sentries","floor":11,"turns":4},{"damage":0,"enemies":"Gremlin Nob","floor":12,"turns":3},{"damage":8,"enemies":"3 Sentries","floor":13,"turns":5},{"damage":0,"enemies":"Gremlin Nob","floor":14,"turns":2},{"damage":0,"enemies":"The Guardian","floor":16,"turns":10},{"damage":12,"enemies":"Chosen","floor":18,"turns":7},{"damage":0,"enemies":"Shell Parasite","floor":20,"turns":2},{"damage":0,"enemies":"Slavers","floor":22,"turns":1},{"damage":7,"enemies":"Gremlin Leader","floor":23,"turns":2},{"damage":0,"enemies":"Slavers","floor":24,"turns":2},{"damage":0,"enemies":"Book of Stabbing","floor":25,"turns":3},{"damage":0,"enemies":"Slavers","floor":27,"turns":1},{"damage":0,"enemies":"Gremlin Leader","floor":28,"turns":1},{"damage":0,"enemies":"Slavers","floor":30,"turns":3},{"damage":0,"enemies":"Collector","floor":33,"turns":3},{"damage":0,"enemies":"Orb Walker","floor":35,"turns":1},{"damage":16,"enemies":"2 Orb Walkers","floor":39,"turns":3},{"damage":0,"enemies":"Nemesis","floor":40,"turns":3},{"damage":0,"enemies":"Reptomancer","floor":41,"turns":1},{"damage":0,"enemies":"Nemesis","floor":42,"turns":1},{"damage":0,"enemies":"Reptomancer","floor":44,"turns":2},{"damage":0,"enemies":"Nemesis","floor":45,"turns":3},{"damage":0,"enemies":"Giant Head","floor":46,"turns":1},{"damage":0,"enemies":"Nemesis","floor":47,"turns":3},{"damage":3,"enemies":"Donu and Deca","floor":50,"turns":5},{"damage":0,"enemies":"Awakened One","floor":51,"turns":7},{"damage":0,"enemies":"Shield and Spear","floor":55,"turns":3},{"damage":17,"enemies":"The Heart","floor":56,"turns":5}],"seed_played":"4164758941697560428","potions_obtained":[{"floor":6,"key":"Fruit Juice"},{"floor":10,"key":"Dexterity Potion"},{"floor":12,"key":"Dexterity Potion"},{"floor":20,"key":"SteroidPotion"},{"floor":22,"key":"CultistPotion"},{"floor":27,"key":"LiquidMemories"},{"floor":35,"key":"PowerPotion"},{"floor":40,"key":"DistilledChaos"}],"is_trial":true,"path_per_floor":["M","?","?","?","?","E","E","E","T","E","E","E","E","E","R","B",null,"M","$","M","$","E","E","E","E","T","E","E","?","E","$","R","B",null,"M","?","$","$","?","E","E","E","T","E","E","E","E","$","R","B","B",null,"R","$","E","B"],"character_chosen":"THE_SILENT","items_purchased":["Membership Card","Kunai","War Paint","Finesse","DollysMirror","Anchor","Endless Agony","TungstenRod","Meat on the Bone","Bag of Marbles","Mango","TwistedFunnel","Lantern","Lizard Tail","Finesse","Bag of Preparation","EntropicBrew"],"campfire_rested":0,"item_purchase_floors":[19,19,19,19,21,31,31,37,37,38,38,48,48,48,48,54,54],"current_hp_per_floor":[59,36,25,5,21,14,14,12,12,12,12,17,9,9,9,9,56,44,44,44,44,44,37,37,37,37,37,37,37,37,37,49,49,66,66,56,56,70,54,54,54,54,54,54,54,54,54,54,66,82,85,85,95,95,102,85,85],"gold":41,"neow_bonus":"","is_daily":false,"chose_seed":false,"campfire_upgraded":2,"win_rate":0.0,"timestamp":1608362124,"path_taken":["M","?","?","?","?","E","E","?","T","E","E","E","E","E","R","BOSS","M","$","?","?","?","E","E","E","T","E","E","?","E","?","R","BOSS","M","?","$","$","?","E","E","E","T","E","E","?","E","?","R","BOSS","BOSS","R","$","E","BOSS"],"items_purchased_type":["Relic","Relic","Relic","Card","Relic","Relic","Card","Relic","Relic","Relic","Relic","Relic","Relic","Relic","Card","Relic","Potion"],"build_version":"2020-12-13","purchased_purges":0,"victory":false,"max_hp_per_floor":[66,66,66,66,66,66,66,66,66,66,66,71,71,71,71,71,71,71,71,71,71,71,71,71,71,71,71,71,71,71,71,71,71,71,71,71,71,85,85,85,85,85,85,85,85,85,85,85,85,85,85,85,95,95,102,102,102],"relic_stats":{"Darkstone Periapt":0,"Bag of Preparation":[5],"Ginger":[10],"Whetstone":[],"Boot":[111],"Smiling Mask":0,"Lizard Tail":0,"Shovel":1,"Pantograph":22,"Prayer Wheel":3,"Kunai":[95],"Ring of the Snake":[70],"Happy Flower":[8],"counters":[33,110],"Golden Idol":288,"Tingsha":[95],"Eternal Feather":24,"Letter Opener":[345],"Orichalcum":[12],"War Paint":["Adrenaline","Blade Dance"],"Mercury Hourglass":[360],"Busted Crown":52,"Turnip":[4],"Art of War":[0],"obtain_stats":[{"Darkstone Periapt":43,"TwistedFunnel":48,"Lantern":48,"Vajra":24,"Mango":38,"Bag of Preparation":54,"Ginger":0,"Whetstone":23,"Boot":10,"Smiling Mask":11,"Ancient Tea Set":42,"Old Coin":27,"Lizard Tail":48,"Shovel":46,"DollysMirror":21,"Pantograph":47,"Strawberry":55,"Prayer Wheel":6,"Kunai":19,"Ring of the Snake":0,"Potion Belt":22,"Pear":53,"Happy Flower":45,"Golden Idol":2,"Tingsha":12,"Eternal Feather":25,"Omamori":28,"Letter Opener":41,"Orichalcum":14,"War Paint":19,"Paper Crane":40,"White Beast Statue":30,"Mercury Hourglass":8,"Du-Vu Doll":13,"SlaversCollar":34,"Anchor":31,"CaptainsWheel":39,"Busted Crown":17,"Turnip":9,"Bag of Marbles":38,"Art of War":44,"Membership Card":19,"TungstenRod":37,"Meat on the Bone":37},{"Darkstone Periapt":25,"TwistedFunnel":29,"Lantern":29,"Vajra":15,"Mango":21,"Bag of Preparation":31,"Ginger":0,"Whetstone":14,"Boot":5,"Smiling Mask":6,"Ancient Tea Set":25,"Old Coin":17,"Lizard Tail":29,"Shovel":28,"DollysMirror":12,"Pantograph":29,"Strawberry":32,"Prayer Wheel":2,"Kunai":11,"Ring of the Snake":0,"Potion Belt":13,"Pear":31,"Happy Flower":27,"Golden Idol":1,"Tingsha":7,"Eternal Feather":16,"Omamori":18,"Letter Opener":24,"Orichalcum":9,"War Paint":11,"Paper Crane":23,"White Beast Statue":19,"Mercury Hourglass":4,"Du-Vu Doll":8,"SlaversCollar":20,"Anchor":19,"CaptainsWheel":22,"Busted Crown":10,"Turnip":4,"Bag of Marbles":21,"Art of War":26,"Membership Card":11,"TungstenRod":21,"Meat on the Bone":21},{"Darkstone Periapt":81,"TwistedFunnel":90,"Lantern":90,"Vajra":61,"Mango":73,"Bag of Preparation":102,"Ginger":0,"Whetstone":59,"Boot":23,"Smiling Mask":27,"Ancient Tea Set":81,"Old Coin":65,"Lizard Tail":90,"Shovel":87,"DollysMirror":56,"Pantograph":90,"Strawberry":105,"Prayer Wheel":9,"Kunai":54,"Ring of the Snake":0,"Potion Belt":57,"Pear":102,"Happy Flower":86,"Golden Idol":2,"Tingsha":30,"Eternal Feather":64,"Omamori":66,"Letter Opener":80,"Orichalcum":37,"War Paint":54,"Paper Crane":79,"White Beast Statue":69,"Mercury Hourglass":20,"Du-Vu Doll":35,"SlaversCollar":72,"Anchor":69,"CaptainsWheel":76,"Busted Crown":47,"Turnip":20,"Bag of Marbles":73,"Art of War":83,"Membership Card":54,"TungstenRod":73,"Meat on the Bone":73}],"TungstenRod":4,"Meat on the Bone":0},"card_choices":[{"not_picked":["Slice","Crippling Poison","Bane"],"picked":"SKIP","floor":1},{"not_picked":["Envenom","Die Die Die"],"picked":"After Image","floor":6},{"not_picked":["Unload","Die Die Die","Glass Knife"],"picked":"SKIP","floor":7},{"not_picked":["Glass Knife","Malaise","Doppelganger"],"picked":"SKIP","floor":8},{"not_picked":["Glass Knife","Venomology"],"picked":"Adrenaline","floor":10},{"not_picked":["Bullet Time","Die Die Die","Phantasmal Killer"],"picked":"SKIP","floor":11},{"not_picked":["Envenom","Unload"],"picked":"Burst","floor":12},{"not_picked":["Grand Finale","Glass Knife"],"picked":"Night Terror","floor":13},{"not_picked":["Bullet Time","Corpse Explosion","A Thousand Cuts"],"picked":"SKIP","floor":14},{"not_picked":[],"picked":"Infinite Blades","floor":18},{"not_picked":["Blade Dance"],"picked":"SKIP","floor":18},{"not_picked":["Dagger Spray+1"],"picked":"SKIP","floor":20},{"not_picked":["Concentrate"],"picked":"SKIP","floor":20},{"not_picked":["Glass Knife"],"picked":"SKIP","floor":22},{"not_picked":["Venomology"],"picked":"SKIP","floor":23},{"not_picked":["Corpse Explosion"],"picked":"SKIP","floor":24},{"not_picked":["Grand Finale"],"picked":"SKIP","floor":25},{"not_picked":["Unload"],"picked":"SKIP","floor":27},{"not_picked":["Envenom"],"picked":"SKIP","floor":28},{"not_picked":["Grand Finale"],"picked":"SKIP","floor":30},{"not_picked":["Flying Knee"],"picked":"SKIP","floor":35},{"not_picked":["Dagger Throw"],"picked":"SKIP","floor":35},{"not_picked":["Tools of the Trade"],"picked":"SKIP","floor":40},{"not_picked":["Doppelganger"],"picked":"SKIP","floor":41},{"not_picked":["Malaise"],"picked":"SKIP","floor":42},{"not_picked":["Wraith Form v2"],"picked":"SKIP","floor":44},{"not_picked":["Unload"],"picked":"SKIP","floor":45},{"not_picked":["Glass Knife"],"picked":"SKIP","floor":46},{"not_picked":["Grand Finale"],"picked":"SKIP","floor":47},{"not_picked":["Glass Knife"],"picked":"SKIP","floor":55}],"player_experience":2815395,"relics_obtained":[{"floor":6,"key":"Prayer Wheel"},{"floor":8,"key":"Mercury Hourglass"},{"floor":9,"key":"Turnip"},{"floor":10,"key":"Boot"},{"floor":11,"key":"Smiling Mask"},{"floor":12,"key":"Tingsha"},{"floor":13,"key":"Du-Vu Doll"},{"floor":14,"key":"Orichalcum"},{"floor":22,"key":"Potion Belt"},{"floor":23,"key":"Whetstone"},{"floor":24,"key":"Vajra"},{"floor":25,"key":"Eternal Feather"},{"floor":27,"key":"Old Coin"},{"floor":28,"key":"Omamori"},{"floor":30,"key":"White Beast Statue"},{"floor":39,"key":"CaptainsWheel"},{"floor":40,"key":"Paper Crane"},{"floor":41,"key":"Letter Opener"},{"floor":42,"key":"Ancient Tea Set"},{"floor":43,"key":"Darkstone Periapt"},{"floor":44,"key":"Art of War"},{"floor":45,"key":"Happy Flower"},{"floor":46,"key":"Shovel"},{"floor":47,"key":"Pantograph"},{"floor":53,"key":"Pear"},{"floor":55,"key":"Strawberry"}],"event_choices":[{"damage_healed":0,"gold_gain":0,"player_choice":"Take Damage","damage_taken":23,"relics_obtained":["Golden Idol"],"max_hp_gain":0,"max_hp_loss":0,"event_name":"Golden Idol","floor":2,"gold_loss":0},{"damage_healed":0,"gold_gain":75,"player_choice":"Gather Gold","damage_taken":11,"max_hp_gain":0,"max_hp_loss":0,"event_name":"World of Goop","floor":3,"gold_loss":0},{"damage_healed":0,"gold_gain":0,"player_choice":"Entered Light","damage_taken":20,"max_hp_gain":0,"max_hp_loss":0,"event_name":"Shining Light","floor":4,"gold_loss":0,"cards_upgraded":["Backflip","Cloak And Dagger"]},{"damage_healed":16,"gold_gain":0,"player_choice":"Healed","damage_taken":0,"max_hp_gain":0,"max_hp_loss":0,"event_name":"The Cleric","floor":5,"gold_loss":35},{"damage_healed":0,"gold_gain":0,"player_choice":"Read","damage_taken":0,"max_hp_gain":0,"max_hp_loss":0,"event_name":"The Library","floor":29,"gold_loss":0,"cards_obtained":["Terror"]},{"damage_healed":0,"gold_gain":0,"player_choice":"Memory 3","damage_taken":10,"max_hp_gain":0,"max_hp_loss":0,"event_name":"SensoryStone","floor":36,"gold_loss":0},{"damage_healed":0,"gold_gain":0,"player_choice":"Fight","damage_taken":0,"max_hp_gain":0,"max_hp_loss":0,"event_name":"Mysterious Sphere","floor":39,"gold_loss":0}],"is_beta":false,"boss_relics":[{"not_picked":["HoveringKite","Runic Pyramid"],"picked":"Busted Crown"},{"not_picked":["Tiny House","Sozu"],"picked":"SlaversCollar"}],"items_purged_floors":[],"is_endless":false,"potions_floor_spawned":[6,10,12,13,20,22,27,30,33,35,39,40,41,42,44,45,46,47,55],"killed_by":"The Heart","ascension_level":20}}