{"host":"1a8vswsp13vmqqwt","time":1608387172,"event":{"mods":["AchievementEnabler","BaseMod","Minty Spire (QoL Compilation)","StSLib"],"gold_per_floor":[115,115,15,32,6,39,4,37,37,53,73,73,87,104,104,206,206,219,235,254,254,154,188,188,188,188,188,63,63,63,77,77,177,177,190,201,201,216,216,216],"floor_reached":39,"playtime":1159,"items_purged":["Pain","Strike_P","Strike_P"],"score":461,"play_id":"0a4958b8-2599-4606-94c5-85e7181601f9","local_time":"20201219171252","is_ascension_mode":false,"campfire_choices":[{"data":"BattleHymn","floor":12.0,"key":"SMITH"},{"floor":15.0,"key":"REST"},{"floor":24,"key":"REST"},{"floor":27,"key":"REST"},{"floor":29,"key":"REST"},{"data":"MasterReality","floor":32,"key":"SMITH"}],"circlet_count":0,"master_deck":["Strike_P","Defend_P","Defend_P","Defend_P","Defend_P","Eruption+1","Vigilance","EmptyBody","Prostrate","FlurryOfBlows","Crescendo","BattleHymn+1","ForeignInfluence","Crescendo","EmptyMind","Wallop","SandsOfTime","Consecrate","MasterReality+1","ClearTheMind","ForeignInfluence","BattleHymn+1","Ragnarok","EmptyFist","DevaForm","CarveReality+1","Prostrate","Writhe","Parasite","DeceiveReality+1"],"relics":["HolyWater","Question Card","Prayer Wheel","Oddly Smooth Stone","Yang","MutagenicStrength","Nunchaku","Black Star"],"acts_visited":["Exordium","TheCity","TheBeyond"],"potions_floor_usage":[23,23,33,33],"damage_taken":[{"damage":3.0,"enemies":"2 Louse","floor":1.0,"turns":4.0},{"damage":0.0,"enemies":"Small Slimes","floor":4.0,"turns":3.0},{"damage":23.0,"enemies":"Gremlin Nob","floor":6.0,"turns":4.0},{"damage":30.0,"enemies":"Lagavulin","floor":8.0,"turns":4.0},{"damage":2.0,"enemies":"Jaw Worm","floor":10.0,"turns":4.0},{"damage":0.0,"enemies":"3 Louse","floor":11.0,"turns":2.0},{"damage":0.0,"enemies":"Large Slime","floor":13.0,"turns":3.0},{"damage":10.0,"enemies":"Exordium Thugs","floor":14.0,"turns":3.0},{"damage":0.0,"enemies":"Slime Boss","floor":16.0,"turns":4.0},{"damage":50.0,"enemies":"3 Byrds","floor":18.0,"turns":6.0},{"damage":0.0,"enemies":"Shell Parasite","floor":19.0,"turns":3.0},{"damage":7.0,"enemies":"Sentry and Sphere","floor":20.0,"turns":4.0},{"damage":9,"enemies":"Slavers","floor":23,"turns":4},{"damage":0,"enemies":"Centurion and Healer","floor":31,"turns":2},{"damage":5,"enemies":"Champ","floor":33,"turns":5},{"damage":5,"enemies":"Orb Walker","floor":35,"turns":3},{"damage":39,"enemies":"3 Darklings","floor":36,"turns":3},{"damage":45,"enemies":"Writhing Mass","floor":38,"turns":4},{"damage":34,"enemies":"Transient","floor":39,"turns":4}],"seed_played":"-3546154136268534010","potions_obtained":[{"floor":1.0,"key":"Strength Potion"},{"floor":6.0,"key":"EssenceOfSteel"},{"floor":8.0,"key":"Explosive Potion"},{"floor":10.0,"key":"SpeedPotion"},{"floor":13.0,"key":"BlessingOfTheForge"},{"floor":19.0,"key":"CultistPotion"},{"floor":23,"key":"FearPotion"},{"floor":38,"key":"Block Potion"}],"is_trial":false,"path_per_floor":["M","?","$","M","$","E","?","E","T","M","M","R","M","M","R","B",null,"M","M","M","?","$","E","R","?","T","R","$","R","?","M","R","B",null,"M","M","?","M","M"],"character_chosen":"WATCHER","items_purchased":["Prostrate","Crescendo"],"campfire_rested":4,"item_purchase_floors":[3,5],"current_hp_per_floor":[83,83,83,83,83,60,81,51,51,49,49,49,49,39,64,64,86,36,36,29,29,29,20,45,45,45,70,70,86,86,86,86,81,86,81,42,64,19,0,0],"gold":216,"neow_bonus":"TWENTY_PERCENT_HP_BONUS","is_daily":false,"chose_seed":false,"campfire_upgraded":2,"win_rate":0.0,"timestamp":1608387172,"path_taken":["M","?","$","M","$","E","?","E","T","M","M","R","M","M","R","BOSS","M","M","M","?","$","E","R","?","T","R","$","R","?","M","R","BOSS","M","M","?","M","M"],"items_purchased_type":["Card","Card"],"build_version":"2020-12-13","purchased_purges":3,"victory":false,"max_hp_per_floor":[86,86,86,86,86,86,86,86,86,86,86,86,86,86,86,86,86,86,86,86,86,86,86,86,86,86,86,86,86,86,86,86,86,86,86,86,86,86,86,86],"card_choices":[{"not_picked":["Evaluate","Vengeance"],"picked":"EmptyBody","floor":1.0},{"not_picked":["Conclude","SandsOfTime"],"picked":"FlurryOfBlows","floor":4.0},{"not_picked":["Ragnarok","Nirvana"],"picked":"BattleHymn","floor":6.0},{"not_picked":["TalkToTheHand","Ragnarok","Weave"],"picked":"ForeignInfluence","floor":8.0},{"not_picked":["FollowUp","Weave","CutThroughFate"],"picked":"Crescendo","floor":10.0},{"not_picked":["TalkToTheHand","WindmillStrike","PathToVictory"],"picked":"EmptyMind","floor":10.0},{"not_picked":["Study","Worship","Consecrate"],"picked":"Wallop","floor":11.0},{"not_picked":["ClearTheMind","PathToVictory","Halt","Vengeance"],"picked":"SKIP","floor":11.0},{"not_picked":["MentalFortress","FlurryOfBlows","JustLucky"],"picked":"SandsOfTime","floor":13.0},{"not_picked":["Study","FlyingSleeves","Sanctity"],"picked":"Consecrate","floor":13.0},{"not_picked":["Pray","ThirdEye","FollowUp"],"picked":"MasterReality","floor":14.0},{"not_picked":["InnerPeace","CutThroughFate","FlurryOfBlows"],"picked":"ClearTheMind","floor":14.0},{"not_picked":["Consecrate","Brilliance","ThirdEye"],"picked":"ForeignInfluence","floor":18.0},{"not_picked":["Perseverance+1","CutThroughFate","Vengeance","Crescendo"],"picked":"SKIP","floor":18.0},{"not_picked":["BowlingBash+1","FollowUp","Vault"],"picked":"BattleHymn+1","floor":19.0},{"not_picked":["Crescendo","Perseverance","Wireheading+1","TalkToTheHand"],"picked":"SKIP","floor":19.0},{"not_picked":["Consecrate","Conclude","Halt","Crescendo"],"picked":"SKIP","floor":20.0},{"not_picked":["Crescendo","BowlingBash","Perseverance","ClearTheMind"],"picked":"SKIP","floor":20.0},{"not_picked":["FlurryOfBlows","Scrawl","Conclude"],"picked":"Ragnarok","floor":23},{"not_picked":["Halt","PathToVictory","Prostrate+1"],"picked":"EmptyFist","floor":31},{"not_picked":["Evaluate","BattleHymn","CutThroughFate","EmptyBody"],"picked":"SKIP","floor":31},{"not_picked":["Wish","Ragnarok","Devotion"],"picked":"DevaForm","floor":33},{"not_picked":["Perseverance","WaveOfTheHand","EmptyMind"],"picked":"CarveReality+1","floor":35},{"not_picked":["TalkToTheHand+1","PathToVictory+1","SandsOfTime+1","EmptyBody+1"],"picked":"SKIP","floor":35},{"not_picked":["FlurryOfBlows+1","JustLucky","ClearTheMind+1"],"picked":"Prostrate","floor":36},{"not_picked":["FollowUp+1","Conclude","SashWhip+1","BattleHymn"],"picked":"SKIP","floor":36},{"not_picked":["Evaluate+1","Crescendo","Prostrate+1"],"picked":"DeceiveReality+1","floor":38},{"not_picked":["Sanctity+1","WheelKick","ClearTheMind+1","Consecrate"],"picked":"SKIP","floor":38}],"player_experience":152387,"relics_obtained":[{"floor":6.0,"key":"Question Card"},{"floor":8.0,"key":"Prayer Wheel"},{"floor":9.0,"key":"Oddly Smooth Stone"},{"floor":23,"key":"Yang"},{"floor":26,"key":"Nunchaku"}],"event_choices":[{"damage_healed":0.0,"max_hp_gain":0.0,"max_hp_loss":0.0,"gold_gain":0.0,"event_name":"Living Wall","player_choice":"Grow","floor":2.0,"gold_loss":0.0,"damage_taken":0.0,"cards_upgraded":["Eruption"]},{"damage_healed":21.0,"max_hp_gain":0.0,"max_hp_loss":0.0,"gold_gain":0.0,"event_name":"The Cleric","player_choice":"Healed","floor":7.0,"gold_loss":35.0,"damage_taken":0.0},{"damage_healed":0.0,"max_hp_gain":0.0,"max_hp_loss":0.0,"gold_gain":0.0,"event_name":"Ghosts","player_choice":"Ignored","floor":21.0,"gold_loss":0.0,"damage_taken":0.0},{"damage_healed":0,"gold_gain":0,"player_choice":"Inject Mutagens","damage_taken":0,"relics_obtained":["MutagenicStrength"],"max_hp_gain":0,"max_hp_loss":0,"event_name":"Drug Dealer","floor":25,"gold_loss":0},{"cards_removed":["Strike_P"],"damage_healed":0,"gold_gain":0,"player_choice":"Elegance","damage_taken":0,"max_hp_gain":0,"max_hp_loss":0,"event_name":"Back to Basics","floor":30,"gold_loss":0},{"damage_healed":22,"gold_gain":0,"player_choice":"Writhe","damage_taken":0,"max_hp_gain":0,"max_hp_loss":0,"event_name":"Winding Halls","floor":37,"gold_loss":0,"cards_obtained":["Writhe"]}],"is_beta":false,"boss_relics":[{"not_picked":["Pandora\u0027s Box","Fusion Hammer"],"picked":"HolyWater"},{"not_picked":["Philosopher\u0027s Stone","SacredBark"],"picked":"Black Star"}],"items_purged_floors":[3,22,28],"is_endless":false,"potions_floor_spawned":[1,6,8,10,13,19,23,38],"killed_by":"Transient","ascension_level":0}}