{"host":"jm9833yuloeli2yd","time":1608339199,"event":{"mods":["AchievementEnabler","BaseMod","Better Altar","Better Match","Better Note","Better Sensory Stone","Better Skull","Better Vampires","Colored Map","Colored Powertips","DeckTracker","Minty Spire (QoL Compilation)","Permanent Neow","Quick Restart","Replay The Spire","StSLib","SuperFastMode"],"gold_per_floor":[109,109,34,54,70,70,70,70,70,70,84,99,99,99],"floor_reached":13,"playtime":211,"items_purged":["Regret"],"score":150,"play_id":"564d6d19-d781-46bc-88bc-cf00f9c791de","local_time":"20201218195319","is_ascension_mode":true,"campfire_choices":[{"data":"Loop","floor":6,"key":"SMITH"},{"data":"Cold Snap","floor":10,"key":"SMITH"}],"circlet_count":0,"master_deck":["AscendersBane","Strike_B","Strike_B","Strike_B","Strike_B","Defend_B","Defend_B","Defend_B","Defend_B","Zap","Dualcast","The Bomb","Cold Snap+1","Loop+1","Hologram","Mayhem","Coolheaded","Loop"],"relics":["Cracked Core","FaceOfCleric","Bag of Marbles","Replay:Bottled Snecko"],"acts_visited":["Exordium"],"potions_floor_usage":[13],"damage_taken":[{"damage":11,"enemies":"Small Slimes","floor":1,"turns":4},{"damage":0,"enemies":"Cultist","floor":4,"turns":3},{"damage":3,"enemies":"2 Louse","floor":5,"turns":3},{"damage":2,"enemies":"Exordium Wildlife","floor":11,"turns":3},{"damage":14,"enemies":"Large Slime","floor":12,"turns":4},{"damage":48,"enemies":"Gremlin Nob","floor":13,"turns":4}],"seed_played":"-1606211069799146476","potions_obtained":[{"floor":4,"key":"Doom Potion"},{"floor":5,"key":"EssenceOfSteel"}],"is_trial":false,"path_per_floor":["M","?","$","M","M","R","?","T","T","R","M","M","E"],"character_chosen":"DEFECT","items_purchased":[],"campfire_rested":0,"item_purchase_floors":[],"current_hp_per_floor":[53,53,53,54,52,52,52,52,52,52,51,38,0,0],"gold":99,"neow_bonus":"RANDOM_COLORLESS_2","is_daily":false,"chose_seed":false,"campfire_upgraded":2,"win_rate":0.0,"timestamp":1608339199,"path_taken":["M","?","$","M","?","R","?","?","T","R","M","M","E"],"items_purchased_type":[],"build_version":"2020-12-13","purchased_purges":1,"victory":false,"max_hp_per_floor":[71,71,71,72,73,73,73,73,73,73,74,75,75,75],"card_choices":[{"not_picked":["Chrysalis","Sadistic Nature"],"picked":"The Bomb","floor":0},{"not_picked":["Coolheaded","Go for the Eyes"],"picked":"Cold Snap","floor":1},{"not_picked":["Streamline","Gash"],"picked":"Loop","floor":4},{"not_picked":["Stack","ReplayGash"],"picked":"Hologram","floor":5},{"not_picked":["Poisoned Strike","Specialist"],"picked":"Mayhem","floor":7},{"not_picked":["Conserve Battery","Panic Button"],"picked":"Coolheaded","floor":11},{"not_picked":["Leap","Thunder Strike"],"picked":"Loop","floor":12}],"player_experience":1117298,"relics_obtained":[{"floor":8,"key":"Bag of Marbles"},{"floor":9,"key":"Replay:Bottled Snecko"}],"event_choices":[{"damage_healed":0,"gold_gain":0,"player_choice":"Trade","damage_taken":0,"relics_obtained":["FaceOfCleric"],"max_hp_gain":0,"max_hp_loss":0,"event_name":"FaceTrader","floor":2,"gold_loss":0},{"damage_healed":0,"gold_gain":1,"player_choice":"1","damage_taken":0,"max_hp_gain":0,"max_hp_loss":0,"event_name":"betterStone:BetterStone","floor":7,"gold_loss":0}],"is_beta":false,"boss_relics":[],"items_purged_floors":[3],"is_endless":false,"potions_floor_spawned":[4,5],"killed_by":"Gremlin Nob","ascension_level":20}}