{"host":"usewcu4ohw2wtmxk","time":1608351676,"event":{"mods":["AchievementEnabler","BaseMod","Colored Powertips","Minty Spire (QoL Compilation)","Permanent Neow","Quick Restart","Relic Stats","StSLib"],"gold_per_floor":[118,137,137,137,152,189,189,214,214,214,214,237,237,255,255,329,329,357,377,211,211,211],"floor_reached":21,"playtime":830,"items_purged":["Strike_G"],"score":378,"play_id":"977c1ec8-1d32-4125-a235-2eb33f11ce2a","local_time":"20201219122116","is_ascension_mode":true,"campfire_choices":[{"data":"Blade Dance","floor":7.0,"key":"SMITH"},{"floor":10.0,"key":"REST"},{"data":"Unload","floor":15.0,"key":"SMITH"}],"circlet_count":0,"master_deck":["AscendersBane","Defend_G","Defend_G","Defend_G","Defend_G","Defend_G","Survivor","Neutralize","Backflip","Dagger Throw","Backstab","Blade Dance+1","Unload+1","Dagger Spray","Blade Dance","Calculated Gamble"],"relics":["Ring of the Snake","NeowsBlessing","CeramicFish","Singing Bowl","Regal Pillow","Letter Opener","Empty Cage"],"acts_visited":["Exordium","TheCity"],"potions_floor_usage":[16,21,21],"damage_taken":[{"damage":0.0,"enemies":"Jaw Worm","floor":1.0,"turns":1.0},{"damage":0.0,"enemies":"Small Slimes","floor":2.0,"turns":1.0},{"damage":0.0,"enemies":"Cultist","floor":5.0,"turns":1.0},{"damage":41.0,"enemies":"Lagavulin","floor":6.0,"turns":7.0},{"damage":9.0,"enemies":"3 Sentries","floor":8.0,"turns":8.0},{"damage":0.0,"enemies":"Looter","floor":12.0,"turns":3.0},{"damage":2.0,"enemies":"Exordium Wildlife","floor":14.0,"turns":3.0},{"damage":62,"enemies":"Slime Boss","floor":16,"turns":12},{"damage":27,"enemies":"Spheric Guardian","floor":18,"turns":4},{"damage":25,"enemies":"Chosen","floor":19,"turns":4},{"damage":0,"enemies":"Centurion and Healer","floor":21,"turns":3}],"seed_played":"-816060376358249819","potions_obtained":[{"floor":2.0,"key":"FairyPotion"},{"floor":5.0,"key":"SteroidPotion"},{"floor":8.0,"key":"Poison Potion"},{"floor":18,"key":"CunningPotion"},{"floor":19,"key":"BlessingOfTheForge"}],"is_trial":false,"path_per_floor":["M","M","?","?","M","E","R","E","T","R","?","M","T","M","R","B",null,"M","M","$","M"],"character_chosen":"THE_SILENT","items_purchased":["Blade Dance","Calculated Gamble"],"campfire_rested":1,"item_purchase_floors":[20,20],"current_hp_per_floor":[59,59,59,59,59,18,18,11,11,46,46,46,46,46,46,8,56,29,6,6,6,6],"gold":211,"neow_bonus":"THREE_ENEMY_KILL","is_daily":false,"chose_seed":false,"campfire_upgraded":2,"win_rate":0.0,"timestamp":1608351676,"path_taken":["M","M","?","?","?","E","R","E","T","R","?","M","?","M","R","BOSS","M","M","$","M"],"items_purchased_type":["Card","Card"],"build_version":"2020-12-13","purchased_purges":1,"victory":false,"max_hp_per_floor":[66,66,66,66,66,66,66,68,68,68,68,68,68,70,70,72,72,72,74,74,74,74],"relic_stats":{"Regal Pillow":15,"Singing Bowl":8,"counters":[11,47],"CeramicFish":45,"Letter Opener":[15],"obtain_stats":[{"Regal Pillow":9,"NeowsBlessing":0,"Singing Bowl":8,"CeramicFish":6,"Letter Opener":13,"Empty Cage":17,"Ring of the Snake":0},{"Regal Pillow":5,"NeowsBlessing":0,"Singing Bowl":5,"CeramicFish":4,"Letter Opener":6,"Empty Cage":8,"Ring of the Snake":0},{"Regal Pillow":18,"NeowsBlessing":0,"Singing Bowl":18,"CeramicFish":10,"Letter Opener":21,"Empty Cage":36,"Ring of the Snake":0}],"Ring of the Snake":[22]},"card_choices":[{"not_picked":["Deflect","PiercingWail"],"picked":"Backflip","floor":1.0},{"not_picked":["Outmaneuver","Riddle With Holes","Bane"],"picked":"SKIP","floor":2.0},{"not_picked":["Flying Knee","Bane"],"picked":"Backstab","floor":5.0},{"not_picked":["Bane","Catalyst"],"picked":"Blade Dance","floor":6.0},{"not_picked":["Heel Hook","Distraction","Eviscerate"],"picked":"Singing Bowl","floor":8.0},{"not_picked":["Deflect","Flechettes"],"picked":"Unload","floor":12.0},{"not_picked":["Dodge and Roll","Prepared","Deflect"],"picked":"Singing Bowl","floor":14.0},{"not_picked":["Envenom","Tools of the Trade","Grand Finale"],"picked":"Singing Bowl","floor":16},{"not_picked":["Poisoned Stab","Choke"],"picked":"Dagger Spray","floor":18},{"not_picked":["Dagger Spray","Flying Knee","Well Laid Plans"],"picked":"Singing Bowl","floor":19}],"player_experience":214683,"relics_obtained":[{"floor":6.0,"key":"CeramicFish"},{"floor":8.0,"key":"Singing Bowl"},{"floor":9.0,"key":"Regal Pillow"},{"floor":13.0,"key":"Letter Opener"}],"event_choices":[{"damage_healed":0.0,"max_hp_gain":0.0,"max_hp_loss":0.0,"gold_gain":0.0,"cards_transformed":["Strike_G"],"event_name":"Living Wall","player_choice":"Change","floor":3.0,"gold_loss":0.0,"damage_taken":0.0,"cards_obtained":["Dagger Throw"]},{"cards_removed":["Strike_G"],"damage_healed":0.0,"max_hp_gain":0.0,"max_hp_loss":0.0,"gold_gain":0.0,"event_name":"Bonfire Elementals","player_choice":"Offered Basic","floor":4.0,"gold_loss":0.0,"damage_taken":0.0},{"damage_healed":0.0,"max_hp_gain":0.0,"max_hp_loss":0.0,"gold_gain":0.0,"event_name":"Liars Game","player_choice":"Ignored","floor":11.0,"gold_loss":0.0,"damage_taken":0.0}],"is_beta":false,"boss_relics":[{"not_picked":["Busted Crown","SacredBark"],"picked":"Empty Cage"}],"items_purged_floors":[20],"is_endless":false,"potions_floor_spawned":[2,5,8,14,18,19],"killed_by":"Centurion and Healer","ascension_level":20}}