{"host":"csp9nt53rootlkah","time":1608381054,"event":{"mods":["Act Like it!","BaseMod","Colored Powertips","Friendly Minions","Gensokyo","Highlight Path","Marisa£®ÏF”Í°°ƒß¿Ì…≥£©","Minty Spire (QoL Compilation)","Quick Restart","Replay The Spire","StSLib","TestMod","The Factory","The Jungle","UnlockEverythingMod"],"gold_per_floor":[110,126,126,144,144,170,189,189,189,201,201,201],"floor_reached":11,"playtime":582,"items_purged":[],"score":78,"play_id":"a7fcc9d8-dc4b-4e2a-b560-21774ff31e38","local_time":"20201219203054","is_ascension_mode":true,"campfire_choices":[{"data":"ChargingUp","floor":8,"key":"SMITH"}],"circlet_count":0,"master_deck":["Strike_MRS","Strike_MRS","Strike_MRS","Strike_MRS","Defend_MRS","Defend_MRS","Defend_MRS","Defend_MRS","MasterSpark","UpSweep","EnergyRecoil","ChargingUp+1","MagicAbsorber"],"relics":["MiniHakkero","testmod-TestBox","testmod-Justice","NeowsBlessing","Kunai","Mirror"],"acts_visited":["Gensokyo:Gensokyo"],"potions_floor_usage":[],"damage_taken":[{"damage":0.0,"enemies":"Gensokyo:2_Kodama","floor":1.0,"turns":1.0},{"damage":0.0,"enemies":"Gensokyo:3_Fairies","floor":2.0,"turns":2.0},{"damage":0.0,"enemies":"Gensokyo:Gryphon","floor":4.0,"turns":1.0},{"damage":30.0,"enemies":"Gensokyo:Cirno","floor":6.0,"turns":9.0},{"damage":3,"enemies":"Gensokyo:3_Kodama","floor":7,"turns":4},{"damage":14,"enemies":"Gensokyo:5_Fairies","floor":10,"turns":6},{"damage":12,"enemies":"Gensokyo:Aya","floor":11,"turns":8}],"seed_played":"803481362881308075","potions_obtained":[{"floor":2.0,"key":"Strength Potion"},{"floor":10,"key":"Strength Potion"}],"is_trial":false,"path_per_floor":["M","M","?","M","?","E","M","R","T","M","E"],"character_chosen":"MARISA","items_purchased":[],"campfire_rested":0,"item_purchase_floors":[],"current_hp_per_floor":[75,75,75,75,75,45,42,42,42,28,16,16],"gold":201,"neow_bonus":"THREE_ENEMY_KILL","is_daily":false,"chose_seed":false,"campfire_upgraded":1,"win_rate":0.0,"timestamp":1608381054,"path_taken":["M","M","?","?","?","E","?","R","T","?","E"],"items_purchased_type":[],"build_version":"2020-12-13","purchased_purges":0,"victory":false,"max_hp_per_floor":[75,75,75,75,75,75,75,75,75,75,75,75],"card_choices":[{"not_picked":["IllusionStar","DoubleSpark"],"picked":"EnergyRecoil","floor":1.0},{"not_picked":["6A","SuperPerseids"],"picked":"ChargingUp","floor":2.0},{"not_picked":["WitchOfGreed","ManaConvection"],"picked":"MagicAbsorber","floor":4.0},{"not_picked":["Occultation","MysteriousBeam","GrandCross"],"picked":"SKIP","floor":6.0},{"not_picked":["WitchLeyline","DC","GravityBeat"],"picked":"SKIP","floor":7},{"not_picked":["AlicesGift","EventHorizon","WitchOfGreed"],"picked":"SKIP","floor":10}],"player_experience":113910,"relics_obtained":[{"floor":6.0,"key":"Kunai"},{"floor":9,"key":"Mirror"}],"event_choices":[],"is_beta":false,"boss_relics":[],"items_purged_floors":[],"is_endless":false,"potions_floor_spawned":[2,10],"killed_by":"Gensokyo:Aya","ascension_level":1}}