{"host":"ow9msrs9p2ctkx99","time":1608410571,"event":{"mods":["AchievementEnabler","BaseMod","Colored Map","Colored Powertips","Minty Spire (QoL Compilation)","Permanent Neow","Quick Restart","SuperFastMode"],"gold_per_floor":[109,109,109,132,147,147,180,192,204,24,68,87,262,262,262,262,262],"floor_reached":16,"playtime":301,"items_purged":["Strike_R"],"score":108,"play_id":"466d1523-d8a8-47e5-894a-15eb87589ae8","local_time":"20201219214251","is_ascension_mode":false,"campfire_choices":[{"data":"Bash","floor":6,"key":"SMITH"},{"floor":8,"key":"REST"},{"floor":15,"key":"REST"}],"circlet_count":0,"master_deck":["Strike_R","Strike_R+1","Strike_R+1","Defend_R","Defend_R","Defend_R","Defend_R","Bash+1","Iron Wave","True Grit","Feel No Pain"],"relics":["Mark of Pain","Golden Idol","MawBank","Pantograph","Membership Card","Whetstone"],"acts_visited":["Exordium"],"potions_floor_usage":[7,12],"damage_taken":[{"damage":7,"enemies":"Small Slimes","floor":1,"turns":4},{"damage":1,"enemies":"Jaw Worm","floor":4,"turns":2},{"damage":0,"enemies":"Cultist","floor":5,"turns":3},{"damage":41,"enemies":"Lagavulin","floor":7,"turns":8},{"damage":24,"enemies":"3 Sentries","floor":11,"turns":14},{"damage":3,"enemies":"Large Slime","floor":12,"turns":5},{"damage":73,"enemies":"Hexaghost","floor":16,"turns":12}],"seed_played":"3034833449467908397","potions_obtained":[{"floor":4,"key":"AttackPotion"},{"floor":7,"key":"Energy Potion"},{"floor":11,"key":"DistilledChaos"}],"is_trial":false,"path_per_floor":["M","?","?","M","M","R","E","R","T","$","E","M","?","?","R","B"],"character_chosen":"IRONCLAD","items_purchased":["Membership Card"],"campfire_rested":2,"item_purchase_floors":[10],"current_hp_per_floor":[73,73,66,65,65,65,24,46,46,46,22,19,19,19,41,0,0],"gold":262,"neow_bonus":"BOSS_RELIC","is_daily":false,"chose_seed":false,"campfire_upgraded":1,"win_rate":0.0,"timestamp":1608410571,"path_taken":["M","?","?","M","M","R","E","R","T","$","E","M","?","?","R","BOSS"],"items_purchased_type":["Relic"],"build_version":"2020-12-13","purchased_purges":1,"victory":false,"max_hp_per_floor":[80,74,74,74,74,74,74,74,74,74,74,74,74,74,74,74,74],"card_choices":[{"not_picked":["Pommel Strike","Havoc"],"picked":"Iron Wave","floor":1},{"not_picked":["Flex","Dual Wield","Sever Soul"],"picked":"SKIP","floor":4},{"not_picked":["Ghostly Armor","Anger"],"picked":"True Grit","floor":5},{"not_picked":["Sever Soul","Cleave","Second Wind"],"picked":"SKIP","floor":7},{"not_picked":["Juggernaut","Rampage","Reckless Charge"],"picked":"SKIP","floor":11},{"not_picked":["Juggernaut","Rampage","Reckless Charge"],"picked":"SKIP","floor":11},{"not_picked":["Clash","Flex"],"picked":"Feel No Pain","floor":12}],"player_experience":1092177,"relics_obtained":[{"floor":7,"key":"MawBank"},{"floor":9,"key":"Pantograph"},{"floor":11,"key":"Whetstone"}],"event_choices":[{"damage_healed":0,"gold_gain":0,"player_choice":"Lose Max HP","damage_taken":0,"relics_obtained":["Golden Idol"],"max_hp_gain":0,"max_hp_loss":6,"event_name":"Golden Idol","floor":2,"gold_loss":0},{"cards_removed":["Strike_R"],"damage_healed":0,"gold_gain":0,"player_choice":"Card Removal","damage_taken":7,"max_hp_gain":0,"max_hp_loss":0,"event_name":"Golden Wing","floor":3,"gold_loss":0},{"damage_healed":0,"gold_gain":175,"player_choice":"AGREE","damage_taken":0,"max_hp_gain":0,"max_hp_loss":0,"event_name":"Liars Game","floor":13,"gold_loss":0,"cards_obtained":["Doubt"]},{"cards_removed":["Doubt"],"damage_healed":0,"gold_gain":0,"player_choice":"Forget","damage_taken":0,"max_hp_gain":0,"max_hp_loss":0,"event_name":"Living Wall","floor":14,"gold_loss":0}],"is_beta":false,"boss_relics":[],"items_purged_floors":[10],"is_endless":false,"potions_floor_spawned":[4,7,11],"killed_by":"Hexaghost","ascension_level":0}}