{"host":"Rich","time":1608344285,"event":{"mods":["AchievementEnabler","BaseMod","Highlight Path","Minty Spire (QoL Compilation)","Relic Stats"],"gold_per_floor":[116,126,126,126,6,41,41,41,89,119,139,154,186,198,198,301,301,301,216,216,216,216,216,216,216,216,216,216,216,75,75,75,75,75,75,75,75,75,75,75,75,75,75,37,37,37,37,37,37,37,37,37,37,37,37,37],"floor_reached":55,"playtime":2243,"items_purged":["Strike_B"],"score":1194,"play_id":"0c8bcf2e-4b95-4c25-8772-74e12331c6e4","local_time":"20201218211805","is_ascension_mode":true,"campfire_choices":[{"data":"Chill","floor":8.0,"key":"SMITH"},{"data":"Defragment","floor":15.0,"key":"SMITH"},{"data":"White Noise","floor":23.0,"key":"SMITH"},{"floor":32,"key":"REST"},{"floor":40,"key":"RECALL"},{"data":"Biased Cognition","floor":42,"key":"SMITH"},{"data":"Buffer","floor":45,"key":"SMITH"},{"data":"Storm","floor":49,"key":"SMITH"},{"data":"Zap","floor":52,"key":"SMITH"}],"circlet_count":0,"master_deck":["Strike_B","Strike_B","Strike_B","Defend_B","Defend_B","Defend_B","Defend_B+1","Zap+1","Dualcast","Dark Shackles","White Noise+1","Defragment+1","Chill+1","Ball Lightning","Doom and Gloom","Conserve Battery","White Noise+1","Rainbow","Lockon+1","Storm+1","Buffer+1","Storm+1","Biased Cognition+1","Barrage+1","Cold Snap","Tempest+1","Chrysalis","White Noise+1","Seek"],"relics":["Cracked Core","The Courier","Singing Bowl","Blood Vial","Art of War","Ectoplasm","Gremlin Horn","Nunchaku","DataDisk","MealTicket","Runic Pyramid","WingedGreaves","Vajra","Anchor","Mercury Hourglass","Akabeko"],"acts_visited":["Exordium","TheCity","TheBeyond","TheEnding"],"potions_floor_usage":[27,33,41,50,55],"damage_taken":[{"damage":1.0,"enemies":"Cultist","floor":1.0,"turns":4.0},{"damage":0.0,"enemies":"Small Slimes","floor":2.0,"turns":3.0},{"damage":4.0,"enemies":"3 Sentries","floor":6.0,"turns":8.0},{"damage":6.0,"enemies":"Gremlin Nob","floor":10.0,"turns":4.0},{"damage":0.0,"enemies":"2 Louse","floor":11.0,"turns":3.0},{"damage":23.0,"enemies":"Large Slime","floor":12.0,"turns":6.0},{"damage":0.0,"enemies":"Lagavulin","floor":13.0,"turns":7.0},{"damage":0.0,"enemies":"Exordium Wildlife","floor":14.0,"turns":2.0},{"damage":23.0,"enemies":"The Guardian","floor":16.0,"turns":8.0},{"damage":1.0,"enemies":"Shell Parasite","floor":18.0,"turns":5.0},{"damage":5.0,"enemies":"Spheric Guardian","floor":20.0,"turns":4.0},{"damage":0.0,"enemies":"Centurion and Healer","floor":21.0,"turns":5.0},{"damage":2.0,"enemies":"Gremlin Leader","floor":24.0,"turns":5.0},{"damage":11.0,"enemies":"Snecko","floor":25.0,"turns":4.0},{"damage":27,"enemies":"Slavers","floor":27,"turns":5},{"damage":16,"enemies":"Snake Plant","floor":28,"turns":4},{"damage":0,"enemies":"Centurion and Healer","floor":31,"turns":5},{"damage":39,"enemies":"Champ","floor":33,"turns":8},{"damage":15,"enemies":"3 Darklings","floor":35,"turns":4},{"damage":6,"enemies":"Orb Walker","floor":36,"turns":3},{"damage":0,"enemies":"4 Shapes","floor":37,"turns":4},{"damage":0,"enemies":"Mind Bloom Boss Battle","floor":38,"turns":3},{"damage":1,"enemies":"Transient","floor":41,"turns":5},{"damage":0,"enemies":"Nemesis","floor":47,"turns":7},{"damage":0,"enemies":"Reptomancer","floor":48,"turns":3},{"damage":32,"enemies":"Donu and Deca","floor":50,"turns":7},{"damage":80,"enemies":"Shield and Spear","floor":54,"turns":6},{"damage":84,"enemies":"The Heart","floor":55,"turns":5}],"seed_played":"6283493431360996182","potions_obtained":[{"floor":1.0,"key":"FocusPotion"},{"floor":6.0,"key":"FocusPotion"},{"floor":10.0,"key":"Energy Potion"},{"floor":12.0,"key":"FocusPotion"},{"floor":14.0,"key":"SpeedPotion"},{"floor":20.0,"key":"ColorlessPotion"},{"floor":21.0,"key":"Swift Potion"},{"floor":24.0,"key":"Dexterity Potion"},{"floor":33,"key":"SkillPotion"},{"floor":38,"key":"Explosive Potion"}],"is_trial":false,"path_per_floor":["M","M","T","?","$","E","?","R","T","E","M","M","E","M","R","B",null,"M","?","M","M","?","R","E","M","T","E","M","?","$","M","R","B",null,"M","M","M","?","?","R","M","R","T","$","R","?","E","E","R","B",null,"R","$","E","B"],"character_chosen":"DEFECT","items_purchased":["Defragment","Chill","FairyPotion","PowerPotion"],"campfire_rested":1,"item_purchase_floors":[5,5,30,44],"current_hp_per_floor":[67,67,67,52,52,48,73,73,73,67,69,50,54,56,56,35,68,69,69,68,72,72,72,72,65,65,40,28,28,43,45,71,34,74,63,59,61,63,60,60,61,61,61,76,76,76,80,84,84,54,85,85,95,15,0,0],"gold":37,"neow_bonus":"RANDOM_COLORLESS","is_daily":false,"chose_seed":false,"campfire_upgraded":7,"win_rate":0.0,"timestamp":1608344285,"path_taken":["M","M","?","?","$","E","?","R","T","E","M","M","E","M","R","BOSS","M","?","M","M","?","R","E","M","T","E","M","?","?","?","R","BOSS","M","M","?","?","?","R","M","R","T","?","R","?","E","E","R","BOSS","R","$","E","BOSS"],"items_purchased_type":["Card","Card","Potion","Potion"],"build_version":"2020-12-17","purchased_purges":1,"victory":false,"max_hp_per_floor":[75,75,75,75,75,75,75,75,75,75,75,77,79,79,79,79,79,79,79,81,83,83,83,83,85,85,85,87,87,87,87,87,87,87,89,89,89,89,91,91,91,91,91,91,91,91,93,95,95,95,95,95,95,95,95,95],"relic_stats":{"Blood Vial":46,"Nunchaku":[9],"Singing Bowl":20,"Gremlin Horn":[20,20],"counters":[28,137],"MealTicket":40,"Ectoplasm":500,"Art of War":[30],"obtain_stats":[{"Singing Bowl":6,"Gremlin Horn":19,"Vajra":43,"The Courier":3,"Akabeko":54,"Mercury Hourglass":48,"Blood Vial":10,"Nunchaku":24,"DataDisk":26,"Anchor":47,"MealTicket":27,"Ectoplasm":17,"WingedGreaves":38,"Art of War":13,"Cracked Core":0,"Runic Pyramid":34},{"Singing Bowl":3,"Gremlin Horn":10,"Vajra":23,"The Courier":2,"Akabeko":27,"Mercury Hourglass":25,"Blood Vial":4,"Nunchaku":13,"DataDisk":14,"Anchor":24,"MealTicket":15,"Ectoplasm":9,"WingedGreaves":22,"Art of War":7,"Cracked Core":0,"Runic Pyramid":18},{"Singing Bowl":15,"Gremlin Horn":50,"Vajra":109,"The Courier":7,"Akabeko":132,"Mercury Hourglass":119,"Blood Vial":19,"Nunchaku":64,"DataDisk":68,"Anchor":116,"MealTicket":73,"Ectoplasm":45,"WingedGreaves":104,"Art of War":35,"Cracked Core":0,"Runic Pyramid":90}],"Mercury Hourglass":[60]},"card_choices":[{"not_picked":["Forethought","PanicButton"],"picked":"Dark Shackles","floor":0.0},{"not_picked":["Conserve Battery","Rebound"],"picked":"White Noise","floor":1.0},{"not_picked":["Self Repair","Steam Power"],"picked":"Cold Snap","floor":2.0},{"not_picked":["Leap","Rebound"],"picked":"Ball Lightning","floor":6.0},{"not_picked":["Streamline","Machine Learning"],"picked":"Doom and Gloom","floor":10.0},{"not_picked":["Compile Driver","Rebound"],"picked":"Conserve Battery","floor":11.0},{"not_picked":["Conserve Battery","Go for the Eyes","Rebound"],"picked":"Singing Bowl","floor":12.0},{"not_picked":["Steam","Sunder","Machine Learning"],"picked":"Singing Bowl","floor":13.0},{"not_picked":["Rebound","Rip and Tear"],"picked":"White Noise","floor":14.0},{"not_picked":["All For One","Machine Learning"],"picked":"Rainbow","floor":16.0},{"not_picked":["Rebound","Conserve Battery+1"],"picked":"Lockon+1","floor":18.0},{"not_picked":["Darkness","Conserve Battery","Stack+1"],"picked":"Singing Bowl","floor":20.0},{"not_picked":["Turbo","Streamline+1","Compile Driver"],"picked":"Singing Bowl","floor":21.0},{"not_picked":["Rebound","Aggregate+1"],"picked":"Storm","floor":24.0},{"not_picked":["Reinforced Body+1","Hologram","Blizzard"],"picked":"Singing Bowl","floor":25.0},{"not_picked":["All For One","Coolheaded"],"picked":"Buffer","floor":27},{"not_picked":["Compile Driver","Stack","Skim"],"picked":"Singing Bowl","floor":28},{"not_picked":["Lockon+1","Stack"],"picked":"Storm+1","floor":31},{"not_picked":["Seek","Electrodynamics"],"picked":"Biased Cognition","floor":33},{"not_picked":["Leap","Coolheaded","Steam Power+1"],"picked":"Singing Bowl","floor":35},{"not_picked":["Storm+1","Genetic Algorithm+1"],"picked":"Barrage+1","floor":36},{"not_picked":["Leap","Gash"],"picked":"Cold Snap","floor":37},{"not_picked":["Barrage","Force Field"],"picked":"Tempest+1","floor":38},{"not_picked":["Trip","Flash of Steel"],"picked":"Chrysalis","floor":39},{"not_picked":["Bandage Up","Good Instincts","Magnetism"],"picked":"Singing Bowl","floor":39},{"not_picked":["Sweeping Beam+1","Beam Cell"],"picked":"White Noise+1","floor":41},{"not_picked":["Ball Lightning+1","Conserve Battery+1","Stack+1"],"picked":"Singing Bowl","floor":47},{"not_picked":["Recycle+1","Beam Cell","Redo"],"picked":"Singing Bowl","floor":48},{"not_picked":["Steam","Gash"],"picked":"Seek","floor":54}],"player_experience":1915650,"relics_obtained":[{"floor":3.0,"key":"The Courier"},{"floor":6.0,"key":"Singing Bowl"},{"floor":10.0,"key":"Blood Vial"},{"floor":13.0,"key":"Art of War"},{"floor":24.0,"key":"Nunchaku"},{"floor":26.0,"key":"DataDisk"},{"floor":27,"key":"MealTicket"},{"floor":38,"key":"WingedGreaves"},{"floor":43,"key":"Vajra"},{"floor":47,"key":"Anchor"},{"floor":48,"key":"Mercury Hourglass"},{"floor":54,"key":"Akabeko"}],"event_choices":[{"damage_healed":0.0,"max_hp_gain":0.0,"max_hp_loss":0.0,"gold_gain":0.0,"event_name":"Shining Light","player_choice":"Entered Light","floor":4.0,"gold_loss":0.0,"damage_taken":15.0,"cards_upgraded":["White Noise","Defend_B"]},{"damage_healed":25.0,"max_hp_gain":0.0,"max_hp_loss":0.0,"gold_gain":0.0,"event_name":"Big Fish","player_choice":"Banana","floor":7.0,"gold_loss":0.0,"damage_taken":0.0},{"damage_healed":0.0,"max_hp_gain":0.0,"max_hp_loss":0.0,"gold_gain":0.0,"event_name":"Addict","player_choice":"Obtained Relic","floor":19.0,"gold_loss":85.0,"damage_taken":0.0,"relics_obtained":["Gremlin Horn"]},{"damage_healed":0.0,"max_hp_gain":0.0,"max_hp_loss":0.0,"gold_gain":0.0,"event_name":"Ghosts","player_choice":"Ignored","floor":22.0,"gold_loss":0.0,"damage_taken":0.0},{"damage_healed":0,"gold_gain":0,"player_choice":"Ignored","damage_taken":0,"max_hp_gain":0,"max_hp_loss":0,"event_name":"Cursed Tome","floor":29,"gold_loss":0},{"damage_healed":0,"gold_gain":0,"player_choice":"Fight","damage_taken":0,"max_hp_gain":0,"max_hp_loss":0,"event_name":"MindBloom","floor":38,"gold_loss":0},{"damage_healed":0,"gold_gain":0,"player_choice":"Memory 2","damage_taken":5,"max_hp_gain":0,"max_hp_loss":0,"event_name":"SensoryStone","floor":39,"gold_loss":0},{"cards_removed":["Cold Snap"],"damage_healed":0,"gold_gain":0,"player_choice":"Removed Attack","damage_taken":0,"max_hp_gain":0,"max_hp_loss":0,"event_name":"Falling","floor":46,"gold_loss":0}],"is_beta":true,"boss_relics":[{"not_picked":["SlaversCollar","Coffee Dripper"],"picked":"Ectoplasm"},{"not_picked":["Tiny House","SacredBark"],"picked":"Runic Pyramid"}],"items_purged_floors":[30],"is_endless":false,"potions_floor_spawned":[1,6,10,12,14,20,21,24,33,38,47,48],"killed_by":"The Heart","ascension_level":8}}