{"host":"30jsp143e4v19aze","time":1608403943,"event":{"mods":["BaseMod","Colored Map","Highlight Path","Minty Spire (QoL Compilation)","Quick Restart","Relic Sorter","Relic Stats","Say the Spire","StSLib"],"gold_per_floor":[111,130,95,107,107,134,144,144,171,171,171,205,32,32,32,109,109,119,132,132,132],"floor_reached":20,"playtime":1134,"items_purged":[],"score":414,"play_id":"f0ebcb4f-95a9-405e-8751-2935cb3c3e67","local_time":"20201219195223","is_ascension_mode":true,"campfire_choices":[{"data":"Whirlwind","floor":8,"key":"SMITH"},{"floor":10,"key":"REST"},{"data":"Bash","floor":15,"key":"SMITH"}],"circlet_count":0,"master_deck":["AscendersBane","Strike_R","Strike_R","Strike_R","Strike_R","Defend_R","Defend_R","Defend_R","Defend_R","Bash+1","Spot Weakness","Disarm","Metallicize","Sword Boomerang","Whirlwind+1","Disarm","Feed","Burning Pact","Limit Break","CurseOfTheBell","Shrug It Off"],"relics":["Velvet Choker","Bag of Preparation","Happy Flower","Red Skull","Calling Bell","Regal Pillow","Shuriken","Unceasing Top"],"acts_visited":["Exordium","TheCity"],"potions_floor_usage":[12,20],"damage_taken":[{"damage":4,"enemies":"Small Slimes","floor":1,"turns":3},{"damage":4,"enemies":"Jaw Worm","floor":2,"turns":3},{"damage":9,"enemies":"2 Louse","floor":4,"turns":3},{"damage":31,"enemies":"Lagavulin","floor":6,"turns":8},{"damage":23,"enemies":"Gremlin Gang","floor":7,"turns":5},{"damage":0,"enemies":"3 Sentries","floor":12,"turns":1},{"damage":7,"enemies":"The Guardian","floor":16,"turns":9},{"damage":33,"enemies":"Chosen","floor":18,"turns":5},{"damage":18,"enemies":"Shell Parasite","floor":19,"turns":3},{"damage":5,"enemies":"Snecko","floor":20,"turns":3}],"seed_played":"1854234192914937772","potions_obtained":[{"floor":7,"key":"SkillPotion"},{"floor":12,"key":"SteroidPotion"},{"floor":19,"key":"Fire Potion"}],"is_trial":false,"path_per_floor":["M","M","?","M","?","E","M","R","T","R","$","E","$","?","R","B",null,"M","M","M"],"character_chosen":"IRONCLAD","items_purchased":["Feed"],"campfire_rested":1,"item_purchase_floors":[13],"current_hp_per_floor":[64,60,75,66,66,35,12,12,12,34,34,34,34,34,34,30,66,36,18,13,13],"gold":132,"neow_bonus":"BOSS_RELIC","is_daily":false,"chose_seed":false,"campfire_upgraded":2,"win_rate":0.0,"timestamp":1608403943,"path_taken":["M","M","?","M","?","E","M","R","T","R","?","E","$","?","R","BOSS","M","M","?"],"items_purchased_type":["Card"],"build_version":"2020-12-13","purchased_purges":0,"victory":false,"max_hp_per_floor":[75,75,75,75,75,75,75,75,75,75,75,75,75,75,75,78,78,81,81,81,81],"relic_stats":{"Regal Pillow":0,"Happy Flower":[7],"counters":[10,43],"Shuriken":[2],"Bag of Preparation":[12],"obtain_stats":[{"Calling Bell":17,"Regal Pillow":17,"Happy Flower":9,"Shuriken":17,"Velvet Choker":0,"Bag of Preparation":6,"Burning Blood":0,"Red Skull":12,"Unceasing Top":17},{"Calling Bell":7,"Regal Pillow":7,"Happy Flower":5,"Shuriken":7,"Velvet Choker":0,"Bag of Preparation":4,"Burning Blood":0,"Red Skull":6,"Unceasing Top":7},{"Calling Bell":32,"Regal Pillow":32,"Happy Flower":22,"Shuriken":32,"Velvet Choker":0,"Bag of Preparation":17,"Burning Blood":0,"Red Skull":23,"Unceasing Top":32}],"Unceasing Top":[0]},"card_choices":[{"not_picked":["Sword Boomerang","Clothesline"],"picked":"Spot Weakness","floor":1},{"not_picked":["Inflame","Sword Boomerang"],"picked":"Disarm","floor":2},{"not_picked":["Rage","Shrug It Off"],"picked":"Metallicize","floor":4},{"not_picked":["Dropkick","Headbutt"],"picked":"Sword Boomerang","floor":6},{"not_picked":["Havoc","Heavy Blade"],"picked":"Whirlwind","floor":7},{"not_picked":["Spot Weakness","Sword Boomerang"],"picked":"Disarm","floor":12},{"not_picked":["Fiend Fire","Brutality"],"picked":"Limit Break","floor":16},{"not_picked":["Iron Wave","Searing Blow","Fire Breathing"],"picked":"SKIP","floor":18},{"not_picked":["Iron Wave","Wild Strike"],"picked":"Shrug It Off","floor":19}],"player_experience":2937278,"relics_obtained":[{"floor":6,"key":"Bag of Preparation"},{"floor":9,"key":"Happy Flower"},{"floor":12,"key":"Red Skull"},{"floor":17,"key":"Regal Pillow"},{"floor":17,"key":"Shuriken"},{"floor":17,"key":"Unceasing Top"}],"event_choices":[{"damage_healed":18,"gold_gain":0,"player_choice":"Healed","damage_taken":0,"max_hp_gain":0,"max_hp_loss":0,"event_name":"The Cleric","floor":3,"gold_loss":35},{"damage_healed":0,"gold_gain":0,"player_choice":"Ignored","damage_taken":0,"max_hp_gain":0,"max_hp_loss":0,"event_name":"Liars Game","floor":5,"gold_loss":0},{"damage_healed":0,"gold_gain":0,"cards_transformed":["Strike_R"],"player_choice":"Transformed","damage_taken":0,"max_hp_gain":0,"max_hp_loss":0,"event_name":"Transmorgrifier","floor":14,"gold_loss":0,"cards_obtained":["Burning Pact"]}],"is_beta":false,"boss_relics":[{"not_picked":["Black Star","Fusion Hammer"],"picked":"Calling Bell"}],"items_purged_floors":[],"is_endless":false,"potions_floor_spawned":[7,12,19],"killed_by":"Snecko","ascension_level":20}}