{"host":"ufl0k2so27eic2iy","time":1608408200,"event":{"mods":["BaseMod","Minty Spire (QoL Compilation)","StSLib","The Animator"],"gold_per_floor":[130,3,16,27,68,68,101,101,155,198,11,11,29,52,52,148,148,148,34,34,34,34,34,34,34,34,34,34,34,34,34,34,34,34,34,0,0,0,0,0,0,0,0,0,0,0,0,0,0,0],"floor_reached":51,"playtime":3037,"items_purged":["animator:Strike","animator:Strike"],"score":1259,"play_id":"0684b20c-c73b-4b10-bc67-1df477a6143d","local_time":"20201219200320","is_ascension_mode":true,"campfire_choices":[{"data":"animator:KomachiOnozuka","floor":6.0,"key":"SMITH"},{"floor":8.0,"key":"REST"},{"data":"animator:Kuroyukihime","floor":12.0,"key":"SMITH"},{"data":"animator:MarisaKirisame","floor":15.0,"key":"SMITH"},{"floor":23.0,"key":"REST"},{"data":"animator:Tyuule","floor":27,"key":"SMITH"},{"floor":29,"key":"REST"},{"floor":32,"key":"REST"},{"data":"animator:DolaSchwi","floor":42,"key":"SMITH"},{"floor":44,"key":"REST"},{"floor":49,"key":"REST"}],"circlet_count":0,"master_deck":["AscendersBane","animator:Strike_TouhouProject+1","animator:Defend_TouhouProject+1","animator:Strike+1","animator:Defend+1","animator:Defend+1","animator:Defend+1","animator:MarisaKirisame+1","animator:ReimuHakurei","animator:Tyuule+1","animator:YuiTsuruno","animator:Chris","animator:KomachiOnozuka+1","animator:SayakaMiki","animator:IrohaTamaki","animator:Kuroyukihime+1","animator:TukaLunaMarceau","animator:SanaeKochiya","animator:PinaCoLada","animator:WinryRockbell","animator:NarberalGamma","animator:IzunaHatsuse","animator:ElricEdward","animator:Arpeggio+1","animator:AliceMargatroid+1","animator:DolaSchwi+1","animator:SayakaMiki","animator:QuestionMark"],"relics":["animator:VividPicture","animator:TheMissingPiece","animator:ShinigamisFerry","Whetstone","Potion Belt","animator:Buoy","Ectoplasm","Ancient Tea Set","PreservedInsect","Red Mask","Ornamental Fan","Red Skull","TungstenRod"],"acts_visited":["Exordium","TheCity","TheBeyond"],"potions_floor_usage":[25,30,31,40,46,50,50,50],"damage_taken":[{"damage":5.0,"enemies":"Small Slimes","floor":1.0,"turns":3.0},{"damage":0.0,"enemies":"2 Louse","floor":3.0,"turns":2.0},{"damage":1.0,"enemies":"Cultist","floor":4.0,"turns":3.0},{"damage":12.0,"enemies":"Large Slime","floor":5.0,"turns":5.0},{"damage":16.0,"enemies":"Gremlin Nob","floor":7.0,"turns":3.0},{"damage":18.0,"enemies":"Lagavulin","floor":10.0,"turns":7.0},{"damage":6.0,"enemies":"2 Fungi Beasts","floor":13.0,"turns":3.0},{"damage":2.0,"enemies":"Looter","floor":14.0,"turns":3.0},{"damage":6.0,"enemies":"The Guardian","floor":16.0,"turns":12.0},{"damage":5.0,"enemies":"Shell Parasite","floor":18.0,"turns":5.0},{"damage":15.0,"enemies":"3 Byrds","floor":20.0,"turns":4.0},{"damage":19.0,"enemies":"Cultist and Chosen","floor":21.0,"turns":7.0},{"damage":17.0,"enemies":"Sentry and Sphere","floor":22.0,"turns":6.0},{"damage":13.0,"enemies":"Centurion and Healer","floor":24.0,"turns":8.0},{"damage":1,"enemies":"animator:HornedBat","floor":25,"turns":5},{"damage":19,"enemies":"Book of Stabbing","floor":30,"turns":6},{"damage":14,"enemies":"Shelled Parasite and Fungi","floor":31,"turns":7},{"damage":6,"enemies":"Champ","floor":33,"turns":14},{"damage":6,"enemies":"3 Darklings","floor":35,"turns":6},{"damage":31,"enemies":"Giant Head","floor":40,"turns":10},{"damage":12,"enemies":"Orb Walker","floor":41,"turns":5},{"damage":46,"enemies":"Reptomancer","floor":46,"turns":5},{"damage":0,"enemies":"Maw","floor":48,"turns":5},{"damage":32,"enemies":"Awakened One","floor":50,"turns":10}],"seed_played":"-3467057984451776016","potions_obtained":[{"floor":4.0,"key":"Explosive Potion"},{"floor":5.0,"key":"AttackPotion"},{"floor":10.0,"key":"Dexterity Potion"},{"floor":16.0,"key":"Strength Potion"},{"floor":20.0,"key":"LiquidBronze"},{"floor":22.0,"key":"Energy Potion"},{"floor":25,"key":"BlessingOfTheForge"},{"floor":30,"key":"Regen Potion"},{"floor":31,"key":"DistilledChaos"},{"floor":35,"key":"CultistPotion"},{"floor":46,"key":"Explosive Potion"},{"floor":48,"key":"Explosive Potion"}],"is_trial":false,"path_per_floor":["M","$","M","M","M","R","E","R","T","E","$","R","M","M","R","B",null,"M","$","M","M","M","R","M","E","T","R","?","R","E","M","R","B",null,"M","?","?","?","?","E","M","R","T","R","?","E","?","M","R","B",null],"character_chosen":"THE_ANIMATOR","items_purchased":["animator:YuiTsuruno","animator:Kuroyukihime","animator:WinryRockbell","animator:NarberalGamma"],"campfire_rested":6,"item_purchase_floors":[2,11,19,19],"current_hp_per_floor":[55,55,55,54,42,42,26,45,45,27,27,27,22,21,21,15,55,50,50,35,16,11,31,18,17,17,17,17,37,18,20,40,34,60,54,54,54,54,54,23,12,12,12,32,55,17,17,17,33,17],"gold":0,"neow_bonus":"TEN_PERCENT_HP_BONUS","is_daily":false,"chose_seed":true,"campfire_upgraded":5,"win_rate":0.0,"timestamp":1608408200,"path_taken":["M","$","M","M","M","R","E","R","T","E","$","R","M","M","R","BOSS","M","$","M","M","M","R","M","E","T","R","?","R","E","M","R","BOSS","M","?","?","?","?","E","?","R","T","R","?","E","?","M","R","BOSS"],"items_purchased_type":["Card","Card","Card","Card"],"build_version":"2020-12-13","purchased_purges":2,"victory":true,"max_hp_per_floor":[66,66,66,66,66,66,66,66,66,66,66,66,67,68,68,68,68,68,68,68,68,68,68,68,68,68,68,68,68,68,69,69,69,69,69,69,69,66,66,66,67,67,67,67,55,55,55,55,55,55],"card_choices":[{"not_picked":["animator:YaoHaDucy","animator:DolaRiku"],"picked":"animator:Tyuule","floor":1.0},{"not_picked":["animator:Gluttony","animator:Demiurge","animator:Kazuma"],"picked":"SKIP","floor":3.0},{"not_picked":["animator:TukaLunaMarceau","animator:IrohaTamaki"],"picked":"animator:Chris","floor":4.0},{"not_picked":["animator:YuukaKazami","animator:AyaShameimaru"],"picked":"animator:KomachiOnozuka","floor":5.0},{"not_picked":["animator:Father","animator:DolaRiku"],"picked":"animator:SayakaMiki","floor":7.0},{"not_picked":["animator:Bozes","animator:NagisaMomoe"],"picked":"animator:IrohaTamaki","floor":10.0},{"not_picked":["animator:Entoma","animator:Kuribayashi"],"picked":"animator:TukaLunaMarceau","floor":13.0},{"not_picked":["animator:YuukaKazami","animator:SuikaIbuki"],"picked":"animator:SanaeKochiya","floor":14.0},{"not_picked":["animator:HomuraAkemi","animator:SatoriKomeiji"],"picked":"animator:PinaCoLada","floor":16.0},{"not_picked":["animator:RoryMercury","animator:Entoma+1","animator:RoyMustang"],"picked":"SKIP","floor":18.0},{"not_picked":["animator:Kazuma","animator:Vanir","animator:WinryRockbell"],"picked":"SKIP","floor":20.0},{"not_picked":["animator:YuukaKazami","animator:TukaLunaMarceau"],"picked":"animator:IzunaHatsuse","floor":21.0},{"not_picked":["animator:DolaRiku","animator:Kuribayashi","animator:SuikaIbuki+1"],"picked":"SKIP","floor":24.0},{"not_picked":["animator:Kazuma","animator:Verdia","animator:Kuribayashi"],"picked":"SKIP","floor":25},{"not_picked":["animator:Entoma","animator:SanaeKochiya"],"picked":"animator:ElricEdward","floor":30},{"not_picked":["animator:Tyuule","animator:TukaLunaMarceau"],"picked":"animator:Arpeggio","floor":31},{"not_picked":["animator:Pride","animator:DolaRiku+1"],"picked":"animator:AliceMargatroid+1","floor":35},{"not_picked":["animator:IrohaTamaki","animator:FielNirvalen","animator:Scar"],"picked":"SKIP","floor":40},{"not_picked":["animator:Jibril","animator:Kazuma"],"picked":"animator:DolaSchwi","floor":41},{"not_picked":["animator:OrikoMikuni","animator:SuzuneAmano"],"picked":"animator:SayakaMiki","floor":46},{"not_picked":["animator:Kuroyukihime","animator:Lelouch"],"picked":"animator:QuestionMark","floor":47},{"not_picked":["animator:KyokoSakura","animator:DolaRiku","animator:Bozes"],"picked":"SKIP","floor":48}],"player_experience":2321256,"relics_obtained":[{"floor":7.0,"key":"animator:ShinigamisFerry"},{"floor":7.0,"key":"Whetstone"},{"floor":9.0,"key":"Potion Belt"},{"floor":10.0,"key":"animator:Buoy"},{"floor":25,"key":"Ancient Tea Set"},{"floor":30,"key":"PreservedInsect"},{"floor":40,"key":"Ornamental Fan"},{"floor":43,"key":"Red Skull"},{"floor":46,"key":"TungstenRod"}],"event_choices":[{"damage_healed":0,"gold_gain":0,"player_choice":"Simplicity","damage_taken":0,"max_hp_gain":0,"max_hp_loss":0,"event_name":"Back to Basics","floor":28,"gold_loss":0,"cards_upgraded":["animator:Defend_TouhouProject","animator:Defend","animator:Defend","animator:Defend"]},{"damage_healed":0,"gold_gain":0,"player_choice":"Paid","damage_taken":0,"relics_obtained":["Red Mask"],"max_hp_gain":0,"max_hp_loss":0,"event_name":"Tomb of Lord Red Mask","floor":36,"gold_loss":34},{"damage_healed":0,"gold_gain":0,"player_choice":"Ignored","damage_taken":0,"max_hp_gain":0,"max_hp_loss":0,"event_name":"Mysterious Sphere","floor":37,"gold_loss":0},{"damage_healed":0,"gold_gain":0,"player_choice":"Max HP","damage_taken":0,"max_hp_gain":0,"max_hp_loss":3,"event_name":"Winding Halls","floor":38,"gold_loss":0},{"damage_healed":0,"gold_gain":0,"player_choice":"Forge","damage_taken":0,"max_hp_gain":0,"max_hp_loss":0,"event_name":"Accursed Blacksmith","floor":39,"gold_loss":0,"cards_upgraded":["animator:Arpeggio"]},{"damage_healed":55,"gold_gain":0,"player_choice":"Heal","damage_taken":0,"max_hp_gain":0,"max_hp_loss":12,"event_name":"The Moai Head","floor":45,"gold_loss":0},{"damage_healed":0,"gold_gain":0,"player_choice":"Memory 1","damage_taken":0,"max_hp_gain":0,"max_hp_loss":0,"event_name":"SensoryStone","floor":47,"gold_loss":0}],"is_beta":false,"boss_relics":[{"not_picked":["Mark of Pain","Busted Crown"],"picked":"Ectoplasm"},{"not_picked":["Coffee Dripper","animator:RacePiece"],"picked":"animator:VividPicture"}],"items_purged_floors":[2,11],"is_endless":false,"potions_floor_spawned":[4,5,10,16,20,22,25,30,31,35,46,48],"ascension_level":15}}