{"host":"sav7uxregyirlf69","time":1608362283,"event":{"mods":["AchievementEnabler","BaseMod","Colored Map","DeckTracker","Keyboard Shortcuts","Minty Spire (QoL Compilation)","READ ME - Guardian Mod","StSLib","SuperFastMode"],"gold_per_floor":[114,114,137,152,176,176,209,209,209,51,51,86,86,110,110,110,110],"floor_reached":16,"playtime":262,"items_purged":[],"score":200,"play_id":"8df6f2ab-f7a1-4d95-b099-c98bc65fd56d","local_time":"20201219161803","is_ascension_mode":true,"campfire_choices":[{"data":"Choke","floor":6,"key":"SMITH"},{"floor":11,"key":"REST"},{"floor":13,"key":"REST"},{"data":"Footwork","floor":15,"key":"SMITH"}],"circlet_count":0,"master_deck":["AscendersBane","Strike_G","Strike_G","Strike_G","Strike_G","Strike_G","Defend_G","Defend_G","Defend_G","Defend_G","Defend_G","Survivor","Neutralize","Blade Dance","Blade Dance","Choke+1","Well Laid Plans","Dodge and Roll+1","Phantasmal Killer+1","Footwork+1","Escape Plan+1"],"relics":["Ring of the Snake","Golden Idol","Toxic Egg 2","Sundial","Odd Mushroom"],"acts_visited":["Exordium"],"potions_floor_usage":[7],"damage_taken":[{"damage":0,"enemies":"Jaw Worm","floor":1,"turns":3},{"damage":5,"enemies":"Small Slimes","floor":3,"turns":4},{"damage":0,"enemies":"2 Louse","floor":4,"turns":2},{"damage":3,"enemies":"Looter","floor":5,"turns":3},{"damage":36,"enemies":"Gremlin Nob","floor":7,"turns":4},{"damage":19,"enemies":"The Mushroom Lair","floor":12,"turns":5},{"damage":4,"enemies":"3 Louse","floor":14,"turns":4},{"damage":33,"enemies":"Slime Boss","floor":16,"turns":8}],"seed_played":"5200245203891224497","potions_obtained":[{"floor":4,"key":"BlessingOfTheForge"},{"floor":5,"key":"SmokeBomb"},{"floor":14,"key":"Ancient Potion"}],"is_trial":false,"path_per_floor":["M","?","M","M","M","R","E","?","T","$","R","?","R","M","R","B"],"character_chosen":"THE_SILENT","items_purchased":["Phantasmal Killer+1"],"campfire_rested":2,"item_purchase_floors":[10],"current_hp_per_floor":[59,59,54,54,51,51,15,15,15,15,33,14,32,28,28,0,0],"gold":110,"neow_bonus":"THREE_CARDS","is_daily":false,"chose_seed":true,"campfire_upgraded":2,"win_rate":0.0,"timestamp":1608362283,"path_taken":["M","?","M","M","M","R","E","?","T","$","R","?","R","?","R","BOSS"],"items_purchased_type":["Card"],"build_version":"2020-12-13","purchased_purges":0,"victory":false,"max_hp_per_floor":[66,60,60,60,60,60,60,60,60,60,60,60,60,60,60,60,60],"card_choices":[{"not_picked":["Outmaneuver","Flying Knee"],"picked":"Blade Dance","floor":0},{"not_picked":["Acrobatics","Backflip"],"picked":"Blade Dance","floor":1},{"not_picked":["Slice","Backflip"],"picked":"Choke","floor":3},{"not_picked":["Prepared","All Out Attack","Acrobatics"],"picked":"SKIP","floor":4},{"not_picked":["Cloak And Dagger","Dash"],"picked":"Well Laid Plans","floor":5},{"not_picked":["Caltrops","A Thousand Cuts"],"picked":"Dodge and Roll+1","floor":7},{"not_picked":["Dagger Throw","Quick Slash"],"picked":"Footwork","floor":12},{"not_picked":["All Out Attack","Bane"],"picked":"Escape Plan+1","floor":14}],"player_experience":952649,"relics_obtained":[{"floor":7,"key":"Toxic Egg 2"},{"floor":9,"key":"Sundial"},{"floor":12,"key":"Odd Mushroom"}],"event_choices":[{"damage_healed":0,"gold_gain":0,"player_choice":"Lose Max HP","damage_taken":0,"relics_obtained":["Golden Idol"],"max_hp_gain":0,"max_hp_loss":6,"event_name":"Golden Idol","floor":2,"gold_loss":0},{"damage_healed":0,"gold_gain":0,"player_choice":"Fled","damage_taken":0,"max_hp_gain":0,"max_hp_loss":0,"event_name":"Scrap Ooze","floor":8,"gold_loss":0},{"damage_healed":0,"gold_gain":0,"player_choice":"Fought Mushrooms","damage_taken":0,"max_hp_gain":0,"max_hp_loss":0,"event_name":"Mushrooms","floor":12,"gold_loss":0}],"is_beta":false,"boss_relics":[],"items_purged_floors":[],"is_endless":false,"potions_floor_spawned":[4,5,14],"killed_by":"Slime Boss","ascension_level":20}}