{"host":"qwttrqaysb380yri","time":1608410971,"event":{"mods":["BaseMod","Custom Start","Minty Spire (QoL Compilation)","Permanent Neow","Puzzle Mod","Relic Stats","StSLib","The Cursed","The Hierophant"],"gold_per_floor":[113,130,140,105,97,103,144,198,221,18,45,45,45,78,78,149,149,247,297,419,35,35,5,5],"floor_reached":23,"playtime":801,"items_purged":["hierophant:Strike_Hierophant","hierophant:Defend_Hierophant"],"score":352,"play_id":"2e98c4d5-2e62-4364-b26d-aca6df1f9c78","local_time":"20201219214931","is_ascension_mode":true,"campfire_choices":[{"data":"hierophant:Batter","floor":12,"key":"SMITH"},{"floor":15,"key":"REST"}],"circlet_count":0,"master_deck":["AscendersBane","hierophant:Punish","hierophant:Defend_Hierophant","hierophant:Defend_Hierophant","hierophant:Defend_Hierophant","hierophant:ChurchCoffers","Panacea","hierophant:Purify","hierophant:ThreeLashes","hierophant:Batter+1","hierophant:Encroach","hierophant:RustyCrate","hierophant:Doubloon+1","hierophant:Doubloon","hierophant:HolyVerse","hierophant:HammerAndAnvil","hierophant:Shelter","hierophant:Refuge","hierophant:Doubloon+1","hierophant:SealAway","hierophant:MintersHammer","hierophant:BulkyChest+1","hierophant:AuricForm+1","hierophant:Doomsaying+1","hierophant:OrnateBuckler","hierophant:MirrorShield"],"relics":["hierophant:PropheticMaskRelic","StrikeDummy","Odd Mushroom","Boot","Bag of Marbles","Astrolabe","Toy Ornithopter"],"acts_visited":["Exordium","TheCity"],"potions_floor_usage":[6,6,8,11,16,23,23],"damage_taken":[{"damage":9,"enemies":"Jaw Worm","floor":1,"turns":4},{"damage":2,"enemies":"Small Slimes","floor":2,"turns":4},{"damage":4,"enemies":"2 Louse","floor":3,"turns":2},{"damage":4,"enemies":"Lots of Slimes","floor":5,"turns":3},{"damage":28,"enemies":"Lagavulin","floor":6,"turns":5},{"damage":0,"enemies":"2 Fungi Beasts","floor":7,"turns":3},{"damage":6,"enemies":"The Mushroom Lair","floor":8,"turns":3},{"damage":19,"enemies":"Gremlin Nob","floor":11,"turns":4},{"damage":0,"enemies":"Looter","floor":14,"turns":2},{"damage":44,"enemies":"The Guardian","floor":16,"turns":14},{"damage":20,"enemies":"2 Thieves","floor":18,"turns":4},{"damage":23,"enemies":"Chosen","floor":20,"turns":5},{"damage":35,"enemies":"Gremlin Leader","floor":23,"turns":6}],"seed_played":"2664366353512647209","potions_obtained":[{"floor":3,"key":"Regen Potion"},{"floor":5,"key":"LiquidBronze"},{"floor":6,"key":"Block Potion"},{"floor":8,"key":"Block Potion"},{"floor":14,"key":"GamblersBrew"},{"floor":16,"key":"DuplicationPotion"}],"is_trial":false,"path_per_floor":["M","M","M","?","M","E","M","?","T","$","E","R","$","M","R","B",null,"M","?","M","$","?","E"],"character_chosen":"HIEROPHANT","items_purchased":["hierophant:Shelter","hierophant:Refuge","hierophant:MirrorShield","Toy Ornithopter","Weak Potion"],"campfire_rested":1,"item_purchase_floors":[10,10,21,21,21],"current_hp_per_floor":[59,57,53,71,67,50,50,44,44,44,25,25,25,25,47,3,57,37,37,14,14,14,0,0],"gold":5,"neow_bonus":"RANDOM_COLORLESS","is_daily":false,"chose_seed":false,"campfire_upgraded":1,"win_rate":0.0,"timestamp":1608410971,"path_taken":["M","M","M","?","M","E","M","?","T","?","E","R","?","M","R","BOSS","M","?","M","$","?","E"],"items_purchased_type":["Card","Card","Card","Relic","Potion"],"build_version":"2020-12-13","purchased_purges":2,"victory":false,"max_hp_per_floor":[75,75,75,75,75,75,75,75,75,75,75,75,75,75,75,75,75,75,75,75,75,75,75,75],"relic_stats":{"counters":[13,59],"Astrolabe":["hierophant:BulkyChest","hierophant:AuricForm","hierophant:Doomsaying"],"Boot":[72],"obtain_stats":[{"hierophant:PropheticMaskRelic":0,"Astrolabe":17,"Bag of Marbles":11,"Odd Mushroom":8,"StrikeDummy":6,"Boot":9,"Toy Ornithopter":21},{"hierophant:PropheticMaskRelic":0,"Astrolabe":10,"Bag of Marbles":8,"Odd Mushroom":7,"StrikeDummy":5,"Boot":7,"Toy Ornithopter":12},{"hierophant:PropheticMaskRelic":0,"Astrolabe":44,"Bag of Marbles":28,"Odd Mushroom":24,"StrikeDummy":18,"Boot":24,"Toy Ornithopter":53}],"Toy Ornithopter":10},"card_choices":[{"not_picked":["Madness","Enlightenment"],"picked":"Panacea","floor":0},{"not_picked":["hierophant:MorningPrayer","hierophant:Repentance"],"picked":"hierophant:Purify","floor":1},{"not_picked":["hierophant:PassingBell","hierophant:FlamingChariot"],"picked":"hierophant:ThreeLashes","floor":2},{"not_picked":["hierophant:Purify","hierophant:Patience"],"picked":"hierophant:Batter","floor":3},{"not_picked":["hierophant:Endure","hierophant:Charity"],"picked":"hierophant:Encroach","floor":5},{"not_picked":["hierophant:Upheaval","hierophant:Blessing"],"picked":"hierophant:RustyCrate","floor":6},{"not_picked":["hierophant:Smite","hierophant:Charity"],"picked":"hierophant:HolyVerse","floor":7},{"not_picked":["hierophant:RustyCrate","hierophant:Purify"],"picked":"hierophant:HammerAndAnvil","floor":8},{"not_picked":["hierophant:RustyCrate","hierophant:LocustPlague","hierophant:Martyrdom"],"picked":"SKIP","floor":11},{"not_picked":["hierophant:Doubloon","hierophant:Remorse"],"picked":"hierophant:SealAway","floor":14},{"not_picked":["hierophant:Determination","hierophant:Kindle"],"picked":"hierophant:MintersHammer","floor":16},{"not_picked":["hierophant:PassingBell","hierophant:ArchangelShield","hierophant:Chorus"],"picked":"SKIP","floor":18},{"not_picked":["hierophant:PassingBell","hierophant:HammerAndAnvil"],"picked":"hierophant:OrnateBuckler","floor":20}],"player_experience":1897229,"relics_obtained":[{"floor":6,"key":"StrikeDummy"},{"floor":8,"key":"Odd Mushroom"},{"floor":9,"key":"Boot"},{"floor":11,"key":"Bag of Marbles"}],"event_choices":[{"damage_healed":18,"gold_gain":0,"player_choice":"Healed","damage_taken":0,"max_hp_gain":0,"max_hp_loss":0,"event_name":"The Cleric","floor":4,"gold_loss":35},{"damage_healed":0,"gold_gain":0,"player_choice":"Fought Mushrooms","damage_taken":0,"max_hp_gain":0,"max_hp_loss":0,"event_name":"Mushrooms","floor":8,"gold_loss":0},{"damage_healed":0,"gold_gain":50,"player_choice":"Stole From Cult","damage_taken":0,"max_hp_gain":0,"max_hp_loss":0,"event_name":"Nest","floor":19,"gold_loss":0},{"damage_healed":0,"gold_gain":0,"player_choice":"Ignored","damage_taken":0,"max_hp_gain":0,"max_hp_loss":0,"event_name":"Ghosts","floor":22,"gold_loss":0}],"is_beta":false,"boss_relics":[{"not_picked":["Calling Bell","Tiny House"],"picked":"Astrolabe"}],"items_purged_floors":[10,21],"is_endless":false,"potions_floor_spawned":[3,5,6,8,14,16],"killed_by":"Gremlin Leader","ascension_level":15}}