{"host":"axrdhsaugr8t8srp","time":1608395476,"event":{"mods":["BaseMod","Minty Spire (QoL Compilation)","StSLib"],"gold_per_floor":[119,136,136,136,61,73,103,121,145,175,175,175,175,190,190,286,286,311,162,162,180,203,203,238,238,238],"floor_reached":25,"playtime":893,"items_purged":["Strike_B"],"score":396,"play_id":"a1b44152-047f-418c-b249-2c7b3c156783","local_time":"20201220033116","is_ascension_mode":true,"campfire_choices":[{"data":"Dualcast","floor":11.0,"key":"SMITH"},{"data":"Conserve Battery","floor":13.0,"key":"SMITH"},{"data":"Electrodynamics","floor":15.0,"key":"SMITH"},{"data":"Glacier","floor":23,"key":"SMITH"}],"circlet_count":0,"master_deck":["AscendersBane","Strike_B","Strike_B","Strike_B","Defend_B","Defend_B","Defend_B","Defend_B","Zap","Dualcast+1","Gash","Static Discharge+1","Cold Snap","Electrodynamics+1","Conserve Battery+1","Chill","Injury","Core Surge","Leap","Glacier+1","Loop+1"],"relics":["Cracked Core","NeowsBlessing","Toy Ornithopter","Potion Belt","Boot","Lizard Tail","Golden Idol","SlaversCollar","Question Card","Smiling Mask"],"acts_visited":["Exordium","TheCity"],"potions_floor_usage":[21,24],"damage_taken":[{"damage":0.0,"enemies":"Jaw Worm","floor":1.0,"turns":1.0},{"damage":0.0,"enemies":"2 Louse","floor":2.0,"turns":1.0},{"damage":0.0,"enemies":"Cultist","floor":6.0,"turns":1.0},{"damage":18.0,"enemies":"Lagavulin","floor":7.0,"turns":5.0},{"damage":12.0,"enemies":"Red Slaver","floor":8.0,"turns":4.0},{"damage":22.0,"enemies":"Gremlin Nob","floor":10.0,"turns":4.0},{"damage":2.0,"enemies":"Exordium Thugs","floor":14.0,"turns":3.0},{"damage":24.0,"enemies":"Hexaghost","floor":16.0,"turns":11.0},{"damage":27,"enemies":"Shell Parasite","floor":18,"turns":6},{"damage":6,"enemies":"Chosen","floor":20,"turns":5},{"damage":30,"enemies":"Snake Plant","floor":21,"turns":4},{"damage":13,"enemies":"Centurion and Healer","floor":22,"turns":7},{"damage":18,"enemies":"Book of Stabbing","floor":24,"turns":5},{"damage":10,"enemies":"3 Cultists","floor":25,"turns":3}],"seed_played":"9097498253498001958","potions_obtained":[{"floor":1.0,"key":"Regen Potion"},{"floor":6.0,"key":"DuplicationPotion"},{"floor":7.0,"key":"DuplicationPotion"},{"floor":16.0,"key":"Dexterity Potion"},{"floor":21,"key":"EssenceOfSteel"},{"floor":22,"key":"Ancient Potion"}],"is_trial":false,"path_per_floor":["M","M","?","?","$","M","E","M","T","E","R","?","R","M","R","B",null,"M","?","M","M","M","R","E","M"],"character_chosen":"DEFECT","items_purchased":[],"campfire_rested":0,"item_purchase_floors":[],"current_hp_per_floor":[64,64,52,52,52,52,53,41,41,19,19,19,19,22,22,3,54,27,27,21,35,22,22,9,0,0],"gold":238,"neow_bonus":"THREE_ENEMY_KILL","is_daily":false,"chose_seed":false,"campfire_upgraded":4,"win_rate":0.0,"timestamp":1608395476,"path_taken":["M","M","?","?","?","M","E","M","T","E","R","?","R","M","R","BOSS","M","?","M","?","M","R","E","M"],"items_purchased_type":[],"build_version":"2020-12-13","purchased_purges":1,"victory":false,"max_hp_per_floor":[71,71,71,71,71,71,71,71,71,71,71,71,71,71,71,71,71,71,71,71,71,71,71,71,71,71],"card_choices":[{"not_picked":["Tempest","Redo"],"picked":"Gash","floor":1.0},{"not_picked":["Redo","Compile Driver"],"picked":"Static Discharge","floor":2.0},{"not_picked":["Fusion","Stack"],"picked":"Cold Snap","floor":6.0},{"not_picked":["Coolheaded","Conserve Battery"],"picked":"Electrodynamics","floor":7.0},{"not_picked":["Reinforced Body","Turbo"],"picked":"Conserve Battery","floor":8.0},{"not_picked":["Aggregate","Stack"],"picked":"Chill","floor":10.0},{"not_picked":["Ball Lightning","Beam Cell","Multi-Cast"],"picked":"SKIP","floor":14.0},{"not_picked":["Creative AI","Hyperbeam"],"picked":"Core Surge","floor":16.0},{"not_picked":["Static Discharge","Stack"],"picked":"Leap","floor":18},{"not_picked":["Ball Lightning","FTL","Double Energy","Cold Snap"],"picked":"SKIP","floor":20},{"not_picked":["Stack","Recycle","Melter","Streamline"],"picked":"SKIP","floor":21},{"not_picked":["White Noise","Go for the Eyes","Compile Driver"],"picked":"Glacier","floor":22},{"not_picked":["Turbo","Consume+1","Streamline"],"picked":"Loop+1","floor":24}],"player_experience":789320,"relics_obtained":[{"floor":7.0,"key":"Potion Belt"},{"floor":9.0,"key":"Boot"},{"floor":10.0,"key":"Lizard Tail"},{"floor":24,"key":"Smiling Mask"}],"event_choices":[{"damage_healed":0.0,"max_hp_gain":0.0,"max_hp_loss":0.0,"gold_gain":0.0,"event_name":"Scrap Ooze","player_choice":"Success","floor":3.0,"gold_loss":0.0,"damage_taken":12.0,"relics_obtained":["Toy Ornithopter"]},{"damage_healed":0.0,"max_hp_gain":0.0,"max_hp_loss":0.0,"gold_gain":0.0,"event_name":"Living Wall","player_choice":"Grow","floor":4.0,"gold_loss":0.0,"damage_taken":0.0,"cards_upgraded":["Static Discharge"]},{"damage_healed":0.0,"max_hp_gain":0.0,"max_hp_loss":0.0,"gold_gain":0.0,"event_name":"Golden Idol","player_choice":"Take Wound","floor":12.0,"gold_loss":0.0,"damage_taken":0.0,"relics_obtained":["Golden Idol"],"cards_obtained":["Injury"]},{"damage_healed":0,"gold_gain":0,"player_choice":"Paid Gold","damage_taken":0,"relics_obtained":["Question Card"],"max_hp_gain":0,"max_hp_loss":0,"event_name":"WeMeetAgain","floor":19,"gold_loss":149}],"is_beta":false,"boss_relics":[{"not_picked":["Nuclear Battery","Philosopher\u0027s Stone"],"picked":"SlaversCollar"}],"items_purged_floors":[5],"is_endless":false,"potions_floor_spawned":[1,6,7,16,21,22],"killed_by":"3 Cultists","ascension_level":14}}