{"host":"1mxf43y0hzpoj3pg","time":1608360004,"event":{"mods":["AchievementEnabler","BaseMod","BetterRewards","Colored Map","Conspire","Downfall","Hubris","Infinite Spire","Minty Spire (QoL Compilation)","Permanent Neow","Replay The Spire","Shop Mod","StSLib","The Jungle"],"gold_per_floor":[99,110,110,110,110,126,126,161,161,193,203,250,263,277,291,394,394,394,394,409,409,444,444,495,420,98,23,36,47,64,82,97,197,197,197,243,243,164,164,179,179,207,207,207,224,243,243,260,272,376,376,376,376,391,391,404,160,160,160,176,176,176,74,87,97,110,210,210,210,229,258,285,397,529,567,579,25,25,45,45,65,65,85,186,236,236,236,236,86,115,132,157,157,192,223,223,243,258,274,290,290,290],"floor_reached":101,"playtime":11583,"items_purged":["Guardian:Strike_Guardian","Voices","Slimebound:Icky","ReplayTheSpireMod:Splinters"],"score":1933,"play_id":"de0681b5-8956-4b50-aadc-7baf13874ad5","local_time":"20201219014004","is_ascension_mode":false,"campfire_choices":[{"data":"Guardian:TwinSlam","floor":1,"key":"SMITH"},{"data":"Guardian:CurlUp","floor":3,"key":"SMITH"},{"floor":9,"key":"REST"},{"data":"Guardian:PiercingHide","floor":18,"key":"SMITH"},{"data":"Guardian:TemporalShield","floor":23,"key":"SMITH"},{"floor":25,"key":"RECALL"},{"data":"Guardian:TemporalShield","floor":27,"key":"SMITH"},{"data":"Guardian:BronzeArmor","floor":35,"key":"SMITH"},{"floor":44,"key":"REST"},{"data":"Guardian:PiercingHide","floor":52,"key":"SMITH"},{"data":"Guardian:ChargeUp","floor":55,"key":"SMITH"},{"data":"Guardian:ShieldCharger","floor":59,"key":"SMITH"},{"floor":69,"key":"DIG"},{"data":"Guardian:Harden","floor":76,"key":"SMITH"},{"data":"Mayhem","floor":78,"key":"SMITH"},{"data":"Guardian:SpikerProtocol","floor":86,"key":"SMITH"},{"data":"Guardian:Suspension","floor":93,"key":"SMITH"}],"circlet_count":0,"master_deck":["Guardian:Strike_Guardian+1","Guardian:Defend_Guardian","Guardian:Defend_Guardian","Guardian:Defend_Guardian+1","Guardian:Defend_Guardian","Guardian:ChargeCore+1","Guardian:TemporalShield+1","Guardian:BaubleBeam+1","Guardian:WalkerClaw+1","Guardian:PiercingHide+1","Guardian:TemporalShield+1","Guardian:PrimingBeam+1","Guardian:ChargeUp+1","Guardian:RevengeProtocol+1","Guardian:ShieldCharger+1","Guardian:CrystalBeam+1","Guardian:BronzeArmor+1","Guardian:PiercingHide+1","Guardian:Harden+1","Guardian:RefractedBeam+2","Guardian:Clone+1","Guardian:ChargeUp+1","Guardian:Suspension","Guardian:Reroute+1","Replay:Fractal Strike+1","Guardian:ShieldCharger+1","Guardian:AncientConstruct","hubris:DuctTapeCard","Guardian:PolyBeam+1","Guardian:SpikerProtocol","Guardian:SpikerProtocol+1","infinitespire:UltimateForm","Guardian:ArmoredProtocol","Guardian:Harden+1","Guardian:FloatingOrbs","Guardian:SpikerProtocol","Guardian:EvasiveProtocol","Mayhem+1","Guardian:PrismaticBarrier+1","Guardian:BaubleBeam+1","Guardian:Clone+1","expansioncontent:DecasProtection","expansioncontent:Chronoboost","Guardian:Suspension+1","infinitespire:Fortify","Guardian:ExploitGems"],"relics":["Guardian:ModeShifter","Molten Egg 2","Happy Flower","Blue Doll","Anchor","hubris:Backtick","Calipers","Onion Ring","downfall:HeartBlessingBlue","Guide Book","downfall:HeartBlessingRed","Replay:Bronze Core","hubris:64BitClover","Sundial","hubris:ToyBattleship","infinitespire:Lychee Nut","Replay:Ancient Bell","ReplayTheSpireMod:Lightbulb","hubris:DuctTape","Replay:Towering Pillar of Hats","Centennial Puzzle","hubris:MysteriousPyramids","Lantern","Blue Candle","conspire:RoyalGoblet","Replay:Rubber Ducky","SlaversCollar","Whetstone","MawBank","infinitespire:Broken Mirror","Tiny House","hubris:DeckOfHolding","Ginger"],"acts_visited":["Exordium","TheCity","TheBeyond","Exordium","Exordium","TheBeyond"],"potions_floor_usage":[8,22,22,36,36,42,46,50,57,57,67,84,94,95,97,101],"damage_taken":[{"damage":5,"enemies":"2 Louse","floor":2,"turns":3},{"damage":6,"enemies":"Jaw Worm","floor":6,"turns":3},{"damage":23,"enemies":"3 Sentries","floor":8,"turns":11},{"damage":11,"enemies":"Gremlin Nob","floor":10,"turns":4},{"damage":0,"enemies":"Cultist","floor":11,"turns":3},{"damage":0,"enemies":"Red Slaver","floor":13,"turns":4},{"damage":0,"enemies":"Exordium Wildlife","floor":14,"turns":5},{"damage":0,"enemies":"Exordium Thugs","floor":15,"turns":3},{"damage":42,"enemies":"downfall:Ironclad","floor":16,"turns":12},{"damage":4,"enemies":"Spheric Guardian","floor":20,"turns":4},{"damage":14,"enemies":"Slavers","floor":22,"turns":6},{"damage":0,"enemies":"downfall:FleeingMerchant","floor":26,"turns":4},{"damage":0,"enemies":"Chosen","floor":28,"turns":6},{"damage":3,"enemies":"Snecko","floor":29,"turns":8},{"damage":2,"enemies":"Snake Plant","floor":30,"turns":3},{"damage":0,"enemies":"Chosen and Byrds","floor":31,"turns":6},{"damage":0,"enemies":"Centurion and Healer","floor":32,"turns":5},{"damage":37,"enemies":"downfall:Watcher","floor":33,"turns":11},{"damage":8,"enemies":"2 Orb Walkers","floor":36,"turns":5},{"damage":0,"enemies":"downfall:FleeingMerchant","floor":38,"turns":5},{"damage":5,"enemies":"3 Darklings","floor":40,"turns":5},{"damage":61,"enemies":"Nightmare","floor":42,"turns":10},{"damage":0,"enemies":"Orb Walker","floor":45,"turns":2},{"damage":0,"enemies":"Writhing Mass","floor":46,"turns":7},{"damage":0,"enemies":"Spire Growth","floor":48,"turns":7},{"damage":1,"enemies":"Jaw Worm Horde","floor":49,"turns":6},{"damage":19,"enemies":"downfall:Silent","floor":50,"turns":11},{"damage":0,"enemies":"Jaw Worm","floor":54,"turns":6},{"damage":0,"enemies":"Cultist","floor":56,"turns":2},{"damage":9,"enemies":"downfall:FleeingMerchant","floor":57,"turns":4},{"damage":2,"enemies":"Small Slimes","floor":60,"turns":4},{"damage":2,"enemies":"2 Fungi Beasts","floor":64,"turns":4},{"damage":1,"enemies":"3 Louse","floor":65,"turns":3},{"damage":1,"enemies":"Blue Slaver","floor":66,"turns":3},{"damage":3,"enemies":"Hexaghost","floor":67,"turns":9},{"damage":1,"enemies":"theJungle:MUSHROOMGANG","floor":70,"turns":4},{"damage":4,"enemies":"theJungle:5_Spyders","floor":71,"turns":6},{"damage":1,"enemies":"theJungle:SlimyTreeVines","floor":72,"turns":6},{"damage":2,"enemies":"theJungle:Cassacara","floor":75,"turns":7},{"damage":1,"enemies":"theJungle:JungleHuntersEncounter","floor":79,"turns":5},{"damage":0,"enemies":"theJungle:2_Snecko_Cultists","floor":81,"turns":3},{"damage":11,"enemies":"theJungle:Snecko_Cultist_And_Trap","floor":83,"turns":5},{"damage":2,"enemies":"theJungle:QueenSpyder","floor":84,"turns":8},{"damage":23,"enemies":"Reptomancer","floor":90,"turns":6},{"damage":7,"enemies":"3 Darklings","floor":91,"turns":3},{"damage":9,"enemies":"Nemesis","floor":92,"turns":7},{"damage":34,"enemies":"Reptomancer","floor":94,"turns":6},{"damage":0,"enemies":"Giant Head","floor":95,"turns":7},{"damage":11,"enemies":"3 Shapes","floor":97,"turns":6},{"damage":27,"enemies":"Jaw Worm Horde","floor":98,"turns":3},{"damage":0,"enemies":"Sphere and 2 Shapes","floor":99,"turns":4},{"damage":0,"enemies":"Maw","floor":100,"turns":8},{"damage":20,"enemies":"infinitespire:MassOfShapes","floor":101,"turns":1}],"seed_played":"5790787087902255469","potions_obtained":[{"floor":6,"key":"Elixir"},{"floor":10,"key":"DistilledChaos"},{"floor":13,"key":"Block Potion"},{"floor":20,"key":"Fire Potion"},{"floor":29,"key":"SteroidPotion"},{"floor":30,"key":"Explosive Potion"},{"floor":36,"key":"Swift Potion"},{"floor":45,"key":"ColorlessPotion"},{"floor":48,"key":"Guardian:BlockOnCardUsePotion"},{"floor":49,"key":"Languid Potion"},{"floor":50,"key":"Explosive Potion"},{"floor":54,"key":"SteroidPotion"},{"floor":64,"key":"FearPotion"},{"floor":65,"key":"SkillPotion"},{"floor":71,"key":"CultistPotion"},{"floor":84,"key":"Elixir"},{"floor":95,"key":"PowerPotion"},{"floor":98,"key":"Swift Potion"},{"floor":99,"key":"Dexterity Potion"}],"is_trial":false,"path_per_floor":["R","M","R","?","?","M","T","E","R","E","M","T","M","M","M","B",null,"R","?","M","?","E","R","T","R","$","R","M","M","M","M","M","B",null,"R_BF","?","?","$","?","M","T","NM","?","R","M","M","T","M","M","B",null,"R","?","M","R","M","$","T","R","M","AVR","?","$","M","M","M","B",null,"R_BF","M","M","M","?","?","E","R","$","R","M","?","M","?","M","B",null,"R","?","?","$","E","M","E","R","E","E","?","M","M","M","M","B"],"character_chosen":"GUARDIAN","items_purchased":["Guardian:BronzeArmor","Guide Book","Guardian:Gem_Cyan","Guardian:Suspension","Guardian:SpikerProtocol","hubris:MysteriousPyramids","Lantern","Guardian:ArmoredProtocol","Guardian:Harden","infinitespire:Broken Mirror","Mayhem"],"campfire_rested":2,"item_purchase_floors":[26,26,38,38,57,57,57,63,63,77,77],"current_hp_per_floor":[88,83,83,83,83,77,77,54,80,69,69,69,69,69,69,27,88,88,88,84,84,70,70,70,80,80,80,80,77,75,75,75,38,98,98,90,90,90,90,85,85,24,24,53,53,69,69,73,72,57,73,73,73,73,73,73,65,65,65,69,69,66,66,70,72,73,70,73,73,73,70,72,67,57,61,61,61,61,66,68,73,73,63,67,78,78,73,73,73,56,55,52,52,24,30,30,25,4,10,16,0,0],"gold":290,"neow_bonus":"TEN_PERCENT_HP_BONUS","is_daily":false,"chose_seed":false,"campfire_upgraded":13,"win_rate":0.0,"timestamp":1608360004,"path_taken":["R","M","R","?","?","M","T","E","R","E","M","?","M","M","M","BOSS","R","?","M","?","E","R","T","R","$","R","M","?","M","M","M","BOSS","R_BF","?","?","?","?","M","T","NM","?","R","M","?","?","M","M","BOSS","R","?","M","R","M","$","T","R","M","AVR","?","?","?","M","M","BOSS","R_BF","M","M","M","?","?","E","R","$","R","M","?","M","?","M","BOSS","R","?","?","?","E","M","E","R","?","E","?","M","M","M","M","BOSS"],"items_purchased_type":["Card","Relic","Card","Card","Card","Relic","Relic","Card","Card","Relic","Card"],"build_version":"2020-12-13","purchased_purges":4,"victory":false,"max_hp_per_floor":[88,88,88,88,88,88,88,88,88,88,88,88,88,88,88,88,88,88,88,88,88,88,88,88,98,98,98,98,98,98,98,98,98,98,98,98,98,98,98,98,98,98,98,98,98,98,73,73,73,73,73,73,73,73,73,73,73,73,73,73,73,73,73,73,73,73,73,73,73,73,73,73,73,73,73,73,73,73,73,73,73,73,73,73,78,78,78,78,78,78,78,78,78,78,78,78,78,78,78,78,78,78],"card_choices":[{"not_picked":["Guardian:SentryBeam","Guardian:Gem_Cyan"],"picked":"Guardian:ChargeCore","floor":2},{"not_picked":["Guardian:TimeBomb","Guardian:Gem_Red"],"picked":"Guardian:TemporalShield","floor":6},{"not_picked":["Guardian:Gem_White","Guardian:ShieldSpikes"],"picked":"Guardian:BaubleBeam+1","floor":8},{"not_picked":["Guardian:PrismaticBarrier","Guardian:MultiBeam+1"],"picked":"Guardian:WalkerClaw+1","floor":10},{"not_picked":["Guardian:Recover","Guardian:Gem_Green"],"picked":"Guardian:PiercingHide","floor":11},{"not_picked":["Guardian:Preprogram","Guardian:Gem_Lightblue"],"picked":"Guardian:TemporalShield","floor":13},{"not_picked":["Guardian:ShieldSpikes","Guardian:CrystalBeam+1"],"picked":"Guardian:PrimingBeam+1","floor":14},{"not_picked":["Guardian:Gem_Lightblue","Guardian:WalkerClaw+1"],"picked":"Guardian:ChargeUp","floor":15},{"not_picked":["Guardian:ExploitGems","Guardian:StasisField"],"picked":"Guardian:RevengeProtocol","floor":16},{"not_picked":["Guardian:PolyBeam+1","Guardian:PrimingBeam+1"],"picked":"Guardian:Gem_Lightblue","floor":20},{"not_picked":["Guardian:PiercingHide+1","Guardian:VentSteam"],"picked":"Guardian:ShieldCharger+1","floor":22},{"not_picked":["Guardian:GuardianWhirl+1","Guardian:BaubleBeam+1"],"picked":"Guardian:CrystalBeam+1","floor":26},{"not_picked":["Guardian:Gem_Lightblue","Guardian:WalkerClaw+1"],"picked":"Guardian:PiercingHide","floor":28},{"not_picked":["Guardian:RollAttack+1","Guardian:PiercingHide+1"],"picked":"Guardian:Harden+1","floor":29},{"not_picked":["Guardian:ShieldCharger+1","Guardian:StasisStrike+1"],"picked":"Guardian:Gem_White","floor":30},{"not_picked":["Guardian:Gem_Green","Guardian:MultiBeam+1"],"picked":"Guardian:RefractedBeam+1","floor":31},{"not_picked":["Guardian:Suspension","Guardian:Planning"],"picked":"Guardian:Clone+1","floor":32},{"not_picked":["Guardian:ChargeCore+1","Guardian:Gem_Lightblue"],"picked":"Guardian:ChargeUp","floor":36},{"not_picked":["Guardian:DonusPower","Guardian:Incinerate+1","Guardian:Recover"],"picked":"SKIP","floor":38},{"not_picked":["Guardian:BronzeOrb+1","Guardian:TemporalStrike+1"],"picked":"Guardian:Reroute+1","floor":40},{"not_picked":["infinitespire:Collect","infinitespire:Execution"],"picked":"Replay:Fractal Strike","floor":42},{"not_picked":["Guardian:StasisField","Guardian:WalkerClaw+1"],"picked":"Guardian:Gem_Crimson","floor":42},{"not_picked":["Guardian:TimeBomb+1","Guardian:WalkerClaw+1","Guardian:Gem_Fragmented"],"picked":"SKIP","floor":45},{"not_picked":["Guardian:Incinerate+1","Guardian:Planning+1"],"picked":"Guardian:ShieldCharger","floor":46},{"not_picked":["Guardian:VentSteam+1","Guardian:RollAttack+1"],"picked":"Guardian:Gem_Red","floor":48},{"not_picked":["Guardian:ChargeCore+1","Guardian:Recover","Guardian:VentSteam+1"],"picked":"SKIP","floor":49},{"not_picked":["Guardian:RevengeProtocol","Guardian:TimeSifter"],"picked":"Guardian:AncientConstruct","floor":50},{"not_picked":["Looming Evil","ReplayTheSpireMod:Faulty Equipment"],"picked":"ReplayTheSpireMod:Splinters","floor":51},{"not_picked":["Languid","infinitespire:Pacifist"],"picked":"Voices","floor":51},{"not_picked":["conspire:NecroticWound","Languid"],"picked":"Slimebound:Icky","floor":51},{"not_picked":["Guardian:VentSteam","Guardian:SentryBeam+1"],"picked":"Guardian:PolyBeam+1","floor":54},{"not_picked":["Guardian:ChargeCore+1","Guardian:ShieldCharger","Guardian:PolyBeam+1"],"picked":"SKIP","floor":56},{"not_picked":["Guardian:WalkerClaw+1","Guardian:GuardianWhirl+1"],"picked":"Guardian:SpikerProtocol","floor":57},{"not_picked":["Guardian:ShieldCharger","Guardian:CrystalBeam+1","Guardian:Planning"],"picked":"SKIP","floor":60},{"not_picked":["Guardian:Gem_Fragmented","Guardian:Recover"],"picked":"Guardian:FloatingOrbs","floor":64},{"not_picked":["Guardian:ShieldCharger","Guardian:TimeCapacitor"],"picked":"Guardian:Gem_White","floor":65},{"not_picked":["Guardian:StasisField","Guardian:Gem_Green","Guardian:Planning"],"picked":"SKIP","floor":66},{"not_picked":["Guardian:Gem_Synthetic","Guardian:ConstructionForm"],"picked":"Guardian:Gem_Orange","floor":67},{"not_picked":["Guardian:Suspension","Guardian:WalkerClaw+1"],"picked":"Guardian:SpikerProtocol","floor":70},{"not_picked":["Guardian:ShieldCharger","Guardian:PolyBeam+1","Guardian:Gem_Lightblue"],"picked":"SKIP","floor":71},{"not_picked":["Guardian:Gem_Green","Guardian:Reroute+1"],"picked":"Guardian:EvasiveProtocol","floor":72},{"not_picked":["Guardian:ChargeCore+1","Guardian:ShieldCharger+1","Guardian:Incinerate+1"],"picked":"SKIP","floor":75},{"not_picked":["Guardian:ChargeCore+1","Guardian:TimeBomb","Guardian:Gem_Green"],"picked":"SKIP","floor":79},{"not_picked":["Guardian:Gem_Red","Guardian:BronzeOrb+1"],"picked":"Guardian:PrismaticBarrier","floor":81},{"not_picked":["Guardian:DonusPower","Guardian:Gem_Green","Guardian:PiercingHide"],"picked":"SKIP","floor":83},{"not_picked":["Guardian:RevengeProtocol","Guardian:HyperBeam_Guardian+1"],"picked":"Guardian:BaubleBeam+1","floor":84},{"not_picked":["Guardian:TemporalStrike+1","Guardian:Gem_Red"],"picked":"Guardian:Clone+1","floor":85},{"not_picked":["expansioncontent:PrepareCrush","expansioncontent:AwakenDeath"],"picked":"expansioncontent:DecasProtection","floor":87},{"not_picked":["expansioncontent:PolyBeam+1","expansioncontent:FaceSlap+1"],"picked":"expansioncontent:Chronoboost","floor":87},{"not_picked":["Guardian:Reroute+1","Guardian:Gem_Green","Guardian:Gem_Red"],"picked":"SKIP","floor":90},{"not_picked":["Guardian:PolyBeam+1","Guardian:WalkerClaw+1","Guardian:MultiBeam+1"],"picked":"SKIP","floor":91},{"not_picked":["Guardian:WalkerClaw+1","Guardian:Incinerate+1"],"picked":"Guardian:Suspension","floor":92},{"not_picked":["Guardian:RollAttack+1","Guardian:Recover","Guardian:Reroute+1"],"picked":"SKIP","floor":94},{"not_picked":["ReplayTheSpireMod:??????????????????????","infinitespire:SealOfDarkness+"],"picked":"infinitespire:Fortify","floor":95},{"not_picked":["Guardian:Gem_Purple","Guardian:PrimingBeam+1"],"picked":"Guardian:ExploitGems","floor":95},{"not_picked":["Guardian:Recover","Guardian:Gem_Fragmented","Guardian:CrystalBeam+1"],"picked":"SKIP","floor":97},{"not_picked":["Guardian:Planning","Guardian:ShieldCharger","Guardian:Gem_Purple"],"picked":"SKIP","floor":98},{"not_picked":["Guardian:BronzeArmor+1","Guardian:SpikerProtocol","Guardian:AncientConstruct"],"picked":"SKIP","floor":99},{"not_picked":["Guardian:Harden+1","Guardian:TimeBomb","Guardian:Planning+1"],"picked":"SKIP","floor":100}],"player_experience":181727,"relics_obtained":[{"floor":7,"key":"Molten Egg 2"},{"floor":8,"key":"Happy Flower"},{"floor":10,"key":"Blue Doll"},{"floor":12,"key":"Anchor"},{"floor":22,"key":"Onion Ring"},{"floor":36,"key":"hubris:64BitClover"},{"floor":41,"key":"Sundial"},{"floor":42,"key":"hubris:ToyBattleship"},{"floor":47,"key":"infinitespire:Lychee Nut"},{"floor":54,"key":"Centennial Puzzle"},{"floor":58,"key":"Blue Candle"},{"floor":69,"key":"Whetstone"},{"floor":70,"key":"MawBank"},{"floor":91,"key":"hubris:DeckOfHolding"},{"floor":96,"key":"Ginger"}],"event_choices":[{"damage_healed":0,"gold_gain":0,"player_choice":"Fight","damage_taken":0,"max_hp_gain":0,"max_hp_loss":0,"event_name":"Mysterious Sphere","floor":36,"gold_loss":0},{"damage_healed":0,"gold_gain":0,"player_choice":"Leave","damage_taken":0,"max_hp_gain":0,"max_hp_loss":0,"event_name":"conspire:Investor","floor":39,"gold_loss":0},{"damage_healed":0,"gold_gain":0,"player_choice":"Success","damage_taken":3,"relics_obtained":["Replay:Rubber Ducky"],"max_hp_gain":0,"max_hp_loss":0,"event_name":"Scrap Ooze","floor":62,"gold_loss":0},{"damage_healed":0,"gold_gain":0,"player_choice":"Upgraded","damage_taken":0,"max_hp_gain":0,"max_hp_loss":0,"event_name":"Upgrade Shrine","floor":82,"gold_loss":0,"cards_upgraded":["Guardian:PrismaticBarrier"]}],"is_beta":false,"boss_relics":[{"not_picked":["Ectoplasm","hubris:ScarierMask"],"picked":"hubris:Backtick"},{"not_picked":["Runic Pyramid","Honey Jar"],"picked":"Replay:Bronze Core"},{"not_picked":["hubris:BlackHole","hubris:VirtuousBlindfold"],"picked":"Replay:Ancient Bell"},{"not_picked":["Centennial Puzzle","hubris:TenFootPole"],"picked":"ReplayTheSpireMod:Lightbulb"},{"not_picked":["infinitespire:BottledMercury","infinitespire:FocusingShard"],"picked":"hubris:DuctTape"},{"not_picked":["Torii","hubris:CuriousFeather"],"picked":"Replay:Towering Pillar of Hats"},{"not_picked":["hubris:GrandSneckoEye","Coffee Dripper"],"picked":"SlaversCollar"},{"not_picked":["Sozu","Replay:Wanted Poster"],"picked":"Tiny House"}],"items_purged_floors":[26,57,77,89],"is_endless":true,"potions_floor_spawned":[6,10,13,20,29,30,31,33,36,45,48,49,50,54,64,65,71,72,81,83,84,91,95,98,99],"killed_by":"infinitespire:MassOfShapes","ascension_level":0}}