{"host":"lg1piimdyocafd6j","time":1608392419,"event":{"mods":["AchievementEnabler","BaseMod","Better Third Choice","BetterRewards","Colored Map","Colored Powertips","Downfall","Minty Spire (QoL Compilation)","Quick Restart","Rare Cards Sparkle","StSLib","SuperFastMode"],"gold_per_floor":[114,134,134,149,20,20,48,65,135,162,162,187,217,229,229,325,325],"floor_reached":16,"playtime":946,"items_purged":["Strike_B"],"score":179,"play_id":"46aa0e2b-e6ac-4207-9031-1daa45c33fac","local_time":"20201219164019","is_ascension_mode":true,"campfire_choices":[{"floor":6,"key":"REST"},{"floor":15,"key":"REST"}],"circlet_count":0,"master_deck":["Strike_B","Strike_B","Strike_B+1","Defend_B","Defend_B+1","Defend_B","Defend_B","Zap","Dualcast","Amplify","Streamline","Storm","Ball Lightning","Conserve Battery","Auto Shields","Heatsinks","Hello World","Steam"],"relics":["Cracked Core","Pocketwatch","Gremlin Horn","Happy Flower","Smiling Mask","Calipers"],"acts_visited":["Exordium"],"potions_floor_usage":[2,8,13,13],"damage_taken":[{"damage":0,"enemies":"Small Slimes","floor":1,"turns":4},{"damage":6,"enemies":"Jaw Worm","floor":2,"turns":3},{"damage":7,"enemies":"2 Louse","floor":4,"turns":2},{"damage":32,"enemies":"Gremlin Nob","floor":7,"turns":5},{"damage":10,"enemies":"Exordium Thugs","floor":8,"turns":3},{"damage":13,"enemies":"Lagavulin","floor":10,"turns":5},{"damage":7,"enemies":"3 Sentries","floor":13,"turns":6},{"damage":12,"enemies":"Gremlin Gang","floor":14,"turns":4},{"damage":7,"enemies":"Hexaghost","floor":16,"turns":9}],"seed_played":"8605131031563773224","potions_obtained":[{"floor":2,"key":"Fruit Juice"},{"floor":7,"key":"PowerPotion"},{"floor":8,"key":"GamblersBrew"},{"floor":10,"key":"GamblersBrew"},{"floor":13,"key":"Fruit Juice"}],"is_trial":false,"path_per_floor":["M","M","?","M","$","R","E","M","T","E","?","T","E","M","R","B"],"character_chosen":"DEFECT","items_purchased":["Ball Lightning"],"campfire_rested":2,"item_purchase_floors":[5],"current_hp_per_floor":[75,74,58,51,51,75,43,33,33,20,20,20,18,6,31,24,24],"gold":325,"neow_bonus":"ONE_RANDOM_RARE_CARD","is_daily":false,"chose_seed":false,"campfire_upgraded":0,"win_rate":0.0,"timestamp":1608392419,"path_taken":["M","M","?","M","$","R","E","M","T","E","?","?","E","M","R","BOSS"],"items_purchased_type":["Card"],"build_version":"2020-12-13","purchased_purges":1,"victory":false,"max_hp_per_floor":[75,80,80,80,80,80,80,80,80,80,80,80,85,85,85,85,85],"card_choices":[{"not_picked":["Ball Lightning","Beam Cell"],"picked":"Streamline","floor":1},{"not_picked":["Melter","Doom and Gloom","Glacier"],"picked":"SKIP","floor":2},{"not_picked":["Reinforced Body","Redo"],"picked":"Storm","floor":4},{"not_picked":["Stack","Turbo"],"picked":"Conserve Battery","floor":7},{"not_picked":["Cold Snap","Rip and Tear"],"picked":"Auto Shields","floor":8},{"not_picked":["Beam Cell","Skim"],"picked":"Heatsinks","floor":10},{"not_picked":["FTL","Darkness"],"picked":"Hello World","floor":13},{"not_picked":["Go for the Eyes","Hologram"],"picked":"Steam","floor":14}],"player_experience":200957,"relics_obtained":[{"floor":7,"key":"Pocketwatch"},{"floor":9,"key":"Gremlin Horn"},{"floor":10,"key":"Happy Flower"},{"floor":12,"key":"Smiling Mask"},{"floor":13,"key":"Calipers"}],"event_choices":[{"damage_healed":74,"gold_gain":0,"player_choice":"Upgrade","damage_taken":16,"max_hp_gain":0,"max_hp_loss":80,"event_name":"betterThird:BetterShining","floor":3,"gold_loss":0,"cards_upgraded":["Strike_B","Defend_B"]},{"damage_healed":0,"gold_gain":0,"player_choice":"Ignored","damage_taken":162,"max_hp_gain":0,"max_hp_loss":0,"event_name":"betterThird:BetterSerpent","floor":11,"gold_loss":0}],"is_beta":false,"boss_relics":[],"items_purged_floors":[5],"is_endless":false,"potions_floor_spawned":[2,7,8,10,13],"killed_by":"Hexaghost","ascension_level":1}}