{"host":"95i1gxnztdrdyvhi","time":1608401378,"event":{"mods":["AchievementEnabler","Act Like it!","BaseMod","Downfall","Minty Spire (QoL Compilation)","Quick Restart","StSLib"],"gold_per_floor":[99,99,126,126,126,143,168,203,33,33,52,352,366,366,380,481,481,256,256,283,283,313,332,332,347,379,392,477,327,60,160,176,279,279,279,305,355,8,22,22,22,22,22,54,54,68,118,185,205,205,205,230,75,75,75],"floor_reached":56,"playtime":3241,"items_purged":["champ:Strike","champ:Strike","champ:Strike","champ:Strike"],"score":1414,"play_id":"f9c2610b-81fe-45b8-aa84-591ec18b6f6b","local_time":"20201219180938","is_ascension_mode":false,"campfire_choices":[{"floor":1,"key":"RECALL"},{"data":"champ:AdrenalArmor","floor":10,"key":"SMITH"},{"data":"champ:Encircle","floor":18,"key":"SMITH"},{"data":"champ:Taunt","floor":21,"key":"SMITH"},{"data":"champ:FocusedBerserking","floor":35,"key":"SMITH"},{"data":"champ:Encircle","floor":40,"key":"SMITH"},{"data":"champ:BerserkerStyle","floor":42,"key":"SMITH"},{"data":"champ:IgnorePain","floor":54,"key":"SMITH"}],"circlet_count":0,"master_deck":["champ:Defend","champ:Defend","champ:Defend","champ:Defend","champ:Taunt+1","champ:FocusedBerserking+1","champ:Encircle+1","champ:RageSigil","champ:AdrenalArmor+1","champ:Shatter","champ:Encircle+1","champ:EndlessRage","champ:BringItOn","champ:IgnorePain+1","champ:FocusedBerserking+1","champ:EndlessRage+1","Ghostly","champ:HeartStrike","champ:DeathBlow","champ:VampiricStrike","champ:BerserkerStyle+1","champ:Encircle+1"],"relics":["champ:ChampionCrown","downfall:HeartsMalice","champ:LiftRelic","PreservedInsect","Blood Vial","Old Coin","Coffee Dripper","downfall:HeartBlessingRed","downfall:HeartBlessingGreen","downfall:HeartBlessingBlue","Boot","Nunchaku","Torii","sneckomod:BlankCard","Frozen Eye","downfall:CloakOfManyFaces","CultistMask","FaceOfCleric","NlothsMask","GremlinMask","SsserpentHead","Runic Dome","Vajra","hexamod:BolsterEngine","Eternal Feather","White Beast Statue","Pen Nib"],"acts_visited":["Exordium","TheCity","TheBeyond","TheEnding"],"potions_floor_usage":[15,55],"damage_taken":[{"damage":0,"enemies":"3 Sentries","floor":3,"turns":1},{"damage":0,"enemies":"Cultist","floor":4,"turns":1},{"damage":0,"enemies":"2 Louse","floor":5,"turns":1},{"damage":16,"enemies":"Small Slimes","floor":6,"turns":2},{"damage":37,"enemies":"Lagavulin","floor":8,"turns":6},{"damage":25,"enemies":"downfall:FleeingMerchant","floor":9,"turns":4},{"damage":40,"enemies":"Exordium Thugs","floor":11,"turns":3},{"damage":21,"enemies":"Blue Slaver","floor":13,"turns":2},{"damage":7,"enemies":"3 Louse","floor":15,"turns":2},{"damage":69,"enemies":"downfall:Defect","floor":16,"turns":5},{"damage":37,"enemies":"Book of Stabbing","floor":20,"turns":6},{"damage":86,"enemies":"Gremlin Leader","floor":22,"turns":7},{"damage":23,"enemies":"Shell Parasite","floor":23,"turns":2},{"damage":20,"enemies":"Snecko","floor":25,"turns":3},{"damage":51,"enemies":"Slavers","floor":26,"turns":3},{"damage":40,"enemies":"Chosen and Byrds","floor":27,"turns":4},{"damage":42,"enemies":"downfall:FleeingMerchant","floor":30,"turns":4},{"damage":43,"enemies":"downfall:FaceTrader","floor":31,"turns":5},{"damage":31,"enemies":"Snake Plant","floor":32,"turns":3},{"damage":121,"enemies":"downfall:Ironclad","floor":33,"turns":6},{"damage":43,"enemies":"downfall:FleeingMerchant","floor":36,"turns":3},{"damage":36,"enemies":"Orb Walker","floor":39,"turns":2},{"damage":20,"enemies":"Reptomancer","floor":44,"turns":3},{"damage":58,"enemies":"3 Shapes","floor":46,"turns":4},{"damage":73,"enemies":"Spire Growth","floor":48,"turns":3},{"damage":26,"enemies":"Jaw Worm Horde","floor":49,"turns":4},{"damage":69,"enemies":"downfall:Watcher","floor":50,"turns":5},{"damage":123,"enemies":"downfall:CharBossMerchant","floor":52,"turns":6},{"damage":239,"enemies":"downfall:NeowBoss","floor":55,"turns":12}],"seed_played":"8165660740352386510","potions_obtained":[{"floor":3,"key":"DistilledChaos"},{"floor":8,"key":"Fire Potion"},{"floor":11,"key":"CultistPotion"},{"floor":15,"key":"champ:OpenerPotion"}],"is_trial":false,"path_per_floor":["R","?","E","M","M","M","T","E","$","R","M","?","M","?","M","B",null,"R","?","E","R","E","M","T","M","E","M","?","?","$","?","M","B",null,"R","$","?","$","M","R","T","R","$","E","$","M","?","M","M","B",null,"E","$","R","B",null],"character_chosen":"THE_CHAMP","items_purchased":["champ:EndlessRage","Frozen Eye","Vajra","champ:BerserkerStyle","hexamod:BolsterEngine","champ:Encircle","Pen Nib"],"campfire_rested":0,"item_purchase_floors":[9,30,36,36,38,38,53],"current_hp_per_floor":[90,90,90,90,90,90,90,77,76,76,79,67,60,60,64,37,90,100,100,81,81,60,74,74,100,100,100,82,82,100,100,101,101,102,102,99,99,99,104,104,104,104,104,105,105,106,106,107,108,109,109,103,103,110,111],"gold":75,"neow_bonus":"THREE_ENEMY_KILL","is_daily":false,"chose_seed":false,"campfire_upgraded":7,"win_rate":0.0,"timestamp":1608401378,"path_taken":["R","?","E","M","M","M","T","E","$","R","M","?","M","?","M","BOSS","R","?","E","R","E","M","T","M","E","M","?","?","$","?","M","BOSS","R","?","?","$","M","R","T","R","$","E","$","M","?","?","M","BOSS","E","$","R","BOSS"],"items_purchased_type":["Card","Relic","Relic","Card","Relic","Card","Relic"],"build_version":"2020-12-13","purchased_purges":4,"victory":true,"max_hp_per_floor":[90,90,90,90,90,90,90,90,90,90,90,90,90,90,90,90,90,100,100,100,100,100,100,100,100,100,100,100,100,100,100,101,102,102,102,103,103,103,104,104,104,104,104,105,105,106,106,107,108,109,109,110,110,110,111],"card_choices":[{"not_picked":["champ:Shatter","champ:FaceSlap"],"picked":"champ:FocusedBerserking","floor":3},{"not_picked":["champ:Haymaker","champ:SwordSigil"],"picked":"champ:Encircle","floor":4},{"not_picked":["champ:CalledShot","champ:EnGarde"],"picked":"champ:RageSigil","floor":5},{"not_picked":["champ:Haymaker","champ:BringItOn"],"picked":"champ:AdrenalArmor","floor":6},{"not_picked":["champ:DancingMaster","champ:BladeFlurry"],"picked":"champ:Shatter","floor":8},{"not_picked":["champ:BerserkerStyle","champ:Backstep"],"picked":"champ:Encircle","floor":9},{"not_picked":["champ:RecklessLeap","champ:Aggression","champ:Haymaker"],"picked":"SKIP","floor":11},{"not_picked":["champ:IronFortress","champ:FlashCut","champ:CrookedStrike"],"picked":"SKIP","floor":13},{"not_picked":["champ:RisingSlash","champ:DefensiveShout"],"picked":"champ:BringItOn","floor":15},{"not_picked":["champ:HoldFirm","champ:DancingMaster"],"picked":"champ:IgnorePain","floor":16},{"not_picked":["champ:ArenaPreparation","champ:FalseCounter","champ:DefensiveShout"],"picked":"SKIP","floor":20},{"not_picked":["champ:AdrenalArmor","champ:SteelEdge"],"picked":"champ:FocusedBerserking+1","floor":22},{"not_picked":["champ:FocusedBerserking","champ:CalledShot+1"],"picked":"champ:EndlessRage+1","floor":23},{"not_picked":["champ:EnGarde+1","champ:SkillfulDodge","champ:StanceDance+1"],"picked":"SKIP","floor":25},{"not_picked":["champ:Balance","champ:PerfectForm","champ:CrownThrow"],"picked":"SKIP","floor":26},{"not_picked":["champ:Shatter+1","champ:BerserkersShout","champ:Control"],"picked":"SKIP","floor":27},{"not_picked":["champ:BringItOn","champ:SkillfulDodge"],"picked":"champ:HeartStrike","floor":30},{"not_picked":["champ:Haymaker","champ:TornadoPunch+1"],"picked":"champ:DeathBlow","floor":32},{"not_picked":["champ:HeavySlash","champ:SwordThrow"],"picked":"champ:VampiricStrike","floor":33},{"not_picked":["champ:Backstep","champ:PerfectedStrike+1","champ:FanOfKnives"],"picked":"SKIP","floor":36},{"not_picked":["champ:BerserkersShout","champ:BladeFlurry+1","champ:RecklessLeap"],"picked":"SKIP","floor":39},{"not_picked":["champ:EnragedBash+1","champ:RecklessLeap","champ:SwordSigil"],"picked":"SKIP","floor":44},{"not_picked":["champ:BladeFlurry","champ:Riposte","champ:HoldFirm"],"picked":"SKIP","floor":46},{"not_picked":["champ:Balance","champ:EnragedBash+1","champ:ShieldWall"],"picked":"SKIP","floor":48},{"not_picked":["champ:Circumvent","champ:BringItOn+1","champ:BerserkersShout"],"picked":"SKIP","floor":49},{"not_picked":["champ:EnragedBash+1","champ:ViciousMockery+1","champ:BerserkerStyle"],"picked":"SKIP","floor":52}],"player_experience":770577,"relics_obtained":[{"floor":3,"key":"PreservedInsect"},{"floor":8,"key":"Blood Vial"},{"floor":20,"key":"Boot"},{"floor":22,"key":"Nunchaku"},{"floor":24,"key":"Torii"},{"floor":26,"key":"sneckomod:BlankCard"},{"floor":31,"key":"downfall:CloakOfManyFaces"},{"floor":44,"key":"Eternal Feather"},{"floor":52,"key":"White Beast Statue"}],"event_choices":[{"damage_healed":0,"gold_gain":0,"player_choice":"Success","damage_taken":12,"relics_obtained":["Old Coin"],"max_hp_gain":0,"max_hp_loss":0,"event_name":"Scrap Ooze","floor":12,"gold_loss":0},{"cards_removed":["champ:Execute"],"damage_healed":0,"gold_gain":0,"player_choice":"Removed Attack","damage_taken":0,"max_hp_gain":0,"max_hp_loss":0,"event_name":"Falling","floor":37,"gold_loss":0},{"damage_healed":0,"gold_gain":0,"player_choice":"Forge","damage_taken":0,"max_hp_gain":0,"max_hp_loss":0,"event_name":"Accursed Blacksmith","floor":47,"gold_loss":0,"cards_upgraded":["champ:Encircle"]}],"is_beta":false,"boss_relics":[{"not_picked":["champ:PowerArmor","Ectoplasm"],"picked":"Coffee Dripper"},{"not_picked":["Velvet Choker","champ:ChampionCrownUpgraded"],"picked":"Runic Dome"}],"items_purged_floors":[9,30,36,38],"is_endless":false,"potions_floor_spawned":[3,8,11,15,20,22,27,48,49,52],"ascension_level":0}}