{"host":"vumwfieg2b2mnrfl","time":1608419348,"event":{"mods":["AchievementEnabler","BaseMod","Minty Spire (QoL Compilation)","Rare Cards Sparkle","Relic Stats"],"gold_per_floor":[364,382,160,175,193,193,211,245,245,271,271,304,185,201,201,299,299,312,292,105,118,118,118,152,152,230,230,230,249,280,292,292,394,394,404,314,83,99,112,142,142,172,224,255,272,289,315,315,315,315],"floor_reached":51,"playtime":2776,"items_purged":["Pain"],"score":1255,"play_id":"a46c22d7-2885-4875-9ebe-fed3ddf91c38","local_time":"20201219170908","is_ascension_mode":true,"campfire_choices":[{"data":"Barricade","floor":15,"key":"SMITH"},{"data":"1","floor":23,"key":"LIFT"},{"data":"2","floor":25,"key":"LIFT"},{"floor":28,"key":"REST"},{"data":"Flame Barrier","floor":32,"key":"SMITH"},{"data":"3","floor":41,"key":"LIFT"},{"floor":49,"key":"DIG"}],"circlet_count":0,"master_deck":["Strike_R","Strike_R","Strike_R","Strike_R","Defend_R","Defend_R","Defend_R","Bash","Metallicize+1","Shrug It Off","Feed","Battle Trance","Carnage","Shrug It Off","Barricade+1","Twin Strike","Impervious","Flame Barrier+1","Headbutt","Warcry","Warcry","Sword Boomerang","Rage+1","Thunderclap+1","Clash","Reaper","Necronomicurse","Body Slam","Shrug It Off+1","Disarm","Disarm","Flame Barrier+1","Bash","Doubt","Spot Weakness+1"],"relics":["Burning Blood","Akabeko","The Courier","PreservedInsect","Girya","Bronze Scales","Sozu","Orrery","Mango","Ornamental Fan","Necronomicon","Anchor","Fusion Hammer","Shovel","Prayer Wheel","Sundial","Dream Catcher","Pen Nib","Toxic Egg 2","Bottled Flame"],"acts_visited":["Exordium","TheCity","TheBeyond"],"potions_floor_usage":[6,10,12,12,16,33],"damage_taken":[{"damage":16,"enemies":"Jaw Worm","floor":1,"turns":4},{"damage":8,"enemies":"Cultist","floor":2,"turns":5},{"damage":2,"enemies":"2 Louse","floor":4,"turns":6},{"damage":10,"enemies":"Blue Slaver","floor":5,"turns":6},{"damage":0,"enemies":"Gremlin Nob","floor":6,"turns":1},{"damage":36,"enemies":"Gremlin Gang","floor":7,"turns":9},{"damage":20,"enemies":"3 Sentries","floor":8,"turns":11},{"damage":30,"enemies":"Lagavulin","floor":10,"turns":8},{"damage":0,"enemies":"Gremlin Nob","floor":12,"turns":2},{"damage":5,"enemies":"2 Fungi Beasts","floor":14,"turns":3},{"damage":20,"enemies":"The Guardian","floor":16,"turns":25},{"damage":0,"enemies":"Spheric Guardian","floor":18,"turns":6},{"damage":0,"enemies":"2 Thieves","floor":19,"turns":4},{"damage":27,"enemies":"Cultist and Chosen","floor":21,"turns":10},{"damage":29,"enemies":"Slavers","floor":24,"turns":7},{"damage":22,"enemies":"Centurion and Healer","floor":29,"turns":7},{"damage":16,"enemies":"Gremlin Leader","floor":30,"turns":3},{"damage":5,"enemies":"Snake Plant","floor":31,"turns":4},{"damage":81,"enemies":"Collector","floor":33,"turns":11},{"damage":2,"enemies":"Orb Walker","floor":35,"turns":4},{"damage":0,"enemies":"3 Shapes","floor":38,"turns":3},{"damage":0,"enemies":"Transient","floor":39,"turns":5},{"damage":44,"enemies":"Reptomancer","floor":40,"turns":4},{"damage":63,"enemies":"Giant Head","floor":42,"turns":8},{"damage":1,"enemies":"Nemesis","floor":44,"turns":7},{"damage":28,"enemies":"3 Darklings","floor":45,"turns":5},{"damage":23,"enemies":"Spire Growth","floor":46,"turns":7},{"damage":3,"enemies":"Reptomancer","floor":47,"turns":3},{"damage":33,"enemies":"Awakened One","floor":50,"turns":10}],"seed_played":"558620875420396103","potions_obtained":[{"floor":5,"key":"SmokeBomb"},{"floor":7,"key":"Explosive Potion"},{"floor":8,"key":"Regen Potion"},{"floor":10,"key":"Explosive Potion"},{"floor":14,"key":"BloodPotion"},{"floor":16,"key":"Swift Potion"}],"is_trial":false,"path_per_floor":["M","M","$","M","M","E","M","E","T","E","?","E","$","M","R","B",null,"M","M","$","M","?","R","E","R","T","?","R","M","E","M","R","B",null,"M","?","$","M","M","E","R","E","T","E","M","M","E","?","R","B",null],"character_chosen":"IRONCLAD","items_purchased":["Feed","Bronze Scales","Orrery","Rage","Shovel"],"campfire_rested":1,"item_purchase_floors":[3,13,20,20,37],"current_hp_per_floor":[62,60,60,67,66,72,45,34,34,25,25,31,31,35,35,43,84,93,99,99,78,78,78,81,81,81,65,100,96,86,87,87,54,102,118,118,118,118,118,80,80,43,43,68,77,80,107,107,107,94],"gold":315,"neow_bonus":"TWO_FIFTY_GOLD","is_daily":false,"chose_seed":false,"campfire_upgraded":2,"win_rate":0.0,"timestamp":1608419348,"path_taken":["M","M","$","M","M","E","M","E","T","E","?","E","?","M","R","BOSS","M","M","$","M","?","R","E","R","T","?","R","M","E","M","R","BOSS","M","?","$","M","M","E","R","E","T","E","?","M","E","?","R","BOSS"],"items_purchased_type":["Card","Relic","Relic","Card","Relic"],"build_version":"2020-12-13","purchased_purges":1,"victory":true,"max_hp_per_floor":[80,80,80,83,86,86,89,92,92,92,92,92,92,95,95,98,98,101,101,101,101,101,101,118,118,118,118,118,118,118,118,118,118,118,118,118,118,118,118,118,118,121,121,121,121,121,121,121,121,121],"relic_stats":{"counters":[29,188],"PreservedInsect":395,"Pen Nib":[5],"Burning Blood":158,"Sozu":10,"Dream Catcher":0,"Shovel":1,"Ornamental Fan":[124],"Sundial":[2],"Bronze Scales":[431],"Prayer Wheel":2,"Necronomicon":[37],"obtain_stats":[{"Girya":12,"Mango":24,"The Courier":9,"PreservedInsect":10,"Pen Nib":44,"Burning Blood":0,"Akabeko":8,"Sozu":17,"Anchor":30,"Dream Catcher":43,"Bottled Flame":49,"Shovel":37,"Ornamental Fan":26,"Sundial":42,"Bronze Scales":13,"Orrery":20,"Prayer Wheel":40,"Fusion Hammer":34,"Necronomicon":27,"Toxic Egg 2":47},{"Girya":9,"Mango":15,"The Courier":7,"PreservedInsect":8,"Pen Nib":25,"Burning Blood":0,"Akabeko":7,"Sozu":11,"Anchor":17,"Dream Catcher":24,"Bottled Flame":28,"Shovel":20,"Ornamental Fan":15,"Sundial":24,"Bronze Scales":9,"Orrery":13,"Prayer Wheel":23,"Fusion Hammer":19,"Necronomicon":15,"Toxic Egg 2":28},{"Girya":52,"Mango":107,"The Courier":42,"PreservedInsect":50,"Pen Nib":163,"Burning Blood":0,"Akabeko":42,"Sozu":80,"Anchor":117,"Dream Catcher":156,"Bottled Flame":178,"Shovel":136,"Ornamental Fan":107,"Sundial":156,"Bronze Scales":52,"Orrery":90,"Prayer Wheel":148,"Fusion Hammer":132,"Necronomicon":107,"Toxic Egg 2":178}]},"card_choices":[{"not_picked":["Pommel Strike","Infernal Blade"],"picked":"Metallicize","floor":1},{"not_picked":["Wild Strike","Anger"],"picked":"Shrug It Off","floor":2},{"not_picked":["Perfected Strike","Inflame"],"picked":"Battle Trance","floor":4},{"not_picked":["Havoc","Intimidate"],"picked":"Feel No Pain","floor":5},{"not_picked":["Wild Strike","Pommel Strike"],"picked":"Carnage","floor":7},{"not_picked":["Shockwave","Feel No Pain"],"picked":"Shrug It Off","floor":8},{"not_picked":["Infernal Blade","Pommel Strike","Warcry"],"picked":"SKIP","floor":10},{"not_picked":["Body Slam","Anger"],"picked":"Barricade","floor":12},{"not_picked":["Clash","Havoc"],"picked":"Twin Strike","floor":14},{"not_picked":["Limit Break","Brutality"],"picked":"Impervious","floor":16},{"not_picked":["Twin Strike","Perfected Strike"],"picked":"Flame Barrier","floor":18},{"not_picked":["Clash","Corruption"],"picked":"Headbutt","floor":19},{"not_picked":["Carnage+1","Perfected Strike"],"picked":"Warcry","floor":20},{"not_picked":["Fire Breathing","Headbutt"],"picked":"Warcry","floor":20},{"not_picked":["Havoc","Perfected Strike"],"picked":"Sword Boomerang","floor":20},{"not_picked":["Dropkick","Burning Pact"],"picked":"Thunderclap+1","floor":21},{"not_picked":["Clash","Wild Strike+1","Iron Wave"],"picked":"SKIP","floor":24},{"not_picked":["Clash","Power Through+1","Blood for Blood"],"picked":"SKIP","floor":29},{"not_picked":["Cleave","Bludgeon","Sword Boomerang"],"picked":"SKIP","floor":30},{"not_picked":["Cleave","Pommel Strike"],"picked":"Body Slam","floor":31},{"not_picked":["Carnage","Iron Wave","Shockwave"],"picked":"SKIP","floor":35},{"not_picked":["Sword Boomerang","Carnage"],"picked":"Shrug It Off+1","floor":38},{"not_picked":["Headbutt+1","Dropkick","Clash"],"picked":"SKIP","floor":39},{"not_picked":["Thunderclap+1","Reaper","Flex+1"],"picked":"SKIP","floor":40},{"not_picked":["Armaments","Whirlwind","Seeing Red"],"picked":"SKIP","floor":42},{"not_picked":["Spot Weakness","Cleave+1","Perfected Strike"],"picked":"SKIP","floor":44},{"not_picked":["Body Slam","Clothesline"],"picked":"Disarm","floor":45},{"not_picked":["Searing Blow+1","Headbutt+1","Dual Wield"],"picked":"SKIP","floor":45},{"not_picked":["True Grit","Dropkick"],"picked":"Disarm","floor":46},{"not_picked":["Clash+1","Pommel Strike","Power Through+1"],"picked":"SKIP","floor":46},{"not_picked":["Pummel","Armaments+1"],"picked":"Flame Barrier+1","floor":47}],"player_experience":261340,"relics_obtained":[{"floor":8,"key":"Akabeko"},{"floor":9,"key":"The Courier"},{"floor":10,"key":"PreservedInsect"},{"floor":12,"key":"Girya"},{"floor":24,"key":"Mango"},{"floor":26,"key":"Ornamental Fan"},{"floor":27,"key":"Necronomicon"},{"floor":30,"key":"Anchor"},{"floor":40,"key":"Prayer Wheel"},{"floor":42,"key":"Sundial"},{"floor":43,"key":"Dream Catcher"},{"floor":44,"key":"Pen Nib"},{"floor":47,"key":"Toxic Egg 2"},{"floor":49,"key":"Bottled Flame"}],"event_choices":[{"damage_healed":0,"gold_gain":0,"player_choice":"Forge","damage_taken":0,"max_hp_gain":0,"max_hp_loss":0,"event_name":"Accursed Blacksmith","floor":11,"gold_loss":0,"cards_upgraded":["Metallicize"]},{"damage_healed":0,"gold_gain":0,"cards_transformed":["Strike_R","Defend_R"],"player_choice":"Became Test Subject","damage_taken":0,"max_hp_gain":0,"max_hp_loss":0,"event_name":"Drug Dealer","floor":22,"gold_loss":0,"cards_obtained":["Clash","Reaper"]},{"damage_healed":0,"gold_gain":0,"player_choice":"Obtained Book","damage_taken":16,"max_hp_gain":0,"max_hp_loss":0,"event_name":"Cursed Tome","floor":27,"gold_loss":0},{"cards_removed":["Feel No Pain"],"damage_healed":0,"gold_gain":0,"player_choice":"Upgrade and Remove","damage_taken":0,"max_hp_gain":0,"max_hp_loss":0,"event_name":"Designer","floor":36,"gold_loss":90,"cards_upgraded":["Rage"]},{"damage_healed":0,"gold_gain":0,"player_choice":"3 cards matched","damage_taken":0,"max_hp_gain":0,"max_hp_loss":0,"event_name":"Match and Keep!","floor":48,"gold_loss":0,"cards_obtained":["Bash","Doubt","Spot Weakness"]}],"is_beta":false,"boss_relics":[{"not_picked":["SlaversCollar","Calling Bell"],"picked":"Sozu"},{"not_picked":["SacredBark","Mark of Pain"],"picked":"Fusion Hammer"}],"items_purged_floors":[3],"is_endless":false,"potions_floor_spawned":[5,7,8,10,14,16,21,24,30,31,33,38,39,44,45,46],"ascension_level":7}}