{"host":"07ljfmttuzqopd7f","time":1608409276,"event":{"mods":["2.2 Compatiblity","BaseMod","Bestiary","Block Reminder","Colored Map","Colored Powertips","Curses Come First","Hermit","Minty Spire (QoL Compilation)","Quick Restart","Random Character Button","Rare Cards Sparkle","Relic Stats","StSLib","The Cursed","UnlockEverythingMod","everything is the same but u backflip on backflip"],"gold_per_floor":[118,134,209,209,221,256,256,256,256],"floor_reached":8,"playtime":180,"items_purged":[],"score":73,"play_id":"a1b66b53-c2cc-4995-89bc-358bd3d342c0","local_time":"20201219152116","is_ascension_mode":true,"campfire_choices":[{"data":"hermit:WideOpen","floor":7,"key":"SMITH"}],"circlet_count":0,"master_deck":["hermit:Strike_Hermit","hermit:Strike_Hermit","hermit:Strike_Hermit","hermit:Strike_Hermit","hermit:Defend_Hermit","hermit:Defend_Hermit","hermit:Defend_Hermit","hermit:Defend_Hermit","hermit:Snapshot","hermit:Covet","hermit:WideOpen+1","hermit:NoHoldsBarred","hermit:SprayPray","hermit:Reprieve"],"relics":["hermit:Momento","NeowsBlessing","Bird Faced Urn","Regal Pillow"],"acts_visited":["Exordium"],"potions_floor_usage":[6,8],"damage_taken":[{"damage":0,"enemies":"2 Louse","floor":1,"turns":1},{"damage":0,"enemies":"Jaw Worm","floor":2,"turns":1},{"damage":0,"enemies":"Cultist","floor":5,"turns":1},{"damage":8,"enemies":"Gremlin Nob","floor":6,"turns":3},{"damage":50,"enemies":"3 Sentries","floor":8,"turns":8}],"seed_played":"6389810558303739786","potions_obtained":[{"floor":2,"key":"LiquidMemories"},{"floor":6,"key":"SkillPotion"}],"is_trial":false,"path_per_floor":["M","M","?","T","M","E","R","E"],"character_chosen":"HERMIT","items_purchased":[],"campfire_rested":0,"item_purchase_floors":[],"current_hp_per_floor":[68,68,57,57,57,49,49,7,7],"gold":256,"neow_bonus":"THREE_ENEMY_KILL","is_daily":false,"chose_seed":false,"campfire_upgraded":1,"win_rate":0.0,"timestamp":1608409276,"path_taken":["M","M","?","?","?","E","R","E"],"items_purchased_type":[],"build_version":"2020-12-13","purchased_purges":0,"victory":false,"max_hp_per_floor":[75,75,75,75,75,75,75,75,75],"relic_stats":{"Regal Pillow":0,"counters":[5,14],"Bird Faced Urn":[0],"obtain_stats":[{"Regal Pillow":6,"NeowsBlessing":0,"Bird Faced Urn":4,"hermit:Momento":0},{"Regal Pillow":4,"NeowsBlessing":0,"Bird Faced Urn":2,"hermit:Momento":0},{"Regal Pillow":6,"NeowsBlessing":0,"Bird Faced Urn":2,"hermit:Momento":0}]},"card_choices":[{"not_picked":["hermit:HoleUp","hermit:BodyArmor"],"picked":"hermit:WideOpen","floor":1},{"not_picked":["hermit:Ricochet","hermit:WideOpen"],"picked":"hermit:NoHoldsBarred","floor":2},{"not_picked":["hermit:FullyLoaded","hermit:HoleUp"],"picked":"hermit:SprayPray","floor":5},{"not_picked":["hermit:Coalescence","hermit:LuckOfTheDraw"],"picked":"hermit:Reprieve","floor":6}],"player_experience":431654,"relics_obtained":[{"floor":4,"key":"Bird Faced Urn"},{"floor":6,"key":"Regal Pillow"}],"event_choices":[{"damage_healed":0,"gold_gain":75,"player_choice":"Gather Gold","damage_taken":11,"max_hp_gain":0,"max_hp_loss":0,"event_name":"World of Goop","floor":3,"gold_loss":0}],"is_beta":false,"boss_relics":[],"items_purged_floors":[],"is_endless":false,"potions_floor_spawned":[2,6],"killed_by":"3 Sentries","ascension_level":6}}