{"host":"icrrc9b69c1a6188","time":1608393665,"event":{"mods":["Act Like it!","BaseMod","Bestiary","Better Altar","Better Match","Better Note","Better Sensory Stone","Better Skull","Better Third Choice","Block Reminder","Colored Map","Colored Powertips","Curses Come First","Displayed Cursed Tome","Faster Ascension Climbing","HexUI Lib","Jorbs\u0027s Wanderer Trilogy","Minty Spire (QoL Compilation)","Quick Restart","RNG Fix","Random Character Mod","Rare Cards Sparkle","Spicy Shops","StSLib","Unceasing Turn Reminder"],"gold_per_floor":[217,217,242,269,300,300,401,401,413,413,413,413,445,445,460,460,460,460],"floor_reached":52,"playtime":1247,"items_purged":[],"score":356,"play_id":"acbf6142-4afd-422c-969d-f25943798dda","local_time":"20201219100105","is_ascension_mode":false,"campfire_choices":[{"data":"stsjorbsmod:Equinox","floor":23,"key":"SMITH"},{"data":"stsjorbsmod:CULLCard","floor":38,"key":"SMITH"}],"circlet_count":0,"master_deck":["stsjorbsmod:CULLCard+1","stsjorbsmod:Apparition_Cull","stsjorbsmod:Strike_Cull","stsjorbsmod:Strike_Cull","stsjorbsmod:Strike_Cull","stsjorbsmod:Paralysis","stsjorbsmod:SpiritShield_Cull","stsjorbsmod:Exhale","stsjorbsmod:Withering","stsjorbsmod:BlackTentacles_Cull","stsjorbsmod:Shake","stsjorbsmod:Equinox+1","stsjorbsmod:Tragedy","stsjorbsmod:Flame","stsjorbsmod:Flame","stsjorbsmod:Ritual"],"relics":["Runic Pyramid","Strawberry","Frozen Egg 2","Sozu","Du-Vu Doll","Sundial","Potion Belt"],"acts_visited":["Exordium","TheCity"],"potions_floor_usage":[24],"damage_taken":[{"damage":1,"enemies":"Small Slimes","floor":1,"turns":3},{"damage":18,"enemies":"Lagavulin","floor":6,"turns":6},{"damage":26,"enemies":"3 Sentries","floor":13,"turns":10},{"damage":1,"enemies":"Slime Boss","floor":24,"turns":7},{"damage":4,"enemies":"2 Thieves","floor":32,"turns":3},{"damage":19,"enemies":"Gremlin Leader","floor":39,"turns":6},{"damage":10,"enemies":"3 Byrds","floor":46,"turns":3},{"damage":18,"enemies":"Collector","floor":52,"turns":2}],"seed_played":"687472620615520654","potions_obtained":[{"floor":13,"key":"BlessingOfTheForge"}],"is_trial":false,"path_per_floor":["M","?","E","T","E","R","B",null,"M","T","R","R","E","T","M","R","B"],"character_chosen":"CULL","items_purchased":[],"campfire_rested":0,"item_purchase_floors":[],"current_hp_per_floor":[67,60,49,49,23,23,22,43,37,37,42,42,22,22,12,17,0,0],"gold":460,"neow_bonus":"BOSS_RELIC","is_daily":false,"chose_seed":false,"campfire_upgraded":2,"win_rate":0.0,"timestamp":1608393665,"path_taken":["M","?","E","T","E","R","BOSS","M","?","R","R","E","T","?","R","BOSS"],"items_purchased_type":[],"build_version":"2020-12-13","purchased_purges":0,"victory":false,"max_hp_per_floor":[67,67,67,67,50,50,43,43,38,38,42,42,26,26,13,17,15,15],"card_choices":[{"not_picked":["stsjorbsmod:Accumulation","stsjorbsmod:Melt"],"picked":"stsjorbsmod:BlackTentacles_Cull","floor":1},{"not_picked":["stsjorbsmod:Cyclone","stsjorbsmod:Panic"],"picked":"stsjorbsmod:Shake","floor":6},{"not_picked":["stsjorbsmod:Miracle_Cull","stsjorbsmod:Feint"],"picked":"stsjorbsmod:Equinox","floor":13},{"not_picked":["stsjorbsmod:Anxiety","stsjorbsmod:Summoning"],"picked":"stsjorbsmod:Tragedy","floor":24},{"not_picked":["stsjorbsmod:Feint","stsjorbsmod:Cleanse"],"picked":"stsjorbsmod:Flame","floor":32},{"not_picked":["stsjorbsmod:PollutedStrike","stsjorbsmod:SilverStrike+1"],"picked":"stsjorbsmod:Flame","floor":39},{"not_picked":["stsjorbsmod:Cyclone","stsjorbsmod:PollutedStrike"],"picked":"stsjorbsmod:Ritual","floor":46}],"player_experience":701105,"relics_obtained":[{"floor":6,"key":"Strawberry"},{"floor":13,"key":"Frozen Egg 2"},{"floor":35,"key":"Du-Vu Doll"},{"floor":39,"key":"Sundial"},{"floor":45,"key":"Potion Belt"}],"event_choices":[{"cards_removed":["stsjorbsmod:Strike_Cull"],"damage_healed":0,"gold_gain":0,"player_choice":"Card Removal","damage_taken":7,"max_hp_gain":0,"max_hp_loss":0,"event_name":"Golden Wing","floor":4,"gold_loss":0}],"is_beta":false,"boss_relics":[{"not_picked":["Velvet Choker","Coffee Dripper"],"picked":"Sozu"}],"items_purged_floors":[],"is_endless":false,"potions_floor_spawned":[13,39],"killed_by":"Collector","ascension_level":0}}