{"host":"8zzc9mdnfkdiyxma","time":1608377151,"event":{"mods":["2.2 Compatiblity","BaseMod","Better Altar","Better Match","Better Note","Better Sensory Stone","Better Skull","Better Third Choice","Better Vampires","Colored Map","Colored Powertips","Downfall","Emptier Cage","Energized Spire","Minty Spire (QoL Compilation)","Permanent Neow","Rare Cards Sparkle","Relic Filter","SacredBarkPlus","StSLib","Waifu the Spire"],"gold_per_floor":[362,379,391,406,406,425,425,124,135,165,80,96,21,21,21,120,170,170,182,182,192,227,152,176,176,205,9,9,34,109,138,63,162,162,176,190,210,560,560,578,578,240,252,266,292,292,17,51,51,51,51,78,0,0,0],"floor_reached":56,"playtime":6910,"items_purged":["hexamod:Strike","hexamod:Strike","hexamod:Defend"],"score":1671,"play_id":"1478d3f9-0594-4b1a-81b2-7e54b96cda61","local_time":"20201219062551","is_ascension_mode":true,"campfire_choices":[{"floor":13,"key":"RECALL"},{"data":"hexamod:RadiantFlame","floor":15,"key":"SMITH"},{"data":"hexamod:FastForward","floor":23,"key":"SMITH"},{"data":"hexamod:RecurringNightmare","floor":25,"key":"SMITH"},{"floor":28,"key":"REST"},{"floor":32,"key":"REST"},{"floor":39,"key":"REST"},{"floor":46,"key":"REST"},{"data":"hexamod:GiftsFromTheDead","floor":49,"key":"SMITH"},{"data":"hexamod:FastForward","floor":54,"key":"SMITH"}],"circlet_count":0,"master_deck":["hexamod:Strike+1","hexamod:Strike+1","hexamod:Defend+1","hexamod:Defend+1","hexamod:Defend","hexamod:Sear","hexamod:Float","hexamod:ThermalTransfer","hexamod:RecurringNightmare+1","hexamod:EmpoweredFlame+1","hexamod:ThirdSeal","hexamod:SpectersWail","hexamod:ThermalTransfer","hexamod:FastForward+1","hexamod:EmpoweredFlame","hexamod:RadiantFlame+1","hexamod:Hexaguard","hexamod:VolcanoVisage","hexamod:TimeWarp","hexamod:Firestarter+1","hexamod:Firestarter+1","hexamod:VolcanoVisage","hexamod:Haunt+1","hexamod:TimeOfNeed","hexamod:ThermalTransfer","hexamod:GhostOfSpireFuture","hexamod:Hexaguard","hexamod:StepThrough+1","hexamod:FastForward","hexamod:WildfireWeapon","hexamod:WildfireWeapon","hexamod:HexaLevel","hexamod:Hexaguard","hexamod:SpectersWail+1","hexamod:Hexaguard","hexamod:FastForward+1","hexamod:Hexaguard+1","hexamod:ThermalTransfer","hexamod:Hexaguard","hexamod:GiftsFromTheDead+1","hexamod:ThermalTransfer+1","hexamod:FastForward+1","hexamod:GhostOfSpireFuture"],"relics":["hexamod:SpiritBrand","Thread and Needle","War Paint","downfall:HeartBlessingBlue","Tiny House","Lantern","downfall:HeartBlessingRed","Vajra","Mercury Hourglass","Bag of Preparation","Potion Belt","OrangePellets","Strawberry","downfall:HeartBlessingGreen","Philosopher\u0027s Stone","Old Coin","Bottled Tornado","Eternal Feather","Whetstone","Medical Kit","Boot","Blue Candle"],"acts_visited":["Exordium","TheCity","TheBeyond","TheEnding"],"potions_floor_usage":[10,16,16,26,26,30,30,45,52,55,55,55],"damage_taken":[{"damage":0,"enemies":"Cultist","floor":1,"turns":3},{"damage":0,"enemies":"2 Louse","floor":2,"turns":3},{"damage":0,"enemies":"Jaw Worm","floor":3,"turns":3},{"damage":2,"enemies":"Lots of Slimes","floor":4,"turns":4},{"damage":0,"enemies":"Large Slime","floor":6,"turns":8},{"damage":4,"enemies":"downfall:FleeingMerchant","floor":8,"turns":4},{"damage":0,"enemies":"Blue Slaver","floor":9,"turns":3},{"damage":11,"enemies":"Gremlin Nob","floor":10,"turns":4},{"damage":0,"enemies":"downfall:FleeingMerchant","floor":11,"turns":4},{"damage":0,"enemies":"3 Louse","floor":12,"turns":3},{"damage":2,"enemies":"downfall:Ironclad","floor":16,"turns":8},{"damage":0,"enemies":"Chosen","floor":18,"turns":1},{"damage":1,"enemies":"3 Cultists","floor":19,"turns":4},{"damage":0,"enemies":"Snake Plant","floor":21,"turns":5},{"damage":15,"enemies":"Book of Stabbing","floor":22,"turns":6},{"damage":22,"enemies":"Slavers","floor":26,"turns":4},{"damage":5,"enemies":"downfall:FleeingMerchant","floor":27,"turns":4},{"damage":4,"enemies":"Book of Stabbing","floor":29,"turns":5},{"damage":6,"enemies":"downfall:FleeingMerchant","floor":30,"turns":4},{"damage":43,"enemies":"Slavers","floor":31,"turns":4},{"damage":0,"enemies":"downfall:Defect","floor":33,"turns":7},{"damage":27,"enemies":"3 Darklings","floor":35,"turns":5},{"damage":0,"enemies":"Orb Walker","floor":36,"turns":3},{"damage":0,"enemies":"Maw","floor":37,"turns":6},{"damage":15,"enemies":"Mind Bloom Boss Battle","floor":38,"turns":5},{"damage":5,"enemies":"Sphere and 2 Shapes","floor":40,"turns":4},{"damage":22,"enemies":"3 Darklings","floor":43,"turns":4},{"damage":5,"enemies":"Transient","floor":44,"turns":5},{"damage":0,"enemies":"Reptomancer","floor":45,"turns":5},{"damage":13,"enemies":"Giant Head","floor":48,"turns":6},{"damage":39,"enemies":"downfall:Silent","floor":50,"turns":9},{"damage":9,"enemies":"downfall:CharBossMerchant","floor":52,"turns":7},{"damage":4,"enemies":"downfall:NeowBoss","floor":55,"turns":19}],"seed_played":"3332588424270954569","potions_obtained":[{"floor":3,"key":"FearPotion"},{"floor":9,"key":"ColorlessPotion"},{"floor":12,"key":"hexamod:EctoCoolerPotion"},{"floor":16,"key":"GamblersBrew"},{"floor":17,"key":"hexamod:InfernoChargePotion"},{"floor":19,"key":"Regen Potion"},{"floor":26,"key":"Weak Potion"},{"floor":33,"key":"BlessingOfTheForge"},{"floor":36,"key":"SpeedPotion"},{"floor":40,"key":"EssenceOfSteel"},{"floor":44,"key":"Slimebound:ThreeZeroPotion"},{"floor":52,"key":"LiquidBronze"}],"is_trial":false,"path_per_floor":["M","M","M","M","?","M","T","$","M","E","$","M","R","?","R","B",null,"M","M","?","M","E","R","T","R","E","$","R","E","$","E","R","B",null,"M","M","M","?","R","M","T","$","M","M","E","R","$","E","R","B",null,"E","$","R","B",null],"character_chosen":"THE_SPIRIT","items_purchased":["Thread and Needle","hexamod:RadiantFlame","Bag of Preparation","hexamod:GhostOfSpireFuture","OrangePellets","hexamod:FastForward","Eternal Feather","Medical Kit","hexamod:GhostOfSpireFuture"],"campfire_rested":4,"item_purchase_floors":[8,11,27,27,30,30,42,47,53],"current_hp_per_floor":[63,63,63,61,61,61,61,57,57,46,46,46,56,56,56,54,78,78,77,77,77,62,62,62,62,52,47,70,66,60,24,49,49,85,58,58,58,43,68,63,63,63,41,36,36,85,85,72,85,46,85,76,76,85,81],"gold":0,"neow_bonus":"TWO_FIFTY_GOLD","is_daily":false,"chose_seed":false,"campfire_upgraded":5,"win_rate":0.0,"timestamp":1608377151,"path_taken":["M","?","?","M","?","M","T","$","M","E","$","M","R","?","R","BOSS","M","M","?","?","E","R","T","R","E","$","R","E","$","E","R","BOSS","M","M","M","?","R","M","T","$","M","M","E","R","$","E","R","BOSS","E","$","R","BOSS"],"items_purchased_type":["Relic","Card","Relic","Card","Relic","Card","Relic","Relic","Card"],"build_version":"2020-12-13","purchased_purges":3,"victory":true,"max_hp_per_floor":[63,63,63,63,63,63,63,63,63,63,63,63,73,73,73,73,78,78,78,78,78,78,78,78,78,78,78,78,78,78,85,85,85,85,85,85,85,85,85,85,85,85,85,85,85,85,85,85,85,85,85,85,85,85,85],"card_choices":[{"not_picked":["hexamod:ChargedBarrage","hexamod:BacktrackSmack"],"picked":"hexamod:ThermalTransfer","floor":1},{"not_picked":["hexamod:SoulSteal","hexamod:EtherealExpedition"],"picked":"hexamod:RecurringNightmare","floor":2},{"not_picked":["hexamod:AdvancingGuard","hexamod:CatchUp"],"picked":"hexamod:EmpoweredFlame","floor":3},{"not_picked":["hexamod:FirstSeal","hexamod:RainOfEmbers"],"picked":"hexamod:ThirdSeal","floor":4},{"not_picked":["hexamod:FlamesFromBeyond","hexamod:GhostLash"],"picked":"hexamod:SpectersWail","floor":6},{"not_picked":["hexamod:GhostShield","hexamod:ShieldOfDarkness","hexamod:Incineration"],"picked":"SKIP","floor":6},{"not_picked":["hexamod:AdvancingGuard","hexamod:GhostOfSpirePresent"],"picked":"hexamod:ThermalTransfer","floor":8},{"not_picked":["hexamod:RainOfEmbers","hexamod:SearingWound","hexamod:FirstSeal"],"picked":"SKIP","floor":8},{"not_picked":["hexamod:BacktrackSmack","hexamod:InspiringFlames"],"picked":"hexamod:FastForward","floor":9},{"not_picked":["hexamod:EmpoweringStance","hexamod:CatchUp","hexamod:HauntingEcho"],"picked":"SKIP","floor":9},{"not_picked":["hexamod:InspiringFlames","hexamod:ThirdSeal","hexamod:NecessarySacrifice"],"picked":"SKIP","floor":10},{"not_picked":["hexamod:GhostOfSpirePast","hexamod:ShieldOfDarkness","hexamod:UnleashSpirits"],"picked":"SKIP","floor":10},{"not_picked":["hexamod:NightmareStrike","hexamod:BurningTouch"],"picked":"hexamod:EmpoweredFlame","floor":11},{"not_picked":["hexamod:SpectralSpark","hexamod:SecondSeal"],"picked":"hexamod:Hexaguard","floor":12},{"not_picked":["hexamod:HexaLevel","hexamod:GhostflameInferno"],"picked":"hexamod:VolcanoVisage","floor":16},{"not_picked":["hexamod:FifthSeal","hexamod:SixthSeal"],"picked":"hexamod:TimeWarp","floor":16},{"not_picked":["hexamod:RetreatToShadows","hexamod:SoulSteal","hexamod:NightmareGuise"],"picked":"SKIP","floor":18},{"not_picked":["hexamod:RetreatToShadows","hexamod:SoulSteal","hexamod:NightmareGuise"],"picked":"SKIP","floor":18},{"not_picked":["hexamod:GhostShield","hexamod:SwordOfDarkness"],"picked":"hexamod:Firestarter+1","floor":19},{"not_picked":["hexamod:Rewind","hexamod:NightmareGuise+1","hexamod:ShieldOfDarkness+1"],"picked":"SKIP","floor":19},{"not_picked":["hexamod:BacktrackSmack+1","hexamod:HeatCrush"],"picked":"hexamod:Firestarter+1","floor":21},{"not_picked":["hexamod:ThermalTransfer","hexamod:HeatShield+1"],"picked":"hexamod:VolcanoVisage","floor":21},{"not_picked":["hexamod:SpectersWail+1","hexamod:GhostOfSpirePresent"],"picked":"hexamod:Haunt+1","floor":22},{"not_picked":["hexamod:EtherealExpedition","hexamod:GhostLash+1"],"picked":"hexamod:TimeOfNeed","floor":26},{"not_picked":["hexamod:FourthSeal","hexamod:ChargedBarrage"],"picked":"hexamod:ThermalTransfer","floor":27},{"not_picked":["hexamod:AdvancingGuard","hexamod:PowerFromBeyond","hexamod:Rewind"],"picked":"SKIP","floor":29},{"not_picked":["hexamod:PhantomFireball","hexamod:SpectersWail"],"picked":"hexamod:Hexaguard","floor":30},{"not_picked":["hexamod:BurningTouch+1","hexamod:HauntingEcho"],"picked":"hexamod:StepThrough+1","floor":30},{"not_picked":["hexamod:HauntingEcho+1","hexamod:RadiantFlame"],"picked":"hexamod:WildfireWeapon","floor":31},{"not_picked":["hexamod:PowerFromBeyond","hexamod:InspiringFlames+1","hexamod:HeatMetal"],"picked":"SKIP","floor":31},{"not_picked":["hexamod:CrushingStance","hexamod:UnleashSpirits"],"picked":"hexamod:WildfireWeapon","floor":33},{"not_picked":["hexamod:GhostflameInferno","hexamod:UnleashSpirits"],"picked":"hexamod:HexaLevel","floor":33},{"not_picked":["hexamod:GhostLash+1","hexamod:StepThrough"],"picked":"hexamod:Hexaguard","floor":35},{"not_picked":["hexamod:BurningTouch","hexamod:CatchUp+1"],"picked":"hexamod:SpectersWail+1","floor":35},{"not_picked":["hexamod:HauntingEcho","hexamod:AdvancingGuard+1","hexamod:HexaLevel"],"picked":"SKIP","floor":36},{"not_picked":["hexamod:SpectralAdrenaline+1","hexamod:InspiringFlames+1"],"picked":"hexamod:Hexaguard","floor":37},{"not_picked":["hexamod:SoulSteal+1","hexamod:HauntingEcho+1","hexamod:GhostLash+1"],"picked":"SKIP","floor":37},{"not_picked":["hexamod:SwordOfDarkness+1","hexamod:ThermalTransfer"],"picked":"hexamod:FastForward","floor":38},{"not_picked":["hexamod:NightmareStrike+1","hexamod:Firestarter+1"],"picked":"hexamod:Hexaguard+1","floor":38},{"not_picked":["hexamod:Again","hexamod:GhostOfSpirePresent"],"picked":"hexamod:ThermalTransfer","floor":40},{"not_picked":["hexamod:GhostShield+1","hexamod:ThirdSeal","hexamod:FourthSeal"],"picked":"SKIP","floor":40},{"not_picked":["hexamod:GhostflameBarrier","hexamod:Firestarter"],"picked":"hexamod:Hexaguard","floor":43},{"not_picked":["hexamod:GhostOfSpirePast+1","hexamod:FlamesFromBeyond","hexamod:EmpoweringStance"],"picked":"SKIP","floor":43},{"not_picked":["hexamod:Firestarter+1","hexamod:Haunt","hexamod:ThermalTransfer"],"picked":"SKIP","floor":44},{"not_picked":["hexamod:GhostLash","hexamod:HeatShield+1","hexamod:NightmareGuise"],"picked":"SKIP","floor":44},{"not_picked":["hexamod:SwordOfDarkness","hexamod:NecessarySacrifice+1"],"picked":"hexamod:GiftsFromTheDead","floor":45},{"not_picked":["hexamod:ThirdSeal","hexamod:InspiringFlames+1"],"picked":"hexamod:ThermalTransfer+1","floor":48},{"not_picked":["hexamod:Firestarter+1","hexamod:ShieldOfDarkness+1","hexamod:EtherealExpedition"],"picked":"SKIP","floor":48},{"not_picked":["hexamod:ChargedBarrage+1","hexamod:SuperheatedStrike"],"picked":"hexamod:FastForward+1","floor":52}],"player_experience":1026882,"relics_obtained":[{"floor":10,"key":"War Paint"},{"floor":22,"key":"Lantern"},{"floor":24,"key":"Vajra"},{"floor":26,"key":"Mercury Hourglass"},{"floor":29,"key":"Potion Belt"},{"floor":31,"key":"Strawberry"},{"floor":38,"key":"Old Coin"},{"floor":41,"key":"Bottled Tornado"},{"floor":45,"key":"Whetstone"},{"floor":48,"key":"Boot"},{"floor":52,"key":"Blue Candle"}],"event_choices":[{"damage_healed":0,"gold_gain":0,"player_choice":"Ignored","damage_taken":0,"max_hp_gain":0,"max_hp_loss":0,"event_name":"betterNote:BetterNote","floor":20,"gold_loss":0,"cards_obtained":["After Image"]}],"is_beta":false,"boss_relics":[{"not_picked":["Velvet Choker","energizedSpire:StickyHand"],"picked":"Tiny House"},{"not_picked":["Runic Dome","Cursed Key"],"picked":"Philosopher\u0027s Stone"}],"items_purged_floors":[30,42,47],"is_endless":false,"potions_floor_spawned":[3,9,12,16,19,26,33,36,40,44,52],"ascension_level":1}}