{"host":"o3b7ow6d1xe49css","time":1608361305,"event":{"mods":["2.2 Compatiblity","Act Like it!","Aspiration","BaseMod","Bestiary","Better Altar","Better Match","Better Note","Better Sensory Stone","Better Skull","Better Third Choice","Colored Powertips","Conspire","Elementarium","Energized Spire","Force Act Four","GifTheSpireLib","Halation","Hermit","Hubris","Infinite Spire","Lobotomy","Minty Spire (QoL Compilation)","Quick Restart","Replay The Spire","Spicy Shops","Spikes Relics","StSLib","Stuff the Spire","The Blue Laboratory","The Jungle","Wandering Minibosses","vexMod"],"gold_per_floor":[109,120,133,143,143,172,172,207,207,232,243,14,14,40,40,136,136,156,156,176,176,25,25,53,53,53,53,53,80,80,114,114,216,216,229,247,247,8,8,40,40,40,40,66,79,103,103,128,128,128,128,128,34,64,64,64],"floor_reached":55,"playtime":2800,"items_purged":["Strike_G","Strike_G","Strike_G"],"score":1154,"play_id":"55f8b142-7e81-47ba-95fa-fbe5e26e98af","local_time":"20201218220145","daily_mods":["Heirloom","Flight"],"is_ascension_mode":true,"campfire_choices":[{"floor":7,"key":"REST"},{"floor":13,"key":"REST"},{"data":"Noxious Fumes","floor":15,"key":"SMITH"},{"floor":23,"key":"REST"},{"data":"Adrenaline","floor":25,"key":"SMITH"},{"data":"Acrobatics","floor":30,"key":"SMITH"},{"data":"Wraith Form v2","floor":32,"key":"SMITH"},{"floor":41,"key":"REST"},{"floor":42,"key":"RECALL"},{"floor":47,"key":"REST"},{"data":"After Image","floor":52,"key":"SMITH"}],"circlet_count":0,"master_deck":["Strike_G","Strike_G","Defend_G","Defend_G","Defend_G","Defend_G","Defend_G+1","Survivor","Neutralize","Acrobatics+1","Leg Sweep+1","PiercingWail","Noxious Fumes+1","StuffTheSpire:DoubleShiv","Backstab","Backstab","Adrenaline+1","Clumsy","Catalyst+1","infinitespire:UltimateForm+1","Deflect","Noxious Fumes","Bullet Time+1","StuffTheSpire:CelestialWarden","Storm of Steel","Wraith Form v2+1","Die Die Die","Corpse Explosion","Glass Knife","Wraith Form v2","After Image+1"],"relics":["theJungle:BirthdayCakeSlice","ReplayTheSpireMod:Ninjato","StuffTheSpire:HistoryBook","hubris:Reverence","Replay:Frozen Program","Replay:PocketPolymizer","Frozen Eye","hermit:Horseshoe","hubris:ScarierMask","Iron Core","vexMod:GildedClover","infinitespire:Chaos","Tiny Chest","StuffTheSpire:OldFever","Elementarium:ElementariumTrophy","halation:Prosthetics","hubris:Towel","Replay:Wax Seal","StuffTheSpire:CocoNut","Strawberry","Pet Ghost","Replay:Rubber Ducky","halation:Diary","StuffTheSpire:Tea"],"acts_visited":["Exordium","Exordium","TheBeyond","TheEnding"],"potions_floor_usage":[6,10,14,16,20,24,24,31,31,45,50,55,55],"damage_taken":[{"damage":0,"enemies":"Cultist","floor":1,"turns":5},{"damage":3,"enemies":"Small Slimes","floor":2,"turns":6},{"damage":0,"enemies":"2 Louse","floor":3,"turns":3},{"damage":3,"enemies":"Exordium Wildlife","floor":4,"turns":7},{"damage":41,"enemies":"Gremlin Nob","floor":6,"turns":7},{"damage":13,"enemies":"Lagavulin","floor":8,"turns":10},{"damage":32,"enemies":"Gremlin Nob","floor":10,"turns":7},{"damage":1,"enemies":"Blue Slaver","floor":11,"turns":5},{"damage":0,"enemies":"3 Sentries","floor":14,"turns":7},{"damage":0,"enemies":"Slime Boss","floor":16,"turns":7},{"damage":0,"enemies":"Elementarium:2_ELEMENTALS","floor":18,"turns":3},{"damage":30,"enemies":"Elementarium:MUD_AND_TAR_GOLEMS","floor":20,"turns":6},{"damage":17,"enemies":"Nightmare","floor":24,"turns":7},{"damage":2,"enemies":"Elementarium:WarGolem","floor":29,"turns":4},{"damage":5,"enemies":"Elementarium:ElementalPortal","floor":31,"turns":7},{"damage":16,"enemies":"Elementarium:GoldenDragon","floor":33,"turns":11},{"damage":0,"enemies":"Orb Walker","floor":35,"turns":5},{"damage":5,"enemies":"3 Shapes","floor":36,"turns":6},{"damage":18,"enemies":"Reptomancer","floor":40,"turns":6},{"damage":26,"enemies":"R_Hoarder","floor":44,"turns":7},{"damage":4,"enemies":"Writhing Mass","floor":45,"turns":10},{"damage":0,"enemies":"Reptomancer","floor":48,"turns":6},{"damage":22,"enemies":"infinitespire:MassOfShapes","floor":50,"turns":11},{"damage":0,"enemies":"Shield and Spear","floor":54,"turns":6},{"damage":68,"enemies":"The Heart","floor":55,"turns":9}],"seed_played":"7252978979914924958","potions_obtained":[{"floor":4,"key":"Fire Potion"},{"floor":6,"key":"conspire:TimeTravelPotion"},{"floor":10,"key":"Poison Potion"},{"floor":11,"key":"FairyPotion"},{"floor":14,"key":"blueLaboratory:BubblePotion"},{"floor":18,"key":"Fruit Juice"},{"floor":20,"key":"Fire Potion"},{"floor":28,"key":"blueLaboratory:StoneskinPotion"},{"floor":28,"key":"Toxic Potion"},{"floor":35,"key":"FearPotion"},{"floor":48,"key":"Doom Potion"}],"is_trial":true,"path_per_floor":["M","M","M","M","?","E","R","E","T","E","M","$","R","E","R","B",null,"M","AVR","M","?","$","R","NM","R","T","?","?","E","R","E","R","B",null,"M","M","?","$","?","E","R","R","T","E","M","T","R","E","R","B",null,"R","$","E","B"],"character_chosen":"THE_SILENT","items_purchased":["Backstab","PowerPotion","infinitespire:Chaos","Glass Knife","halation:Diary","Swift Potion","Block Potion"],"campfire_rested":5,"item_purchase_floors":[12,12,22,38,53,53,53],"current_hp_per_floor":[70,67,67,64,64,23,44,31,31,14,13,13,49,49,49,49,65,65,65,40,40,45,69,52,52,52,52,52,50,50,45,45,29,41,41,36,36,36,36,18,31,31,38,19,15,15,32,32,49,27,51,51,51,51,0,0],"gold":64,"neow_bonus":"","is_daily":false,"chose_seed":false,"campfire_upgraded":5,"win_rate":0.0,"timestamp":1608361305,"path_taken":["M","M","M","?","?","E","R","E","T","E","?","$","R","E","R","BOSS","M","AVR","M","?","$","R","NM","R","T","?","?","E","R","E","R","BOSS","M","M","?","$","?","E","R","R","T","E","?","?","R","E","R","BOSS","R","$","E","BOSS"],"items_purchased_type":["Card","Potion","Relic","Card","Relic","Potion","Potion"],"build_version":"2020-12-13","purchased_purges":3,"victory":false,"max_hp_per_floor":[70,70,70,70,70,70,70,70,70,70,70,70,70,70,70,70,70,70,70,75,75,80,80,80,80,80,80,80,80,80,80,80,80,45,45,45,45,45,45,45,45,45,52,59,59,59,59,59,59,59,59,59,59,59,59,59],"card_choices":[{"not_picked":["StuffTheSpire:ClusterCrunch","Flying Knee"],"picked":"Bane","floor":1},{"not_picked":["Prepared","Backflip"],"picked":"Acrobatics","floor":2},{"not_picked":["Quick Slash","ReplayTheSpireMod:Speed Training","StuffTheSpire:Repulse"],"picked":"SKIP","floor":3},{"not_picked":["Deflect","Expertise"],"picked":"Leg Sweep","floor":4},{"not_picked":["Choke","Outmaneuver","Acrobatics"],"picked":"SKIP","floor":6},{"not_picked":["Tactician","Cloak And Dagger"],"picked":"PiercingWail","floor":8},{"not_picked":["StuffTheSpire:ClusterCrunch","ReplayTheSpireMod:Exploit Weakness"],"picked":"Noxious Fumes","floor":10},{"not_picked":["Caltrops","Dodge and Roll"],"picked":"StuffTheSpire:DoubleShiv","floor":11},{"not_picked":["Riddle With Holes","Phantasmal Killer"],"picked":"Backstab","floor":14},{"not_picked":["Poison Darts","ReplayTheSpireMod:From All Sides"],"picked":"Adrenaline","floor":16},{"not_picked":["hubris:Counter","Outmaneuver"],"picked":"Catalyst+1","floor":18},{"not_picked":["Outmaneuver+1","Dagger Throw"],"picked":"Deflect","floor":20},{"not_picked":["ReplayTheSpireMod:Necrosis","Malaise"],"picked":"Bullet Time","floor":24},{"not_picked":["StuffTheSpire:Vigor","StuffTheSpire:Ambrosia"],"picked":"StuffTheSpire:CelestialWarden","floor":27},{"not_picked":["Offering","Grand Finale"],"picked":"Storm of Steel","floor":29},{"not_picked":["StuffTheSpire:FinalStruggle","ReplayTheSpireMod:Omega Cannon"],"picked":"Wraith Form v2","floor":31},{"not_picked":["Venomology","Grand Finale"],"picked":"Die Die Die","floor":33},{"not_picked":["Glass Knife","Venomology"],"picked":"Corpse Explosion","floor":35},{"not_picked":["Poison Darts","aspiration:Lunge","infinitespire:Neurotoxin"],"picked":"SKIP","floor":36},{"not_picked":["Night Terror","Malaise","Storm of Steel"],"picked":"SKIP","floor":40},{"not_picked":["Grand Finale","Tools of the Trade"],"picked":"Wraith Form v2","floor":44},{"not_picked":["infinitespire:Neurotoxin","StuffTheSpire:FinalStruggle"],"picked":"After Image","floor":45},{"not_picked":["Venomology","Storm of Steel","A Thousand Cuts"],"picked":"SKIP","floor":48},{"not_picked":["Venomology","ReplayTheSpireMod:From All Sides","Glass Knife"],"picked":"SKIP","floor":54}],"player_experience":1750038,"relics_obtained":[{"floor":6,"key":"StuffTheSpire:ForceGauntlet"},{"floor":8,"key":"Regal Pillow"},{"floor":9,"key":"War Paint"},{"floor":10,"key":"Replay:Baseball"},{"floor":14,"key":"Bottled Tornado"},{"floor":24,"key":"halation:KoshaPiece"},{"floor":29,"key":"Tiny Chest"},{"floor":31,"key":"StuffTheSpire:OldFever"},{"floor":40,"key":"Replay:Wax Seal"},{"floor":43,"key":"StuffTheSpire:CocoNut"},{"floor":44,"key":"Strawberry"},{"floor":46,"key":"Pet Ghost"},{"floor":48,"key":"Replay:Rubber Ducky"},{"floor":54,"key":"StuffTheSpire:Tea"}],"event_choices":[{"cards_removed":["Bane"],"damage_healed":0,"gold_gain":0,"player_choice":"Gave Card","damage_taken":0,"relics_obtained":["RollingBoulder"],"max_hp_gain":0,"max_hp_loss":0,"event_name":"WeMeetAgain","floor":5,"gold_loss":0},{"damage_healed":0,"gold_gain":0,"player_choice":"Read","damage_taken":0,"max_hp_gain":0,"max_hp_loss":0,"event_name":"Elementarium:LostScrolls","floor":21,"gold_loss":0,"cards_obtained":["Noxious Fumes"]},{"damage_healed":0,"gold_gain":0,"player_choice":"Tanks","damage_taken":0,"max_hp_gain":0,"max_hp_loss":0,"event_name":"Elementarium:IncubationChamber","floor":28,"gold_loss":0},{"damage_healed":0,"gold_gain":0,"player_choice":"Upgraded","damage_taken":0,"max_hp_gain":0,"max_hp_loss":0,"event_name":"Upgrade Shrine","floor":39,"gold_loss":0,"cards_upgraded":["infinitespire:UltimateForm"]}],"is_beta":false,"boss_relics":[{"not_picked":["hubris:RunicObelisk","hubris:BlackHole"],"picked":"energizedSpire:HighHeels"},{"not_picked":["Replay:Fungal Core","Empty Cage"],"picked":"halation:Prosthetics"}],"items_purged_floors":[12,19,38],"is_endless":false,"potions_floor_spawned":[4,6,10,11,14,18,20,35,48],"killed_by":"The Heart","ascension_level":5}}