{"host":"gc0hqzwg2gd3zszy","time":1608365057,"event":{"mods":["BaseMod","DeckTracker","Minty Spire (QoL Compilation)","Relic Stats","SuperFastMode"],"gold_per_floor":[115,115,132,132,132,132,132],"floor_reached":6,"playtime":149,"items_purged":[],"score":68,"play_id":"0cae5f38-26dc-4613-9c7c-3a236dc306ce","local_time":"20201219170417","is_ascension_mode":true,"campfire_choices":[],"circlet_count":0,"master_deck":["AscendersBane","Strike_B","Strike_B","Strike_B","Defend_B","Defend_B","Defend_B","Zap","Dualcast","Turbo","Chill","Heatsinks"],"relics":["Cracked Core","Tiny Chest"],"acts_visited":["Exordium"],"potions_floor_usage":[],"damage_taken":[{"damage":7,"enemies":"Jaw Worm","floor":1,"turns":4},{"damage":7,"enemies":"Small Slimes","floor":3,"turns":3},{"damage":48,"enemies":"3 Sentries","floor":6,"turns":8}],"seed_played":"7907619898454456982","potions_obtained":[],"is_trial":false,"path_per_floor":["M","?","M","?","?","E"],"character_chosen":"DEFECT","items_purchased":[],"campfire_rested":0,"item_purchase_floors":[],"current_hp_per_floor":[57,57,50,50,43,0,0],"gold":132,"neow_bonus":"RANDOM_COMMON_RELIC","is_daily":false,"chose_seed":false,"campfire_upgraded":0,"win_rate":0.0,"timestamp":1608365057,"path_taken":["M","?","M","?","?","E"],"items_purchased_type":[],"build_version":"2020-12-13","purchased_purges":0,"victory":false,"max_hp_per_floor":[71,71,71,71,71,71,71],"relic_stats":{"counters":[3,15],"Tiny Chest":0,"obtain_stats":[{"Tiny Chest":0,"Cracked Core":0},{"Tiny Chest":0,"Cracked Core":0},{"Tiny Chest":0,"Cracked Core":0}]},"card_choices":[{"not_picked":["Conserve Battery","Chaos"],"picked":"Turbo","floor":1},{"not_picked":["Leap","FTL"],"picked":"Chill","floor":3}],"player_experience":1306922,"relics_obtained":[],"event_choices":[{"damage_healed":0,"gold_gain":0,"player_choice":"Ignored","damage_taken":0,"max_hp_gain":0,"max_hp_loss":0,"event_name":"Shining Light","floor":2,"gold_loss":0},{"damage_healed":0,"gold_gain":0,"cards_transformed":["Defend_B"],"player_choice":"Change","damage_taken":0,"max_hp_gain":0,"max_hp_loss":0,"event_name":"Living Wall","floor":4,"gold_loss":0,"cards_obtained":["Heatsinks"]},{"cards_removed":["Strike_B"],"damage_healed":0,"gold_gain":0,"player_choice":"Card Removal","damage_taken":7,"max_hp_gain":0,"max_hp_loss":0,"event_name":"Golden Wing","floor":5,"gold_loss":0}],"is_beta":false,"boss_relics":[],"items_purged_floors":[],"is_endless":false,"potions_floor_spawned":[],"killed_by":"3 Sentries","ascension_level":20}}