{"host":"373g0ui1bgeshz9m","time":1608400568,"event":{"mods":["Act Like it!","Aspiration","BaseMod","Beaked The Cultist","Better Third Choice","Colored Map","Conspire","Downfall","Halation","Hermit","Hubris","Infinite Spire","Jorbs\u0027s Wanderer Trilogy","Minty Spire (QoL Compilation)","Pale of the Ancients","Permanent Neow","Quick Restart","Replay The Spire","Shade Mod","Shop Mod","Spikes Relics","StSLib","The Animator","The Bladedancer","The Bug Knight","The Construct","The Cursed","The Factory","The Florist","The Judge","The Jungle","The Necromancer","The Sage","The Wild Card","Trackpad","vexMod"],"gold_per_floor":[99,99,124,124,150,14,14,14,14,45,58,43,43,53,65,167,167,17,17,27,27,27,27,79,79,95,95,107,126,218,218,335,440,490,490,508,508,521,536,536,559,586,586,511,511,525,535,569,588,588,588,588,588],"floor_reached":52,"playtime":4269,"items_purged":["Slimebound:Overexert","Injury"],"score":748,"play_id":"36274390-4236-47de-9397-0db9adcd3042","local_time":"20201219125608","is_ascension_mode":false,"campfire_choices":[{"floor":1,"key":"RECALL"},{"data":"expansioncontent:Flail","floor":8,"key":"SMITH"},{"data":"Slimebound:RallyTheTroops","floor":18,"key":"SMITH"},{"data":"Slimebound:Nibble","floor":23,"key":"SMITH"},{"data":"Slimebound:CorrosiveSpit","floor":25,"key":"SMITH"},{"data":"Slimebound:SplitMire","floor":27,"key":"SMITH"},{"data":"Slimebound:LeadByExample","floor":35,"key":"SMITH"},{"data":"Slimebound:SpikyOuterGoop","floor":37,"key":"SMITH"},{"data":"Slimebound:Tackle","floor":40,"key":"SMITH"},{"floor":44,"key":"REST"}],"circlet_count":0,"master_deck":["Slimebound:Strike_Slimebound","Slimebound:Strike_Slimebound","Slimebound:Strike_Slimebound","Slimebound:Tackle+1","Slimebound:Defend_Slimebound","Slimebound:Defend_Slimebound","Slimebound:Defend_Slimebound","Slimebound:Split","Slimebound:CorrosiveSpit+1","Slimebound:Nibble+1","Slimebound:ViciousTackle","Slimebound:SplitMire+1","expansioncontent:Flail+1","Slimebound:RollThrough+1","Slimebound:SamplingLick+1","Slimebound:GoopSpray+1","Slimebound:SlimeSpikes+1","Slimebound:Gluttony","Slimebound:RallyTheTroops+1","Slimebound:Equalize+1","Slimebound:SpikyOuterGoop+1","Slimebound:FormOfPuddle+1","expansioncontent:DashGenerateEvil+1","infinitespire:Menacing+1","Slimebound:Gluttony","Slimebound:PrepareCrush+1","Slimebound:LeadByExample+1","Slimebound:HauntingLick+1","Slimebound:MegaLick+1"],"relics":["Slimebound:AbsorbEndCombat","Replay:Mystery Machine","Juzu Bracelet","Toxic Egg 2","Bag of Preparation","Sandwich","downfall:HeartBlessingBlue","downfall:HeartBlessingRed","Nloth\u0027s Gift","hubris:Icosahedron","Happy Flower","PreservedInsect","Tiny House","Toy Ornithopter","hubris:GlazedTorus","halation:PinkSoulGem","downfall:HeartBlessingGreen","conspire:InfiniteJournal"],"acts_visited":["Exordium","TheCity","TheBeyond","TheEnding"],"potions_floor_usage":[16,30],"damage_taken":[{"damage":0,"enemies":"Gremlin Nob","floor":3,"turns":1},{"damage":0,"enemies":"2 Louse","floor":4,"turns":1},{"damage":0,"enemies":"Lagavulin","floor":5,"turns":1},{"damage":20,"enemies":"downfall:FleeingMerchant","floor":6,"turns":4},{"damage":18,"enemies":"3 Sentries","floor":10,"turns":4},{"damage":4,"enemies":"Cultist","floor":11,"turns":2},{"damage":13,"enemies":"downfall:FleeingMerchant","floor":12,"turns":4},{"damage":3,"enemies":"Small Slimes","floor":14,"turns":2},{"damage":11,"enemies":"2 Fungi Beasts","floor":15,"turns":2},{"damage":65,"enemies":"downfall:Defect","floor":16,"turns":6},{"damage":4,"enemies":"3 Byrds","floor":20,"turns":3},{"damage":17,"enemies":"Spheric Guardian","floor":26,"turns":4},{"damage":15,"enemies":"Snecko","floor":28,"turns":4},{"damage":10,"enemies":"Centurion and Healer","floor":29,"turns":3},{"damage":35,"enemies":"downfall:FleeingMerchant","floor":30,"turns":4},{"damage":12,"enemies":"Shelled Parasite and Fungi","floor":32,"turns":4},{"damage":60,"enemies":"downfall:Ironclad","floor":33,"turns":7},{"damage":27,"enemies":"3 Darklings","floor":36,"turns":4},{"damage":0,"enemies":"Orb Walker","floor":38,"turns":3},{"damage":23,"enemies":"Sphere and 2 Shapes","floor":39,"turns":6},{"damage":75,"enemies":"Reptomancer","floor":42,"turns":5},{"damage":0,"enemies":"3 Darklings","floor":46,"turns":5},{"damage":18,"enemies":"Spire Growth","floor":47,"turns":4},{"damage":26,"enemies":"conspire:MimicChest","floor":48,"turns":4},{"damage":28,"enemies":"Maw","floor":49,"turns":6},{"damage":68,"enemies":"downfall:Watcher","floor":50,"turns":8},{"damage":146,"enemies":"downfall:CharBossMerchant","floor":52,"turns":7}],"seed_played":"-2770181186708286872","potions_obtained":[{"floor":5,"key":"sagemod:Wine"},{"floor":10,"key":"Fire Potion"},{"floor":15,"key":"Elixir"},{"floor":16,"key":"AttackPotion"},{"floor":32,"key":"BlessingOfTheForge"},{"floor":49,"key":"DistilledChaos"}],"is_trial":false,"path_per_floor":["R","?","E","M","E","$","T","R","?","E","M","$","?","M","M","B",null,"R","?","M","?","?","R","T","R","M","R","M","M","$","AVR","M","B",null,"R_BF","M","R","M","M","R","T","E","?","R","?","M","M","?","M","B",null,"E"],"character_chosen":"SLIMEBOUND","items_purchased":["expansioncontent:Flail","Slimebound:RollThrough+1","expansioncontent:DashGenerateEvil"],"campfire_rested":1,"item_purchase_floors":[6,6,30],"current_hp_per_floor":[60,60,60,60,60,59,59,59,59,49,60,60,60,60,57,17,60,70,70,70,70,70,70,70,70,70,70,70,70,63,63,70,44,75,75,63,63,75,75,75,75,20,20,42,50,75,73,73,59,23,75,0,0],"gold":588,"neow_bonus":"THREE_ENEMY_KILL","is_daily":false,"chose_seed":false,"campfire_upgraded":8,"win_rate":0.0,"timestamp":1608400568,"path_taken":["R","?","E","?","E","?","T","R","?","E","M","$","?","M","M","BOSS","R","?","M","?","?","R","T","R","M","R","M","M","?","AVR","M","BOSS","R_BF","M","R","M","M","R","T","E","?","R","?","M","M","?","M","BOSS","E"],"items_purchased_type":["Card","Card","Card"],"build_version":"2020-12-13","purchased_purges":2,"victory":false,"max_hp_per_floor":[60,60,60,60,60,60,60,60,60,60,60,60,60,60,60,60,60,70,70,70,70,70,70,70,70,70,70,70,70,70,70,70,70,75,75,75,75,75,75,75,75,75,75,75,75,75,75,75,75,75,75,75,75],"card_choices":[{"not_picked":["Slimebound:SplitAcid","Slimebound:LeechEnergy"],"picked":"Slimebound:Nibble","floor":3},{"not_picked":["Slimebound:GrowthPunch","Slimebound:Prepare","Slimebound:LeechEnergy"],"picked":"SKIP","floor":4},{"not_picked":["Slimebound:BestDefense","Slimebound:FinishingTackle"],"picked":"Slimebound:ViciousTackle","floor":5},{"not_picked":["Slimebound:Repurpose","Slimebound:SamplingLick"],"picked":"Slimebound:SplitMire","floor":6},{"not_picked":["Slimebound:BestDefense","Slimebound:Overexert"],"picked":"Slimebound:SamplingLick+1","floor":10},{"not_picked":["Slimebound:Schlurp+1","Slimebound:SamplingLick+1"],"picked":"Slimebound:GoopSpray+1","floor":11},{"not_picked":["Slimebound:Replication+1","Slimebound:MegaLick+1"],"picked":"Slimebound:SlimeSpikes+1","floor":12},{"not_picked":["Slimebound:LeechEnergy","Slimebound:SplitAcid+1"],"picked":"Slimebound:Gluttony","floor":14},{"not_picked":["Slimebound:Teamwork+1","Slimebound:SplitAcid+1","Slimebound:LevelUp"],"picked":"SKIP","floor":15},{"not_picked":["Slimebound:MinionMaster","Slimebound:SlimeSlap"],"picked":"Slimebound:RallyTheTroops","floor":16},{"not_picked":["Slimebound:ComboTackle","Slimebound:Schlurp+1"],"picked":"Slimebound:Equalize+1","floor":20},{"not_picked":["Slimebound:Repurpose+1","Slimebound:SelfFormingGoo","Slimebound:Replication+1"],"picked":"SKIP","floor":26},{"not_picked":["Slimebound:LivingWall+1","Slimebound:FirmFortitude"],"picked":"Slimebound:SpikyOuterGoop","floor":28},{"not_picked":["Slimebound:SplitBruiser+1","Slimebound:Schlurp+1","Slimebound:LeechingTouch+1"],"picked":"SKIP","floor":29},{"not_picked":["Slimebound:Schlurp+1","Slimebound:PressTheAttack+1"],"picked":"Slimebound:FormOfPuddle+1","floor":30},{"not_picked":["Slimebound:SplitMire+1","Slimebound:Overexert"],"picked":"Slimebound:Gluttony","floor":32},{"not_picked":["Slimebound:Overexert","Slimebound:SlimeSlap"],"picked":"Slimebound:PrepareCrush+1","floor":33},{"not_picked":["Slimebound:SplitMire+1","Slimebound:ViciousTackle"],"picked":"Slimebound:LeadByExample","floor":34},{"not_picked":["Slimebound:PressTheAttack+1","Slimebound:ComboTackle+1","Slimebound:Gluttony"],"picked":"SKIP","floor":36},{"not_picked":["Slimebound:PressTheAttack+1","Slimebound:Replication+1","Slimebound:FlameTackle"],"picked":"SKIP","floor":38},{"not_picked":["Slimebound:Teamwork+1","Slimebound:GrowthPunch","Slimebound:SplitBruiser+1"],"picked":"SKIP","floor":39},{"not_picked":["Slimebound:SplitAcid+1","Slimebound:SlimeSlap"],"picked":"Slimebound:HauntingLick+1","floor":42},{"not_picked":["Slimebound:SplitMire+1","Slimebound:PressTheAttack","Slimebound:MinionMaster"],"picked":"SKIP","floor":46},{"not_picked":["Slimebound:SlimeSpikes+1","Slimebound:FinishingTackle"],"picked":"Slimebound:MegaLick+1","floor":47},{"not_picked":["Slimebound:GrowthPunch","Slimebound:ForwardTackle+1","Slimebound:Equalize+1"],"picked":"SKIP","floor":49}],"player_experience":101599,"relics_obtained":[{"floor":3,"key":"Replay:Mystery Machine"},{"floor":5,"key":"Juzu Bracelet"},{"floor":10,"key":"Bag of Preparation"},{"floor":24,"key":"Happy Flower"},{"floor":41,"key":"Toy Ornithopter"},{"floor":42,"key":"hubris:GlazedTorus"},{"floor":48,"key":"conspire:InfiniteJournal"}],"event_choices":[{"damage_healed":0,"gold_gain":0,"cards_transformed":["Slimebound:Defend_Slimebound"],"player_choice":"Transformed","damage_taken":0,"max_hp_gain":0,"max_hp_loss":0,"event_name":"Transmorgrifier","floor":2,"gold_loss":0,"cards_obtained":["Slimebound:Overexert"]},{"damage_healed":0,"gold_gain":0,"player_choice":"Leave","damage_taken":0,"max_hp_gain":0,"max_hp_loss":0,"event_name":"conspire:Investor","floor":13,"gold_loss":0}],"is_beta":false,"boss_relics":[{"not_picked":["halation:Prosthetics","construct:ClawGrip"],"picked":"Sandwich"},{"not_picked":["Replay:Wanted Poster","aspiration:PoetsPen_weak"],"picked":"Tiny House"}],"items_purged_floors":[30,31],"is_endless":false,"potions_floor_spawned":[5,10,15,16,28,32,46,47,49],"killed_by":"downfall:CharBossMerchant","ascension_level":0}}