{"host":"41o2x9tazfds4ymf","time":1608401107,"event":{"mods":["Act Like it!","BaseMod","Better Vampires","Colored Powertips","Gensokyo","Hallownest","Lobotomy","LobotomyExtend","Minty Spire (QoL Compilation)","Remilia（蕾米莉亚）","Shop Mod","StSLib","TestMod","Waifu the Spire","WarShipGirlsR/战舰少女R mod","[IsaacMod]以撒尖塔","【东方二次创作】八云紫mod"],"gold_per_floor":[111,124,140,150,166,166,198,198,198,198,198,198],"floor_reached":11,"playtime":417,"items_purged":[],"score":140,"play_id":"7f8480f3-1773-4b2a-b72f-6472038c86f0","local_time":"20201220020507","is_ascension_mode":true,"campfire_choices":[],"circlet_count":0,"master_deck":["AscendersBane","SpecialBullet","SpecialBullet","SpecialBullet","SpecialBullet","SpecialBullet","SpecialBullet","SpecialBullet","SpecialBullet","InformationCode","SecurityCode","ExtractionCode","Soda","Bloodbath","GalaxyChild","PunishingBird","Wellcheers","Noise+1"],"relics":["CogitoBucket","testmod-TestBox","HushsDoor","testmod-Nyarlathotep","SteamSale","testmod-AssaultLearning","LetterFromLob","Omamori","testmod-ThousandKnives"],"acts_visited":["Hallownest:Greenpath"],"potions_floor_usage":[7],"damage_taken":[{"damage":7,"enemies":"Hallownest:monsterHuskGuard","floor":1,"turns":3},{"damage":8,"enemies":"Hallownest:monsterHuskWarrior","floor":2,"turns":3},{"damage":9,"enemies":"Hallownest:2_Baldur","floor":3,"turns":3},{"damage":26,"enemies":"Hallownest:monsterFoolEater","floor":4,"turns":4},{"damage":0,"enemies":"Hallownest:monsterMossCharger","floor":5,"turns":1},{"damage":61,"enemies":"Hallownest:eliteVengeflyKing","floor":7,"turns":6},{"damage":21,"enemies":"Hallownest:BossHornet","floor":11,"turns":1}],"seed_played":"-8214100177542677741","potions_obtained":[{"floor":1,"key":"Fire Potion"},{"floor":2,"key":"BlessingOfTheForge"}],"is_trial":false,"path_per_floor":["M","M","M","M","M","R","E","R","T","?","B"],"character_chosen":"Angela","items_purchased":[],"campfire_rested":0,"item_purchase_floors":[],"current_hp_per_floor":[63,65,68,52,60,60,15,15,15,15,0,0],"gold":198,"neow_bonus":"RANDOM_COMMON_RELIC","is_daily":false,"chose_seed":false,"campfire_upgraded":0,"win_rate":0.0,"timestamp":1608401107,"path_taken":["M","?","M","M","M","R","E","R","T","?","BOSS"],"items_purchased_type":[],"build_version":"2020-12-13","purchased_purges":0,"victory":false,"max_hp_per_floor":[69,69,69,69,69,69,69,69,69,69,69,69],"card_choices":[{"not_picked":[],"picked":"Bomb","floor":0},{"not_picked":["Noise"],"picked":"Soda","floor":1},{"not_picked":["Scorched","ShyLook"],"picked":"Bloodbath","floor":2},{"not_picked":["Harvest","LifeForTheDareDevil"],"picked":"SKIP","floor":2},{"not_picked":["UniverseFragment","MHz"],"picked":"GalaxyChild","floor":3},{"not_picked":["Lantern","Tough"],"picked":"SKIP","floor":3},{"not_picked":["Soda","LifeForTheDareDevil","Loneliness"],"picked":"SKIP","floor":4},{"not_picked":["FairyFestival","VoidDream"],"picked":"PunishingBird","floor":5},{"not_picked":["Horn","Soda","SwordSharpenedByTears"],"picked":"SKIP","floor":5},{"not_picked":["BlackSwan","OldLady"],"picked":"Wellcheers","floor":7},{"not_picked":["SwordSharpenedByTears+1","Galaxy+1"],"picked":"Noise+1","floor":7}],"player_experience":326200,"relics_obtained":[{"floor":1,"key":"LetterFromLob"},{"floor":7,"key":"Omamori"},{"floor":9,"key":"testmod-ThousandKnives"}],"event_choices":[],"is_beta":false,"boss_relics":[],"items_purged_floors":[],"is_endless":false,"potions_floor_spawned":[1,2,5],"killed_by":"Hallownest:BossHornet","ascension_level":20}}