{"host":"lhth1efayex2023z","time":1608414345,"event":{"mods":["BaseMod","Colored Map","Googly Eyes","Minty Spire (QoL Compilation)","StSLib","The Jungle"],"gold_per_floor":[118,118,137,38,113,113,139,0,26,59,59,71,84,84,84,182,182,196,207,25,25,35,60,60,87,87,87,103,103,203,203,203],"floor_reached":31,"playtime":1540,"items_purged":["Strike_G","Strike_G"],"score":516,"play_id":"afb749dc-471c-472d-ad9c-e48ff4c91871","local_time":"20201219144545","is_ascension_mode":true,"campfire_choices":[{"data":"Neutralize","floor":6.0,"key":"SMITH"},{"data":"Burst","floor":11.0,"key":"SMITH"},{"data":"Footwork","floor":15.0,"key":"SMITH"},{"data":"Noxious Fumes","floor":24,"key":"SMITH"},{"data":"Choke","floor":27,"key":"SMITH"}],"circlet_count":0,"master_deck":["Strike_G","Strike_G","Defend_G","Defend_G","Defend_G","Defend_G","Defend_G","Survivor","Neutralize+1","Footwork+1","Escape Plan","Deadly Poison","Choke+1","Infinite Blades","Burst+1","Dodge and Roll","After Image","Regret","After Image","Backflip+1","Cloak And Dagger+1","Noxious Fumes+1","Blur","Cloak And Dagger+1","Blade Dance"],"relics":["Ring of the Snake","NeowsBlessing","Strawberry","Toy Ornithopter","Sundial","Happy Flower","SacredBark","TwistedFunnel","Ice Cream","Singing Bowl","Ninja Scroll","Tough Bandages","Bottled Tornado"],"acts_visited":["Exordium","TheCity"],"potions_floor_usage":[22,23,23,30],"damage_taken":[{"damage":0.0,"enemies":"Cultist","floor":1.0,"turns":1.0},{"damage":0.0,"enemies":"2 Louse","floor":3.0,"turns":1.0},{"damage":0.0,"enemies":"Lagavulin","floor":7.0,"turns":1.0},{"damage":18.0,"enemies":"3 Sentries","floor":10.0,"turns":12.0},{"damage":2.0,"enemies":"Jaw Worm","floor":12.0,"turns":4.0},{"damage":13.0,"enemies":"Exordium Thugs","floor":13.0,"turns":7.0},{"damage":6.0,"enemies":"The Guardian","floor":16.0,"turns":14.0},{"damage":0.0,"enemies":"Chosen","floor":18.0,"turns":5.0},{"damage":0.0,"enemies":"Shell Parasite","floor":19.0,"turns":9.0},{"damage":28,"enemies":"Cultist and Chosen","floor":22,"turns":9},{"damage":9,"enemies":"Slavers","floor":23,"turns":7},{"damage":15,"enemies":"Gremlin Leader","floor":25,"turns":7},{"damage":3,"enemies":"Snecko","floor":28,"turns":6},{"damage":20,"enemies":"Colosseum Slavers","floor":30,"turns":5},{"damage":0,"enemies":"Colosseum Nobs","floor":30,"turns":3},{"damage":19,"enemies":"Book of Stabbing","floor":31,"turns":5}],"seed_played":"7582451219576354316","potions_obtained":[{"floor":7.0,"key":"Swift Potion"},{"floor":12.0,"key":"BlessingOfTheForge"},{"floor":13.0,"key":"DuplicationPotion"},{"floor":18.0,"key":"Energy Potion"},{"floor":19.0,"key":"Swift Potion"},{"floor":28,"key":"SteroidPotion"}],"is_trial":false,"path_per_floor":["M","?","M","$","?","R","E","$","T","E","R","M","M","?","R","B",null,"M","M","$","?","M","E","R","E","T","R","M","$","?","E"],"character_chosen":"THE_SILENT","items_purchased":["Deadly Poison","Infinite Blades","TwistedFunnel","Noxious Fumes"],"campfire_rested":0,"item_purchase_floors":[4,8,20,20],"current_hp_per_floor":[63,63,63,63,52,52,59,59,59,46,46,44,31,31,31,25,64,69,69,69,69,46,47,47,34,34,34,31,31,16,0,0],"gold":203,"neow_bonus":"THREE_ENEMY_KILL","is_daily":false,"chose_seed":false,"campfire_upgraded":5,"win_rate":0.0,"timestamp":1608414345,"path_taken":["M","?","M","$","?","R","E","?","T","E","R","M","?","?","R","BOSS","M","M","$","?","M","E","R","E","T","R","M","$","?","E"],"items_purchased_type":["Card","Card","Relic","Card"],"build_version":"2020-12-13","purchased_purges":2,"victory":false,"max_hp_per_floor":[70,70,70,70,70,70,77,77,77,77,77,77,77,77,77,77,77,77,77,77,77,77,77,77,79,79,79,79,79,79,79,79],"card_choices":[{"not_picked":["Underhanded Strike","Accuracy"],"picked":"Footwork","floor":1.0},{"not_picked":["Deflect","Crippling Poison"],"picked":"Escape Plan","floor":3.0},{"not_picked":["Well Laid Plans","Deflect"],"picked":"Choke","floor":7.0},{"not_picked":["PiercingWail","Sucker Punch"],"picked":"Burst","floor":10.0},{"not_picked":["Flying Knee","PiercingWail"],"picked":"Dodge and Roll","floor":12.0},{"not_picked":["Footwork","Underhanded Strike"],"picked":"After Image","floor":13.0},{"not_picked":["Grand Finale","Bullet Time"],"picked":"After Image","floor":16.0},{"not_picked":["Dagger Spray+1","Deflect"],"picked":"Backflip+1","floor":18.0},{"not_picked":["Dagger Throw+1","Bane"],"picked":"Cloak And Dagger+1","floor":19.0},{"not_picked":["Reflex","Sucker Punch+1","Deflect"],"picked":"SKIP","floor":22},{"not_picked":["Cloak And Dagger","Setup"],"picked":"Blur","floor":23},{"not_picked":["Bullet Time","Bane","Flechettes"],"picked":"Singing Bowl","floor":25},{"not_picked":["Slice","Bane+1"],"picked":"Cloak And Dagger+1","floor":28},{"not_picked":["Sucker Punch","Expertise"],"picked":"Blade Dance","floor":30}],"player_experience":372021,"relics_obtained":[{"floor":7.0,"key":"Strawberry"},{"floor":9.0,"key":"Toy Ornithopter"},{"floor":10.0,"key":"Sundial"},{"floor":23,"key":"Ice Cream"},{"floor":25,"key":"Singing Bowl"},{"floor":26,"key":"Ninja Scroll"},{"floor":30,"key":"Tough Bandages"},{"floor":30,"key":"Bottled Tornado"}],"event_choices":[{"cards_removed":["Strike_G"],"damage_healed":0.0,"max_hp_gain":0.0,"max_hp_loss":0.0,"gold_gain":0.0,"event_name":"Living Wall","player_choice":"Forget","floor":2.0,"gold_loss":0.0,"damage_taken":0.0},{"damage_healed":0.0,"max_hp_gain":0.0,"max_hp_loss":0.0,"gold_gain":75.0,"event_name":"World of Goop","player_choice":"Gather Gold","floor":5.0,"gold_loss":0.0,"damage_taken":11.0},{"damage_healed":0.0,"max_hp_gain":0.0,"max_hp_loss":0.0,"gold_gain":0.0,"event_name":"Big Fish","player_choice":"Box","floor":14.0,"gold_loss":0.0,"damage_taken":0.0,"relics_obtained":["Happy Flower"],"cards_obtained":["Regret"]},{"damage_healed":0,"gold_gain":0,"player_choice":"Ignored","damage_taken":0,"max_hp_gain":0,"max_hp_loss":0,"event_name":"Cursed Tome","floor":21,"gold_loss":0},{"damage_healed":0,"gold_gain":0,"player_choice":"Fight","damage_taken":0,"max_hp_gain":0,"max_hp_loss":0,"event_name":"Colosseum","floor":30,"gold_loss":0},{"damage_healed":0,"gold_gain":0,"player_choice":"Fought Nobs","damage_taken":0,"max_hp_gain":0,"max_hp_loss":0,"event_name":"Colosseum","floor":30,"gold_loss":0}],"is_beta":false,"boss_relics":[{"not_picked":["Coffee Dripper","HoveringKite"],"picked":"SacredBark"}],"items_purged_floors":[4,8],"is_endless":false,"potions_floor_spawned":[7,12,13,18,19,28,30],"killed_by":"Book of Stabbing","ascension_level":9}}