{"host":"q9718omregw4er46","time":1608360015,"event":{"mods":["BaseMod","Bestiary","Colored Powertips","Custom Start","Highlight Path","Minty Spire (QoL Compilation)","Practice Mode","Quick Restart","Relic Stats"],"gold_per_floor":[111,111,121,141,158,158,188,188,188,222,222,242,269,279,279,358,358,374,374,374,386,397,429,429,441,487,518,518,548,548,576,576,650,650,669,683,983,1003,325,359,359,384,384,284,337,349,349,382,382,382,382,382,44,77,77],"floor_reached":56,"playtime":3397,"items_purged":["Strike_R","Strike_R"],"score":2559,"play_id":"d65f0ca2-50db-4250-b4ca-645546ec5bfb","local_time":"20201219114015","is_ascension_mode":true,"campfire_choices":[{"data":"Fiend Fire","floor":6.0,"key":"SMITH"},{"data":"Bash","floor":8.0,"key":"SMITH"},{"data":"Dark Embrace","floor":11.0,"key":"SMITH"},{"data":"Clothesline","floor":15.0,"key":"SMITH"},{"data":"1","floor":24.0,"key":"LIFT"},{"data":"2","floor":28.0,"key":"LIFT"},{"data":"3","floor":32.0,"key":"LIFT"},{"data":"Feel No Pain","floor":41.0,"key":"SMITH"},{"floor":47,"key":"REST"},{"floor":49,"key":"RECALL"},{"data":"Pommel Strike","floor":52,"key":"SMITH"}],"circlet_count":0,"master_deck":["AscendersBane","Defend_R","Defend_R","Defend_R","Defend_R","Bash+1","Fiend Fire+1","Ghostly Armor","Dark Embrace+1","Pommel Strike+1","Cleave","Impervious+1","Havoc+1","Clothesline+1","Feed","Pummel","Wild Strike","Power Through+1","Impervious+1","Armaments+1","Feel No Pain+1","True Grit+1","Inflame+1","Barricade+1","Pommel Strike+1","Offering+1","Feel No Pain+1","Entrench+1","Disarm+1","Shockwave+1","Second Wind+1","Burning Pact+1","Demon Form+1","Shrug It Off+1"],"relics":["Burning Blood","Centennial Puzzle","Happy Flower","Toxic Egg 2","Orichalcum","Snecko Eye","Girya","Nunchaku","Mercury Hourglass","Frozen Egg 2","Ancient Tea Set","SlaversCollar","Bird Faced Urn","Molten Egg 2","Juzu Bracelet","Charon\u0027s Ashes","HornCleat","Bronze Scales","Self Forming Clay"],"acts_visited":["Exordium","TheCity","TheBeyond","TheEnding"],"potions_floor_usage":[45,55],"damage_taken":[{"damage":2.0,"enemies":"Jaw Worm","floor":1.0,"turns":5.0},{"damage":0.0,"enemies":"Cultist","floor":3.0,"turns":3.0},{"damage":0.0,"enemies":"2 Louse","floor":4.0,"turns":4.0},{"damage":17.0,"enemies":"Exordium Wildlife","floor":5.0,"turns":9.0},{"damage":8.0,"enemies":"Gremlin Nob","floor":7.0,"turns":3.0},{"damage":20.0,"enemies":"3 Sentries","floor":10.0,"turns":8.0},{"damage":2.0,"enemies":"Large Slime","floor":12.0,"turns":3.0},{"damage":8.0,"enemies":"Gremlin Nob","floor":13.0,"turns":3.0},{"damage":0.0,"enemies":"Blue Slaver","floor":14.0,"turns":2.0},{"damage":23.0,"enemies":"Slime Boss","floor":16.0,"turns":5.0},{"damage":0.0,"enemies":"Chosen","floor":18.0,"turns":2.0},{"damage":25.0,"enemies":"3 Byrds","floor":21.0,"turns":6.0},{"damage":0.0,"enemies":"Sentry and Sphere","floor":22.0,"turns":3.0},{"damage":32.0,"enemies":"Slavers","floor":23.0,"turns":4.0},{"damage":0.0,"enemies":"3 Cultists","floor":25.0,"turns":4.0},{"damage":7.0,"enemies":"Gremlin Leader","floor":27.0,"turns":3.0},{"damage":4.0,"enemies":"Slavers","floor":29.0,"turns":7.0},{"damage":0.0,"enemies":"Book of Stabbing","floor":31.0,"turns":3.0},{"damage":33.0,"enemies":"Automaton","floor":33.0,"turns":11.0},{"damage":31.0,"enemies":"3 Darklings","floor":35.0,"turns":6.0},{"damage":12.0,"enemies":"3 Shapes","floor":36.0,"turns":6.0},{"damage":0.0,"enemies":"Maw","floor":38.0,"turns":7.0},{"damage":6.0,"enemies":"Nemesis","floor":40.0,"turns":13.0},{"damage":46.0,"enemies":"Reptomancer","floor":42.0,"turns":8.0},{"damage":38,"enemies":"2 Orb Walkers","floor":45,"turns":4},{"damage":12,"enemies":"4 Shapes","floor":46,"turns":6},{"damage":0,"enemies":"Nemesis","floor":48,"turns":11},{"damage":0,"enemies":"Awakened One","floor":50,"turns":13},{"damage":6,"enemies":"Shield and Spear","floor":54,"turns":11},{"damage":9,"enemies":"The Heart","floor":55,"turns":13}],"seed_played":"-1955404845463713232","potions_obtained":[{"floor":3.0,"key":"SteroidPotion"},{"floor":7.0,"key":"DuplicationPotion"},{"floor":12.0,"key":"BlessingOfTheForge"},{"floor":16.0,"key":"SmokeBomb"},{"floor":25.0,"key":"PowerPotion"},{"floor":29.0,"key":"BlessingOfTheForge"},{"floor":36.0,"key":"SteroidPotion"},{"floor":38.0,"key":"FearPotion"},{"floor":48,"key":"AttackPotion"}],"is_trial":false,"path_per_floor":["M","?","M","M","M","R","E","R","T","E","R","M","E","M","R","B",null,"M","?","?","M","M","E","R","M","T","E","R","E","?","E","R","B",null,"M","M","?","M","$","E","R","E","T","$","?","M","R","E","R","B",null,"R","$","E","B",null],"character_chosen":"IRONCLAD","items_purchased":["Offering+1","Feel No Pain+1","Bird Faced Urn","Entrench+1","Demon Form+1","Bronze Scales"],"campfire_rested":1,"item_purchase_floors":[39,39,39,39,53,53],"current_hp_per_floor":[54,54,60,66,55,55,53,53,53,39,39,43,41,47,47,30,64,70,70,70,54,63,40,40,49,49,51,51,56,56,62,62,39,83,62,59,59,69,69,79,79,52,52,52,28,32,65,81,81,100,111,111,111,117,121],"gold":77,"neow_bonus":"THREE_RARE_CARDS","is_daily":false,"chose_seed":false,"campfire_upgraded":6,"win_rate":0.0,"timestamp":1608360015,"path_taken":["M","?","M","M","M","R","E","R","T","E","R","?","E","M","R","BOSS","M","?","?","M","M","E","R","M","T","E","R","E","?","E","R","BOSS","M","M","?","M","?","E","R","E","T","$","?","M","R","E","R","BOSS","R","$","E","BOSS"],"items_purchased_type":["Card","Card","Relic","Card","Card","Relic"],"build_version":"2020-12-13","purchased_purges":2,"victory":true,"max_hp_per_floor":[75,75,75,75,75,75,75,75,75,75,75,75,75,75,75,75,75,75,75,75,78,81,84,84,87,87,90,90,93,93,93,93,97,97,101,104,104,108,108,108,108,111,111,111,111,111,111,111,111,114,114,114,114,117,121],"relic_stats":{"Happy Flower":[54],"counters":[30,185],"Self Forming Clay":[9],"Charon\u0027s Ashes":[428],"Juzu Bracelet":0,"Orichalcum":[78],"Burning Blood":170,"Mercury Hourglass":[489],"Centennial Puzzle":[51],"Nunchaku":[18],"Bird Faced Urn":[74],"Bronze Scales":[222],"Snecko Eye":[279,309,272,282],"obtain_stats":[{"Girya":23,"Happy Flower":9,"Self Forming Clay":54,"Charon\u0027s Ashes":45,"Juzu Bracelet":42,"Orichalcum":13,"Frozen Egg 2":29,"Ancient Tea Set":31,"Burning Blood":0,"Mercury Hourglass":27,"SlaversCollar":34,"Centennial Puzzle":7,"Nunchaku":26,"HornCleat":48,"Bird Faced Urn":39,"Bronze Scales":53,"Snecko Eye":17,"Molten Egg 2":40,"Toxic Egg 2":10},{"Girya":14,"Happy Flower":5,"Self Forming Clay":29,"Charon\u0027s Ashes":25,"Juzu Bracelet":24,"Orichalcum":8,"Frozen Egg 2":17,"Ancient Tea Set":18,"Burning Blood":0,"Mercury Hourglass":16,"SlaversCollar":19,"Centennial Puzzle":5,"Nunchaku":15,"HornCleat":27,"Bird Faced Urn":22,"Bronze Scales":28,"Snecko Eye":10,"Molten Egg 2":23,"Toxic Egg 2":6},{"Girya":60,"Happy Flower":24,"Self Forming Clay":172,"Charon\u0027s Ashes":132,"Juzu Bracelet":128,"Orichalcum":38,"Frozen Egg 2":74,"Ancient Tea Set":77,"Burning Blood":0,"Mercury Hourglass":67,"SlaversCollar":88,"Centennial Puzzle":24,"Nunchaku":64,"HornCleat":148,"Bird Faced Urn":107,"Bronze Scales":161,"Snecko Eye":45,"Molten Egg 2":120,"Toxic Egg 2":32}]},"card_choices":[{"not_picked":["Impervious","Reaper"],"picked":"Fiend Fire","floor":0.0},{"not_picked":["Clash","Entrench"],"picked":"Ghostly Armor","floor":1.0},{"not_picked":["Clothesline","Dropkick"],"picked":"Dark Embrace","floor":3.0},{"not_picked":["Flex","Reckless Charge"],"picked":"Pommel Strike","floor":4.0},{"not_picked":["Perfected Strike","Clash"],"picked":"Cleave","floor":5.0},{"not_picked":["Dual Wield","Body Slam","Fire Breathing"],"picked":"SKIP","floor":7.0},{"not_picked":["Flex+1","Rampage"],"picked":"Impervious+1","floor":10.0},{"not_picked":["Iron Wave","Body Slam"],"picked":"Havoc+1","floor":12.0},{"not_picked":["Dropkick","Thunderclap","Headbutt"],"picked":"SKIP","floor":13.0},{"not_picked":["Cleave","Body Slam"],"picked":"Clothesline","floor":14.0},{"not_picked":["Bludgeon","Limit Break+1"],"picked":"Feed","floor":16.0},{"not_picked":["Perfected Strike","Cleave","Body Slam"],"picked":"SKIP","floor":18.0},{"not_picked":["Searing Blow+1","Intimidate+1","Rupture"],"picked":"SKIP","floor":21.0},{"not_picked":["Warcry+1","Pommel Strike"],"picked":"Power Through+1","floor":22.0},{"not_picked":["Spot Weakness+1","Intimidate+1"],"picked":"Impervious+1","floor":23.0},{"not_picked":["Armaments+1","Pummel","Flex+1"],"picked":"SKIP","floor":25.0},{"not_picked":["Pummel","Flex+1"],"picked":"Armaments+1","floor":25.0},{"not_picked":["Anger","Ghostly Armor+1"],"picked":"Feel No Pain","floor":27.0},{"not_picked":["Rampage","Clash"],"picked":"True Grit+1","floor":29.0},{"not_picked":["Carnage+1","Pommel Strike"],"picked":"Inflame+1","floor":31.0},{"not_picked":["Immolate","Bludgeon"],"picked":"Barricade+1","floor":33.0},{"not_picked":["Cleave+1","Rupture+1","Anger"],"picked":"SKIP","floor":35.0},{"not_picked":["Perfected Strike","Body Slam"],"picked":"Pommel Strike+1","floor":36.0},{"not_picked":["True Grit+1","Bloodletting+1","Sword Boomerang"],"picked":"SKIP","floor":38.0},{"not_picked":["Anger+1","Armaments+1"],"picked":"Disarm+1","floor":40.0},{"not_picked":["Combust+1","Searing Blow+1"],"picked":"Shockwave+1","floor":42.0},{"not_picked":["Power Through+1","Twin Strike+1"],"picked":"Second Wind+1","floor":46},{"not_picked":["Havoc+1","Seeing Red+1"],"picked":"Burning Pact+1","floor":48},{"not_picked":["Double Tap+1","Metallicize+1"],"picked":"Shrug It Off+1","floor":54}],"player_experience":1058894,"relics_obtained":[{"floor":7.0,"key":"Centennial Puzzle"},{"floor":9.0,"key":"Happy Flower"},{"floor":10.0,"key":"Toxic Egg 2"},{"floor":13.0,"key":"Orichalcum"},{"floor":23.0,"key":"Girya"},{"floor":26.0,"key":"Nunchaku"},{"floor":27.0,"key":"Mercury Hourglass"},{"floor":29.0,"key":"Frozen Egg 2"},{"floor":31.0,"key":"Ancient Tea Set"},{"floor":40.0,"key":"Molten Egg 2"},{"floor":42.0,"key":"Juzu Bracelet"},{"floor":45,"key":"Charon\u0027s Ashes"},{"floor":48,"key":"HornCleat"},{"floor":54,"key":"Self Forming Clay"}],"event_choices":[{"cards_removed":["Strike_R"],"damage_healed":0.0,"max_hp_gain":0.0,"max_hp_loss":0.0,"gold_gain":0.0,"event_name":"Purifier","player_choice":"Purged","floor":2.0,"gold_loss":0.0,"damage_taken":0.0},{"damage_healed":0.0,"max_hp_gain":0.0,"max_hp_loss":0.0,"gold_gain":0.0,"event_name":"The Mausoleum","player_choice":"Ignored","floor":19.0,"gold_loss":0.0,"damage_taken":0.0},{"damage_healed":0.0,"max_hp_gain":0.0,"max_hp_loss":0.0,"gold_gain":0.0,"cards_transformed":["Strike_R","Strike_R"],"event_name":"Drug Dealer","player_choice":"Became Test Subject","floor":20.0,"gold_loss":0.0,"damage_taken":0.0,"cards_obtained":["Pummel","Wild Strike"]},{"damage_healed":0.0,"max_hp_gain":0.0,"max_hp_loss":0.0,"gold_gain":0.0,"event_name":"Ghosts","player_choice":"Ignored","floor":30.0,"gold_loss":0.0,"damage_taken":0.0},{"damage_healed":0.0,"max_hp_gain":0.0,"max_hp_loss":0.0,"gold_gain":300.0,"event_name":"Wheel of Change","player_choice":"Gold","floor":37.0,"gold_loss":0.0,"damage_taken":0.0},{"damage_healed":0,"gold_gain":0,"player_choice":"Fight","damage_taken":0,"max_hp_gain":0,"max_hp_loss":0,"event_name":"Mysterious Sphere","floor":45,"gold_loss":0}],"is_beta":false,"boss_relics":[{"not_picked":["Runic Cube","Coffee Dripper"],"picked":"Snecko Eye"},{"not_picked":["Sozu","Runic Pyramid"],"picked":"SlaversCollar"}],"items_purged_floors":[39,44],"is_endless":false,"potions_floor_spawned":[3,7,12,14,16,25,29,31,36,38,48],"ascension_level":19}}