{"host":"j49z5jz0n7e8vjox","time":1608407269,"event":{"mods":["AchievementEnabler","BaseMod","Bestiary","Colored Map","Colored Powertips","DeckTracker","Minty Spire (QoL Compilation)"],"gold_per_floor":[111,123,123,123,143,170,170,203,229,229,271,294,294,329,329,435,435,451,51,51,96,116,151,151,168,168,168,195,195,53,94,94,201,210,234,85,95,113,40,84,84,84],"floor_reached":41,"playtime":2594,"items_purged":["Strike_R","Strike_R+1"],"score":739,"play_id":"026b3aad-3f43-4cae-a85c-90061f7fe201","local_time":"20201219134749","is_ascension_mode":true,"campfire_choices":[{"floor":7,"key":"REST"},{"data":"Flex","floor":10,"key":"SMITH"},{"floor":15,"key":"REST"},{"data":"Whirlwind","floor":24,"key":"SMITH"},{"data":"Ghostly","floor":29,"key":"SMITH"},{"data":"Offering","floor":32,"key":"SMITH"}],"circlet_count":0,"master_deck":["Strike_R+1","Strike_R+1","Strike_R+1","Defend_R+1","Defend_R+1","Defend_R+1","Defend_R+1","Bash","Inflame","Cleave+1","Seeing Red","Berserk","Flex+1","Fiend Fire+1","Intimidate","Flex","Immolate","Feel No Pain","Ghostly+1","Ghostly","Ghostly","Ghostly","Ghostly","Clothesline+1","Whirlwind+1","Headbutt","Dark Embrace","Offering+1","Feed","CurseOfTheBell","Battle Trance+1","Madness","Madness","Feel No Pain","Feel No Pain"],"relics":["Burning Blood","PreservedInsect","Centennial Puzzle","Orichalcum","CeramicFish","Gremlin Horn","Philosopher\u0027s Stone","Self Forming Clay","Eternal Feather","WingedGreaves","Bottled Flame","Calling Bell","Red Skull","Question Card","Champion Belt","Art of War"],"acts_visited":["Exordium","TheCity","TheBeyond"],"potions_floor_usage":[6,16,16,25,25,31,40,41],"damage_taken":[{"damage":7,"enemies":"Jaw Worm","floor":1,"turns":6},{"damage":13,"enemies":"Small Slimes","floor":2,"turns":5},{"damage":11,"enemies":"2 Louse","floor":5,"turns":2},{"damage":26,"enemies":"Gremlin Nob","floor":6,"turns":4},{"damage":22,"enemies":"Lagavulin","floor":8,"turns":6},{"damage":5,"enemies":"3 Sentries","floor":11,"turns":2},{"damage":9,"enemies":"Lots of Slimes","floor":12,"turns":4},{"damage":25,"enemies":"Lagavulin","floor":14,"turns":4},{"damage":15,"enemies":"Slime Boss","floor":16,"turns":5},{"damage":4,"enemies":"Chosen","floor":18,"turns":3},{"damage":6,"enemies":"Spheric Guardian","floor":22,"turns":5},{"damage":0,"enemies":"Gremlin Leader","floor":23,"turns":5},{"damage":11,"enemies":"Snake Plant","floor":25,"turns":4},{"damage":0,"enemies":"Snecko","floor":28,"turns":6},{"damage":6,"enemies":"Book of Stabbing","floor":31,"turns":4},{"damage":37,"enemies":"Collector","floor":33,"turns":9},{"damage":6,"enemies":"Orb Walker","floor":35,"turns":2},{"damage":3,"enemies":"3 Shapes","floor":37,"turns":3},{"damage":7,"enemies":"Nemesis","floor":40,"turns":9},{"damage":42,"enemies":"Maw","floor":41,"turns":7}],"seed_played":"-7668266641386164289","potions_obtained":[{"floor":0,"key":"DuplicationPotion"},{"floor":0,"key":"HeartOfIron"},{"floor":0,"key":"LiquidBronze"},{"floor":5,"key":"Fire Potion"},{"floor":14,"key":"Fire Potion"},{"floor":18,"key":"Swift Potion"},{"floor":23,"key":"SkillPotion"},{"floor":33,"key":"Explosive Potion"},{"floor":35,"key":"DistilledChaos"}],"is_trial":false,"path_per_floor":["M","M","?","?","M","E","R","E","T","R","E","M","?","E","R","B",null,"M","$","T","?","M","E","R","M","T","?","M","R","$","E","R","B",null,"M","$","M","?","$","E","M"],"character_chosen":"IRONCLAD","items_purchased":["Feel No Pain","Self Forming Clay","Dark Embrace","Ancient Potion","Energy Potion","Feel No Pain"],"campfire_rested":2,"item_purchase_floors":[19,19,30,30,36,39],"current_hp_per_floor":[71,64,64,48,43,23,47,31,31,31,32,29,29,10,34,25,66,68,68,68,40,40,40,40,35,35,35,40,40,40,40,40,9,32,32,32,38,33,33,35,0,0],"gold":84,"neow_bonus":"THREE_SMALL_POTIONS","is_daily":false,"chose_seed":false,"campfire_upgraded":4,"win_rate":0.0,"timestamp":1608407269,"path_taken":["M","M","?","?","M","E","R","E","T","R","E","M","?","E","R","BOSS","M","$","?","?","M","E","R","M","T","?","M","R","?","E","R","BOSS","M","$","M","?","$","E","M"],"items_purchased_type":["Card","Relic","Card","Potion","Potion","Card"],"build_version":"2020-12-13","purchased_purges":2,"victory":false,"max_hp_per_floor":[80,80,80,80,80,80,80,80,80,80,80,80,80,80,80,80,80,80,80,80,40,40,40,40,40,40,40,40,40,40,40,40,40,40,40,40,43,43,43,46,46,46],"card_choices":[{"not_picked":["Twin Strike","Thunderclap"],"picked":"Inflame","floor":1},{"not_picked":["Clothesline","Hemokinesis"],"picked":"Cleave","floor":2},{"not_picked":["Headbutt","Infernal Blade"],"picked":"Seeing Red","floor":5},{"not_picked":["Sever Soul","Anger"],"picked":"Berserk","floor":6},{"not_picked":["Heavy Blade","Shockwave"],"picked":"Flex","floor":8},{"not_picked":["Juggernaut","Cleave"],"picked":"Fiend Fire","floor":11},{"not_picked":["Hemokinesis","Searing Blow"],"picked":"Intimidate","floor":12},{"not_picked":["Heavy Blade","Wild Strike"],"picked":"Flex","floor":14},{"not_picked":["Barricade","Exhume"],"picked":"Immolate","floor":16},{"not_picked":["Thunderclap","Havoc","Body Slam+1"],"picked":"SKIP","floor":18},{"not_picked":["Cleave","Wild Strike"],"picked":"Clothesline+1","floor":22},{"not_picked":["Juggernaut","Twin Strike"],"picked":"Whirlwind","floor":23},{"not_picked":["Bloodletting","Anger","Burning Pact"],"picked":"SKIP","floor":25},{"not_picked":["Rupture","Pommel Strike"],"picked":"Headbutt","floor":28},{"not_picked":["Exhume","Evolve+1"],"picked":"Offering","floor":31},{"not_picked":["Offering","Demon Form"],"picked":"Feed","floor":33},{"not_picked":["Wild Strike","Clothesline+1","Warcry"],"picked":"Battle Trance+1","floor":35},{"not_picked":["Body Slam","Heavy Blade","Armaments","Iron Wave+1"],"picked":"SKIP","floor":37},{"not_picked":["Havoc","Warcry","Shrug It Off+1"],"picked":"Feel No Pain","floor":40}],"player_experience":713059,"relics_obtained":[{"floor":6,"key":"PreservedInsect"},{"floor":8,"key":"Centennial Puzzle"},{"floor":9,"key":"Orichalcum"},{"floor":11,"key":"CeramicFish"},{"floor":14,"key":"Gremlin Horn"},{"floor":23,"key":"Eternal Feather"},{"floor":26,"key":"WingedGreaves"},{"floor":31,"key":"Bottled Flame"},{"floor":34,"key":"Red Skull"},{"floor":34,"key":"Question Card"},{"floor":34,"key":"Champion Belt"},{"floor":40,"key":"Art of War"}],"event_choices":[{"damage_healed":0,"gold_gain":0,"player_choice":"Grow","damage_taken":0,"max_hp_gain":0,"max_hp_loss":0,"event_name":"Living Wall","floor":3,"gold_loss":0,"cards_upgraded":["Cleave"]},{"damage_healed":0,"gold_gain":0,"player_choice":"Entered Light","damage_taken":16,"max_hp_gain":0,"max_hp_loss":0,"event_name":"Shining Light","floor":4,"gold_loss":0,"cards_upgraded":["Defend_R","Strike_R"]},{"damage_healed":0,"gold_gain":0,"player_choice":"Forge","damage_taken":0,"max_hp_gain":0,"max_hp_loss":0,"event_name":"Accursed Blacksmith","floor":13,"gold_loss":0,"cards_upgraded":["Fiend Fire"]},{"damage_healed":0,"gold_gain":0,"player_choice":"Became a Ghost","damage_taken":0,"max_hp_gain":0,"max_hp_loss":40,"event_name":"Ghosts","floor":21,"gold_loss":0,"cards_obtained":["Ghostly","Ghostly","Ghostly","Ghostly","Ghostly"]},{"damage_healed":0,"gold_gain":0,"player_choice":"Simplicity","damage_taken":0,"max_hp_gain":0,"max_hp_loss":0,"event_name":"Back to Basics","floor":27,"gold_loss":0,"cards_upgraded":["Strike_R","Strike_R","Strike_R","Defend_R","Defend_R","Defend_R"]},{"damage_healed":0,"gold_gain":0,"player_choice":"Embrace Madness","damage_taken":5,"max_hp_gain":0,"max_hp_loss":0,"event_name":"Winding Halls","floor":38,"gold_loss":0,"cards_obtained":["Madness","Madness"]}],"is_beta":false,"boss_relics":[{"not_picked":["Runic Dome","Runic Cube"],"picked":"Philosopher\u0027s Stone"},{"not_picked":["SacredBark","Busted Crown"],"picked":"Calling Bell"}],"items_purged_floors":[19,36],"is_endless":false,"potions_floor_spawned":[1,5,14,18,23,33,35],"killed_by":"Maw","ascension_level":7}}