{"host":"6w8aqtnmxc00db5e","time":1608412221,"event":{"mods":["BaseMod","Better Altar","Better Match","Better Note","Better Sensory Stone","Better Skull","Better Third Choice","GifTheSpireLib","GungeonMod","Minty Spire (QoL Compilation)","Replay The Spire","StSLib"],"gold_per_floor":[110,122,99,117,131,165,165,165,165,191,191,219,249,259,259,355,355,372,388,356,356,371,406,406,438,438,454,467,467,467],"floor_reached":29,"playtime":1135,"items_purged":[],"score":420,"play_id":"2afff711-ea53-4075-9e31-f71ba2dcbc52","local_time":"20201219161021","daily_mods":["SealedDeck","Vintage","Heirloom","Time Dilation","DeadlyEvents","Elite Swarm","Uncertain Future"],"is_ascension_mode":false,"campfire_choices":[{"data":"Replay:Undeath\u0027s Touch","floor":7,"key":"SMITH"},{"data":"ReplayTheSpireMod:LeadingStrike","floor":11,"key":"SMITH"},{"data":"Perfected Strike","floor":15,"key":"SMITH"},{"data":"Berserk","floor":24,"key":"SMITH"}],"circlet_count":0,"master_deck":["Pommel Strike","Perfected Strike+1","Cleave","Twin Strike","Twin Strike","Twin Strike","Twin Strike","Cleave","Rage","Replay:Undeath\u0027s Touch+1","Clash+1","ReplayTheSpireMod:LeadingStrike+1","Flash of Steel","Berserk+1","Offering","Thunderclap"],"relics":["Burning Blood","replay:Trail_Library","Peace Pipe","ReplayTheSpireMod:Shallot","Blue Doll","Toy Ornithopter","ReplayTheSpireMod:Lightbulb","Akabeko","NlothsMask","Ornamental Fan","DemoMod:BlueGuonStone","Shovel","Omamori","Ooze Armor","DemoMod:SuperHotWatch","Pen Nib","ReplayTheSpireMod:CursedCoin","DemoMod:LamentConfigurum","Red Skull","DemoMod:GreenGuonStone","Ice Cream","Durian","Snack Pack","DemoMod:AgedBell","DemoMod:PoisonVial"],"acts_visited":["Exordium","TheCity"],"potions_floor_usage":[6,16,16,19,23],"damage_taken":[{"damage":0,"enemies":"Small Slimes","floor":1,"turns":2},{"damage":0,"enemies":"Cultist","floor":2,"turns":2},{"damage":0,"enemies":"Jaw Worm","floor":4,"turns":1},{"damage":0,"enemies":"Lots of Slimes","floor":5,"turns":2},{"damage":0,"enemies":"Gremlin Nob","floor":6,"turns":2},{"damage":4,"enemies":"Lagavulin","floor":10,"turns":3},{"damage":2,"enemies":"3 Sentries","floor":12,"turns":3},{"damage":3,"enemies":"Replay:BlueRogue","floor":13,"turns":2},{"damage":0,"enemies":"Looter","floor":14,"turns":1},{"damage":6,"enemies":"Hexaghost","floor":16,"turns":3},{"damage":1,"enemies":"Chosen","floor":18,"turns":2},{"damage":0,"enemies":"Shell Parasite","floor":19,"turns":1},{"damage":5,"enemies":"3 Cultists","floor":22,"turns":3},{"damage":0,"enemies":"Slavers","floor":23,"turns":2},{"damage":11,"enemies":"Book of Stabbing","floor":25,"turns":2},{"damage":0,"enemies":"Snecko","floor":27,"turns":2},{"damage":0,"enemies":"Shelled Parasite and Fungi","floor":28,"turns":1}],"seed_played":"8312454805309372936","potions_obtained":[{"floor":1,"key":"BloodPotion"},{"floor":2,"key":"Strength Potion"},{"floor":6,"key":"FearPotion"},{"floor":14,"key":"Weak Potion"},{"floor":16,"key":"DuplicationPotion"},{"floor":22,"key":"AttackPotion"},{"floor":25,"key":"DemoMod:LeadSkinPotion"},{"floor":28,"key":"Strength Potion"}],"is_trial":true,"path_per_floor":["M","M","$","M","M","E","R","?","T","E","R","E","E","M","R","B",null,"M","M","$","?","M","E","R","E","T","M","M","R"],"character_chosen":"IRONCLAD","items_purchased":["Clash+1","ReplayTheSpireMod:CursedCoin","DemoMod:LamentConfigurum","Flash of Steel"],"campfire_rested":0,"item_purchase_floors":[3,20,20,20],"current_hp_per_floor":[80,80,80,80,80,80,80,80,80,80,80,80,80,80,80,80,80,80,80,80,80,80,80,80,80,80,85,85,85,85],"gold":467,"neow_bonus":"","is_daily":false,"chose_seed":false,"campfire_upgraded":4,"win_rate":0.0,"timestamp":1608412221,"path_taken":["M","M","$","M","M","E","R","?","T","E","R","?","E","?","R","BOSS","M","?","$","?","M","E","R","E","T","M","M","R"],"items_purchased_type":["Card","Relic","Relic","Card"],"build_version":"2020-12-13","purchased_purges":0,"victory":false,"max_hp_per_floor":[80,80,80,80,80,80,80,80,80,80,80,80,80,80,80,80,80,80,80,80,80,80,80,80,85,85,85,85,85,85],"card_choices":[{"not_picked":["Eclipse","Impervious","Demonic Infusion"],"picked":"SKIP","floor":6},{"not_picked":["Impervious","Demonic Infusion","Demon Form"],"picked":"SKIP","floor":10},{"not_picked":["Impervious","Feed","Barricade"],"picked":"SKIP","floor":12},{"not_picked":["Barricade","Immolate","Demonic Infusion"],"picked":"SKIP","floor":13},{"not_picked":["Impervious","Feed"],"picked":"Berserk","floor":23},{"not_picked":["Juggernaut","Corruption"],"picked":"Offering","floor":25}],"player_experience":534675,"relics_obtained":[{"floor":1,"key":"ReplayTheSpireMod:Shallot"},{"floor":2,"key":"Blue Doll"},{"floor":4,"key":"Toy Ornithopter"},{"floor":5,"key":"ReplayTheSpireMod:Lightbulb"},{"floor":6,"key":"Akabeko"},{"floor":10,"key":"Ornamental Fan"},{"floor":12,"key":"DemoMod:BlueGuonStone"},{"floor":13,"key":"Shovel"},{"floor":14,"key":"Omamori"},{"floor":18,"key":"DemoMod:SuperHotWatch"},{"floor":19,"key":"Pen Nib"},{"floor":22,"key":"Red Skull"},{"floor":23,"key":"Ice Cream"},{"floor":25,"key":"Durian"},{"floor":26,"key":"Snack Pack"},{"floor":27,"key":"DemoMod:AgedBell"},{"floor":28,"key":"DemoMod:PoisonVial"}],"event_choices":[{"damage_healed":0,"gold_gain":0,"player_choice":"Trade","damage_taken":0,"relics_obtained":["NlothsMask"],"max_hp_gain":0,"max_hp_loss":0,"event_name":"FaceTrader","floor":8,"gold_loss":0},{"cards_removed":["ReplayTheSpireMod:LeadingStrike"],"damage_healed":0,"gold_gain":0,"player_choice":"Give","damage_taken":0,"max_hp_gain":0,"max_hp_loss":0,"event_name":"betterNote:BetterNote","floor":21,"gold_loss":0,"cards_obtained":["DemoMod:HardPowerCard"]}],"is_beta":false,"boss_relics":[{"not_picked":["SlaversCollar","Replay:Bronze Core"],"picked":"Ooze Armor"}],"items_purged_floors":[],"is_endless":false,"potions_floor_spawned":[1,2,6,14,16,22,25,28],"ascension_level":0}}