{"host":"yo9wwslrag05lh37","time":1608419292,"event":{"mods":["AchievementEnabler","BaseMod","Block Reminder","Colored Map","Colored Powertips","GifTheSpireLib","HexUI Lib","Highlight Path","Minty Spire (QoL Compilation)","Rare Cards Sparkle","Relic Stats","StSLib","everything is the same but u backflip on backflip"],"gold_per_floor":[112,131,131,147,161,187,187,218,218,252,98,115,15,30,30,106,106,126,126,143,160,170,170,204,204,204,9,9,23,57,7,7,7,7],"floor_reached":33,"playtime":1192,"items_purged":["Strike_R","Defend_R","Searing Blow+1","Defend_R"],"score":714,"play_id":"d252a56e-53e9-4c1f-88fb-12e88872d709","local_time":"20201220000812","is_ascension_mode":true,"campfire_choices":[{"data":"Immolate","floor":7.0,"key":"SMITH"},{"data":"Uppercut","floor":15.0,"key":"SMITH"},{"data":"1","floor":23.0,"key":"LIFT"},{"data":"2","floor":25,"key":"LIFT"},{"data":"3","floor":28,"key":"LIFT"},{"floor":32,"key":"REST"}],"circlet_count":0,"master_deck":["AscendersBane","Defend_R","Defend_R","Bash+1","Immolate+1","Uppercut+1","Anger","True Grit","Battle Trance","Combust","Double Tap","Ghostly Armor+1","Sentinel+1","Thunderclap","Feel No Pain","Burning Pact","Shockwave","Havoc"],"relics":["Burning Blood","Centennial Puzzle","Thread and Needle","Bottled Flame","Girya","Shovel","Astrolabe","Mercury Hourglass","Smiling Mask","Art of War"],"acts_visited":["Exordium","TheCity"],"potions_floor_usage":[24,30,30,30],"damage_taken":[{"damage":4.0,"enemies":"Cultist","floor":1.0,"turns":4.0},{"damage":0.0,"enemies":"2 Louse","floor":2.0,"turns":1.0},{"damage":7.0,"enemies":"Jaw Worm","floor":4.0,"turns":2.0},{"damage":0.0,"enemies":"3 Louse","floor":5.0,"turns":1.0},{"damage":32.0,"enemies":"Lagavulin","floor":6.0,"turns":6.0},{"damage":10.0,"enemies":"3 Sentries","floor":8.0,"turns":4.0},{"damage":21.0,"enemies":"Lagavulin","floor":10.0,"turns":7.0},{"damage":4.0,"enemies":"Large Slime","floor":12.0,"turns":7.0},{"damage":2.0,"enemies":"Looter","floor":14.0,"turns":2.0},{"damage":5.0,"enemies":"Slime Boss","floor":16.0,"turns":6.0},{"damage":14.0,"enemies":"Shell Parasite","floor":18.0,"turns":6.0},{"damage":15.0,"enemies":"3 Byrds","floor":20.0,"turns":4.0},{"damage":10.0,"enemies":"Centurion and Healer","floor":21.0,"turns":4.0},{"damage":13.0,"enemies":"3 Cultists","floor":22.0,"turns":3.0},{"damage":14,"enemies":"Gremlin Leader","floor":24,"turns":3},{"damage":3,"enemies":"Cultist and Chosen","floor":29,"turns":4},{"damage":31,"enemies":"Book of Stabbing","floor":30,"turns":5},{"damage":33,"enemies":"Collector","floor":33,"turns":5}],"seed_played":"6834116151997711258","potions_obtained":[{"floor":2.0,"key":"Dexterity Potion"},{"floor":5.0,"key":"Ancient Potion"},{"floor":8.0,"key":"Fire Potion"},{"floor":21.0,"key":"FearPotion"},{"floor":24,"key":"EntropicBrew"}],"is_trial":false,"path_per_floor":["M","M","?","M","M","E","R","E","T","E","$","M","$","M","R","B",null,"M","?","M","M","M","R","E","R","T","$","R","M","E","$","R","B"],"character_chosen":"IRONCLAD","items_purchased":["Regen Potion","Shockwave","Energy Potion"],"campfire_rested":1,"item_purchase_floors":[11,27,27],"current_hp_per_floor":[70,75,75,74,75,49,49,45,45,30,30,32,32,36,36,52,69,61,61,52,48,41,41,33,33,33,33,33,36,11,11,33,0,0],"gold":7,"neow_bonus":"TRANSFORM_CARD","is_daily":false,"chose_seed":false,"campfire_upgraded":2,"win_rate":0.0,"timestamp":1608419292,"path_taken":["M","M","?","M","?","E","R","E","T","E","$","M","$","M","R","BOSS","M","?","M","?","M","R","E","R","T","$","R","M","E","$","R","BOSS"],"items_purchased_type":["Potion","Card","Potion"],"build_version":"2020-12-13","purchased_purges":4,"victory":false,"max_hp_per_floor":[75,75,75,75,75,75,75,75,75,75,75,75,75,75,75,75,75,75,75,75,75,75,75,75,75,75,75,75,75,75,75,75,75,75],"relic_stats":{"Centennial Puzzle":[45],"Shovel":0,"counters":[18,74],"Astrolabe":["Ghostly Armor","Searing Blow","Sentinel"],"Art of War":[1],"Smiling Mask":175,"obtain_stats":[{"Girya":9,"Centennial Puzzle":3,"Bottled Flame":8,"Shovel":10,"Astrolabe":17,"Thread and Needle":6,"Art of War":30,"Smiling Mask":26,"Burning Blood":0,"Mercury Hourglass":24},{"Girya":6,"Centennial Puzzle":2,"Bottled Flame":6,"Shovel":7,"Astrolabe":10,"Thread and Needle":5,"Art of War":17,"Smiling Mask":15,"Burning Blood":0,"Mercury Hourglass":15},{"Girya":18,"Centennial Puzzle":5,"Bottled Flame":18,"Shovel":25,"Astrolabe":40,"Thread and Needle":14,"Art of War":69,"Smiling Mask":60,"Burning Blood":0,"Mercury Hourglass":60}],"Burning Blood":96,"Mercury Hourglass":[60]},"card_choices":[{"not_picked":["Body Slam","Twin Strike"],"picked":"Uppercut","floor":1.0},{"not_picked":["Clothesline","Rampage","Twin Strike"],"picked":"SKIP","floor":2.0},{"not_picked":["Feel No Pain","Wild Strike","Reckless Charge"],"picked":"SKIP","floor":4.0},{"not_picked":["Thunderclap","Havoc"],"picked":"Anger","floor":5.0},{"not_picked":["Perfected Strike","Ghostly Armor"],"picked":"True Grit","floor":6.0},{"not_picked":["Clash","Wild Strike"],"picked":"Battle Trance","floor":8.0},{"not_picked":["Sword Boomerang","Intimidate","Reckless Charge"],"picked":"SKIP","floor":10.0},{"not_picked":["Clothesline","Body Slam"],"picked":"Combust","floor":12.0},{"not_picked":["Second Wind","Wild Strike","Fiend Fire"],"picked":"SKIP","floor":14.0},{"not_picked":["Immolate","Corruption"],"picked":"Double Tap","floor":16.0},{"not_picked":["Iron Wave","Cleave"],"picked":"Thunderclap","floor":18.0},{"not_picked":["Hemokinesis","Dropkick","Headbutt"],"picked":"SKIP","floor":20.0},{"not_picked":["Clash","Anger+1"],"picked":"Feel No Pain","floor":21.0},{"not_picked":["Headbutt","Armaments","Sentinel"],"picked":"SKIP","floor":22.0},{"not_picked":["Feel No Pain","Sword Boomerang"],"picked":"Burning Pact","floor":24},{"not_picked":["Burning Pact","Twin Strike","Pommel Strike"],"picked":"SKIP","floor":29},{"not_picked":["Thunderclap","Barricade"],"picked":"Havoc","floor":30}],"player_experience":1350588,"relics_obtained":[{"floor":6.0,"key":"Thread and Needle"},{"floor":8.0,"key":"Bottled Flame"},{"floor":9.0,"key":"Girya"},{"floor":10.0,"key":"Shovel"},{"floor":24,"key":"Mercury Hourglass"},{"floor":26,"key":"Smiling Mask"},{"floor":30,"key":"Art of War"}],"event_choices":[{"damage_healed":0.0,"max_hp_gain":0.0,"max_hp_loss":0.0,"gold_gain":0.0,"event_name":"WeMeetAgain","player_choice":"Gave Potion","floor":3.0,"gold_loss":0.0,"damage_taken":0.0,"relics_obtained":["Centennial Puzzle"]},{"damage_healed":0.0,"max_hp_gain":0.0,"max_hp_loss":0.0,"gold_gain":0.0,"event_name":"Upgrade Shrine","player_choice":"Upgraded","floor":19.0,"gold_loss":0.0,"damage_taken":0.0,"cards_upgraded":["Bash"]}],"is_beta":false,"boss_relics":[{"not_picked":["Black Blood","Runic Dome"],"picked":"Astrolabe"}],"items_purged_floors":[11,13,27,31],"is_endless":false,"potions_floor_spawned":[2,5,8,14,21,24],"killed_by":"Collector","ascension_level":20}}