{"host":"0msxzbajcl1c78mb","time":1608354621,"event":{"mods":["AchievementEnabler","BaseMod","Colored Map","Colored Powertips","Highlight Path","Minty Spire (QoL Compilation)","Relic Sorter","Relic Stats","StSLib","The Jungle","everything is the same but u backflip on backflip"],"gold_per_floor":[113,132,132,148,159,184,184,219,277,304,281,293,337,349,361,473,485,508,520,447,384,409,421,421],"floor_reached":23,"playtime":1951,"items_purged":[],"score":293,"play_id":"0e1de559-d9ae-447e-bcc0-e49ac461c9ad","local_time":"20201219001021","is_ascension_mode":true,"campfire_choices":[{"floor":7,"key":"REST"},{"data":"Defragment","floor":12,"key":"SMITH"},{"floor":15,"key":"REST"}],"circlet_count":0,"master_deck":["Strike_B+1","Strike_B","Strike_B","Defend_B","Defend_B","Defend_B","Defend_B","Zap","Dualcast","Defragment+1","Undo","Go for the Eyes+1","Go for the Eyes","Tempest","Undo","Gash","Genetic Algorithm","Chill","Reboot","Recycle+1","Cold Snap+1"],"relics":["Black Star","Smiling Mask","Ornamental Fan","MawBank","Whetstone","Ginger","Matryoshka","Sozu","Du-Vu Doll","White Beast Statue"],"acts_visited":["Exordium","TheCity"],"potions_floor_usage":[6,6,23],"damage_taken":[{"damage":3,"enemies":"Jaw Worm","floor":1,"turns":5},{"damage":13,"enemies":"Small Slimes","floor":2,"turns":4},{"damage":2,"enemies":"2 Louse","floor":4,"turns":3},{"damage":1,"enemies":"Looter","floor":5,"turns":4},{"damage":41,"enemies":"3 Sentries","floor":6,"turns":12},{"damage":15,"enemies":"Lagavulin","floor":8,"turns":9},{"damage":4,"enemies":"Large Slime","floor":10,"turns":7},{"damage":28,"enemies":"3 Sentries","floor":13,"turns":7},{"damage":11,"enemies":"The Guardian","floor":16,"turns":13},{"damage":4,"enemies":"Chosen","floor":18,"turns":6},{"damage":5,"enemies":"Shell Parasite","floor":22,"turns":7},{"damage":68,"enemies":"Gremlin Leader","floor":23,"turns":9}],"seed_played":"-3847363040849337590","potions_obtained":[{"floor":4,"key":"LiquidMemories"},{"floor":5,"key":"GamblersBrew"},{"floor":13,"key":"FearPotion"},{"floor":16,"key":"Explosive Potion"}],"is_trial":false,"path_per_floor":["M","M","?","M","M","E","R","E","T","M","?","R","E","?","R","B",null,"M","?","?","?","M","E"],"character_chosen":"DEFECT","items_purchased":[],"campfire_rested":2,"item_purchase_floors":[],"current_hp_per_floor":[65,52,57,55,54,13,37,22,22,18,38,38,10,10,34,23,66,62,62,62,62,57,0,0],"gold":421,"neow_bonus":"BOSS_RELIC","is_daily":false,"chose_seed":false,"campfire_upgraded":1,"win_rate":0.0,"timestamp":1608354621,"path_taken":["M","M","?","M","M","E","R","E","T","M","?","R","E","?","R","BOSS","M","?","?","?","?","E"],"items_purchased_type":[],"build_version":"2020-12-13","purchased_purges":0,"victory":false,"max_hp_per_floor":[75,75,80,80,80,80,80,80,80,80,80,80,80,80,80,80,80,80,80,80,80,80,80,80],"relic_stats":{"Sozu":2,"counters":[12,86],"Ornamental Fan":[56],"Black Star":3,"Whetstone":["Strike_B","Go for the Eyes"],"Ginger":[8],"Smiling Mask":0,"MawBank":180,"obtain_stats":[{"Sozu":17,"Du-Vu Doll":19,"Matryoshka":13,"Ornamental Fan":6,"Black Star":0,"Whetstone":8,"Ginger":13,"Cracked Core":0,"Smiling Mask":6,"MawBank":8,"White Beast Statue":20},{"Sozu":9,"Du-Vu Doll":10,"Matryoshka":8,"Ornamental Fan":5,"Black Star":0,"Whetstone":6,"Ginger":8,"Cracked Core":0,"Smiling Mask":5,"MawBank":6,"White Beast Statue":10},{"Sozu":64,"Du-Vu Doll":70,"Matryoshka":51,"Ornamental Fan":28,"Black Star":0,"Whetstone":37,"Ginger":51,"Cracked Core":0,"Smiling Mask":28,"MawBank":37,"White Beast Statue":70}]},"card_choices":[{"not_picked":["Streamline","Chaos"],"picked":"Defragment","floor":1},{"not_picked":["Turbo","Rebound"],"picked":"Undo","floor":2},{"not_picked":["Doom and Gloom","Melter"],"picked":"Go for the Eyes","floor":4},{"not_picked":["Blizzard","Redo"],"picked":"Go for the Eyes","floor":5},{"not_picked":["Steam","Beam Cell"],"picked":"Tempest","floor":6},{"not_picked":["Hyperbeam","Rip and Tear"],"picked":"Undo","floor":8},{"not_picked":["Melter","Static Discharge"],"picked":"Gash","floor":10},{"not_picked":["Turbo","Hologram"],"picked":"Genetic Algorithm","floor":13},{"not_picked":["Seek","Multi-Cast"],"picked":"Reboot","floor":16},{"not_picked":["Steam","Cold Snap"],"picked":"Recycle+1","floor":18},{"not_picked":["Go for the Eyes","Stack"],"picked":"Cold Snap+1","floor":22}],"player_experience":269403,"relics_obtained":[{"floor":6,"key":"Smiling Mask"},{"floor":6,"key":"Ornamental Fan"},{"floor":8,"key":"MawBank"},{"floor":8,"key":"Whetstone"},{"floor":13,"key":"Ginger"},{"floor":13,"key":"Matryoshka"}],"event_choices":[{"damage_healed":0,"gold_gain":0,"player_choice":"Donut","damage_taken":0,"max_hp_gain":5,"max_hp_loss":0,"event_name":"Big Fish","floor":3,"gold_loss":0},{"damage_healed":20,"gold_gain":0,"player_choice":"Healed","damage_taken":0,"max_hp_gain":0,"max_hp_loss":0,"event_name":"The Cleric","floor":11,"gold_loss":35},{"damage_healed":0,"gold_gain":0,"cards_transformed":["Strike_B"],"player_choice":"Change","damage_taken":0,"max_hp_gain":0,"max_hp_loss":0,"event_name":"Living Wall","floor":14,"gold_loss":0,"cards_obtained":["Chill"]},{"damage_healed":0,"gold_gain":0,"player_choice":"Opened","damage_taken":0,"relics_obtained":["Du-Vu Doll"],"max_hp_gain":0,"max_hp_loss":0,"event_name":"The Mausoleum","floor":19,"gold_loss":0,"cards_obtained":["Writhe"]},{"damage_healed":0,"gold_gain":0,"player_choice":"Obtained Relic","damage_taken":0,"relics_obtained":["White Beast Statue"],"max_hp_gain":0,"max_hp_loss":0,"event_name":"Addict","floor":20,"gold_loss":85},{"cards_removed":["Writhe"],"damage_healed":0,"gold_gain":0,"player_choice":"Gave Gold","damage_taken":0,"max_hp_gain":0,"max_hp_loss":0,"event_name":"Beggar","floor":21,"gold_loss":75}],"is_beta":false,"boss_relics":[{"not_picked":["Runic Pyramid","Velvet Choker"],"picked":"Sozu"}],"items_purged_floors":[],"is_endless":false,"potions_floor_spawned":[4,5,13,16,18,22],"killed_by":"Gremlin Leader","ascension_level":8}}