{"host":"n8qudhnckjh2ccky","time":1608358102,"event":{"mods":["AchievementEnabler","Aspiration","BaseMod","Bestiary","Better Skull","Better Third Choice","BetterRewards","Challenge The Spire","Colored Map","Colored Powertips","Conspire","DeckTracker","Defuse TimeMaze Blight","Energized Spire","Halation","Hubris","Infinite Spire","Marisa????????","Minty Spire (QoL Compilation)","Quick Restart","Relic Sorter","Relic Stats","Replay The Spire","Shop Mod","StSLib","The Animator","The Blue Laboratory","The Construct","The Servant 0.9.4","The Wild Card","vexMod"],"gold_per_floor":[121,196,196,213,225,225,252,252,252,252,252,263,274,104,104,104,104,200,200,218,218,237,255,255,255,255,255,255,289,300,313,59,70,70,173,173,183,199,74,94,104,134,134,178,178,195,217,247,247,264,264,264],"floor_reached":53,"playtime":3031,"items_purged":["animator:Strike","animator:Strike","animator:Hans"],"score":835,"play_id":"1eac10a1-5ceb-4c9f-8835-ca0bb1bc44f3","local_time":"20201219140822","is_ascension_mode":false,"campfire_choices":[{"data":"animator:Aqua","floor":6.0,"key":"SMITH"},{"data":"animator:YunYun","floor":8.0,"key":"SMITH"},{"data":"animator:Kagari","floor":15.0,"key":"SMITH"},{"data":"animator:Kazuma","floor":17.0,"key":"SMITH"},{"data":"animator:DolaSchwi","floor":25.0,"key":"SMITH"},{"data":"ReplayTheSpireMod:Black Plague","floor":43,"key":"SMITH"},{"data":"animator:Darkness","floor":51,"key":"SMITH"}],"circlet_count":0,"master_deck":["animator:Strike_Konosuba","animator:Defend_Konosuba","animator:Defend","animator:Defend","animator:Defend","animator:Kazuma+1","animator:Aqua+1","animator:Vanir+1","animator:ElricEdward","animator:YunYun+1","animator:KyokoSakura","animator:Kagari+1","animator:Kyubey","animator:IrohaTamaki","animator:DolaSchwi+1","ReplayTheSpireMod:Black Plague+1","animator:Darkness+1","animator:KyokoSakura","animator:IrohaTamaki","animator:SakuraMatou","animator:DolaSchwi","animator:Aqua","animator:Megumin+3","animator:Demiurge+1","animator:MisaKurobane"],"relics":["animator:LivingPicture","animator:TheMissingPiece","Mirror","Blood Vial","Black Star","vexMod:BigBerry","Eternal Feather","construct:BoolHorns","Red Skull","halation:PrussianBluePaint","Akabeko","Oddly Smooth Stone","Letter Opener","hubris:GlazedTorus","hubris:MysteriousPyramids"],"acts_visited":["Exordium","TheCity","TheBeyond"],"potions_floor_usage":[50],"damage_taken":[{"damage":1.0,"enemies":"Cultist","floor":1.0,"turns":5.0},{"damage":0.0,"enemies":"2 Louse","floor":4.0,"turns":3.0},{"damage":15.0,"enemies":"infinitespire:Voidling","floor":5.0,"turns":5.0},{"damage":8.0,"enemies":"Exordium Wildlife","floor":7.0,"turns":3.0},{"damage":0.0,"enemies":"Blue Slaver","floor":12.0,"turns":3.0},{"damage":11.0,"enemies":"Lots of Slimes","floor":13.0,"turns":3.0},{"damage":1.0,"enemies":"Hexaghost","floor":18.0,"turns":10.0},{"damage":10.0,"enemies":"conspire:FuzzyDice","floor":20.0,"turns":5.0},{"damage":20.0,"enemies":"3 Byrds","floor":22.0,"turns":5.0},{"damage":24.0,"enemies":"Centurion and Healer","floor":23.0,"turns":12.0},{"damage":4.0,"enemies":"Replay:Snechameleon","floor":29.0,"turns":5.0},{"damage":26.0,"enemies":"Snake Plant","floor":30.0,"turns":3.0},{"damage":6.0,"enemies":"Shelled Parasite and Fungi","floor":31.0,"turns":3.0},{"damage":5.0,"enemies":"Snecko","floor":33.0,"turns":3.0},{"damage":38.0,"enemies":"Champ","floor":35.0,"turns":10.0},{"damage":2.0,"enemies":"Orb Walker","floor":37.0,"turns":3.0},{"damage":16.0,"enemies":"3 Shapes","floor":38.0,"turns":5.0},{"damage":20.0,"enemies":"Spire Growth","floor":40.0,"turns":5.0},{"damage":34,"enemies":"Writhing Mass","floor":41,"turns":4},{"damage":30,"enemies":"R_Hoarder","floor":42,"turns":9},{"damage":37,"enemies":"Sphere and 2 Shapes","floor":44,"turns":6},{"damage":42,"enemies":"Maw","floor":46,"turns":8},{"damage":12,"enemies":"Spire Growth","floor":47,"turns":3},{"damage":6,"enemies":"Nemesis","floor":48,"turns":3},{"damage":0,"enemies":"Writhing Mass","floor":50,"turns":3},{"damage":0,"enemies":"hubris:GrandSnecko","floor":52,"turns":1}],"seed_played":"4274006009055644751","potions_obtained":[{"floor":3.0,"key":"blueLaboratory:ImpenetrablePotion"},{"floor":3.0,"key":"DistilledChaos"},{"floor":3.0,"key":"Doom Potion"},{"floor":22.0,"key":"blueLaboratory:Moonshine"},{"floor":23.0,"key":"construct:ShiftPotion"},{"floor":33.0,"key":"blueLaboratory:PhilterOfMotion"},{"floor":38.0,"key":"blueLaboratory:HummingbirdPotion"},{"floor":44,"key":"SpeedPotion"},{"floor":47,"key":"Adrenaline Potion"},{"floor":50,"key":"Explosive Potion"}],"is_trial":false,"path_per_floor":["M","?","?","M","M","R","M","R","PTL","PTL","T","M","M","$","R","T","R","B",null,"M","?","M","M","AVR","R","?","?","T","E","M","M","$","M","R_BF","B",null,"M","M","$","M","M","E","R","M","T","M","M","E","?","M","R","B",null],"character_chosen":"THE_ANIMATOR","items_purchased":["animator:Kagari","halation:PrussianBluePaint"],"campfire_rested":0,"item_purchase_floors":[14,32],"current_hp_per_floor":[65,54,54,56,44,44,39,39,39,39,39,42,34,34,34,34,34,38,67,57,57,42,23,53,53,53,53,53,55,34,33,33,30,52,19,98,97,82,82,67,40,17,29,89,89,54,49,98,98,98,98,98],"gold":264,"neow_bonus":"THREE_CARDS","is_daily":false,"chose_seed":false,"campfire_upgraded":7,"win_rate":0.0,"timestamp":1608358102,"path_taken":["M","?","?","?","M","R","M","R","PTL","PTL","T","M","M","$","R","?","R","BOSS","M","?","M","?","AVR","R","?","?","T","E","M","M","$","M","R_BF","BOSS","M","?","?","?","M","E","R","M","T","M","M","E","?","M","R","BOSS"],"items_purchased_type":["Card","Relic"],"build_version":"2020-12-13","purchased_purges":3,"victory":true,"max_hp_per_floor":[66,66,66,66,67,67,67,67,67,67,67,67,67,67,67,67,67,67,67,67,67,67,67,97,97,97,97,97,98,98,98,98,98,98,98,98,98,98,98,98,98,98,98,98,98,98,98,98,98,98,98,98],"relic_stats":{"Blood Vial":31,"counters":[26,128],"Eternal Feather":24,"Black Star":3,"Letter Opener":[20],"obtain_stats":[{"construct:BoolHorns":29,"animator:TheMissingPiece":0,"Oddly Smooth Stone":42,"Eternal Feather":28,"Letter Opener":45,"hubris:MysteriousPyramids":48,"Akabeko":42,"Blood Vial":16,"halation:PrussianBluePaint":32,"animator:LivingPicture":0,"Black Star":19,"Mirror":11,"Red Skull":29,"vexMod:BigBerry":24,"hubris:GlazedTorus":48},{"construct:BoolHorns":11,"animator:TheMissingPiece":0,"Oddly Smooth Stone":20,"Eternal Feather":10,"Letter Opener":21,"hubris:MysteriousPyramids":24,"Akabeko":20,"Blood Vial":6,"halation:PrussianBluePaint":13,"animator:LivingPicture":0,"Black Star":7,"Mirror":4,"Red Skull":11,"vexMod:BigBerry":10,"hubris:GlazedTorus":24},{"construct:BoolHorns":59,"animator:TheMissingPiece":0,"Oddly Smooth Stone":104,"Eternal Feather":54,"Letter Opener":110,"hubris:MysteriousPyramids":124,"Akabeko":104,"Blood Vial":22,"halation:PrussianBluePaint":65,"animator:LivingPicture":0,"Black Star":32,"Mirror":16,"Red Skull":59,"vexMod:BigBerry":54,"hubris:GlazedTorus":124}]},"card_choices":[{"not_picked":["animator:NagisaMomoe","animator:Elsword"],"picked":"animator:Vanir","floor":0.0},{"not_picked":["animator:DolaCouronne","animator:Kazuma","animator:EmiyaShirou"],"picked":"SKIP","floor":1.0},{"not_picked":["animator:DolaCouronne","animator:Cocytus"],"picked":"animator:ElricEdward","floor":4.0},{"not_picked":["animator:Caster","animator:Rider"],"picked":"animator:Hans","floor":5.0},{"not_picked":["animator:Chris","animator:Megumin"],"picked":"animator:YunYun","floor":7.0},{"not_picked":["animator:Gluttony","animator:Sloth"],"picked":"animator:KyokoSakura","floor":12.0},{"not_picked":["animator:Saber","animator:Demiurge","animator:Scar"],"picked":"SKIP","floor":13.0},{"not_picked":["animator:Eve","animator:Saber"],"picked":"animator:Kyubey","floor":18.0},{"not_picked":["animator:Illya","animator:RinTohsaka","animator:Cocytus"],"picked":"SKIP","floor":20.0},{"not_picked":["animator:SayakaMiki","animator:YuiTsuruno"],"picked":"animator:IrohaTamaki","floor":22.0},{"not_picked":["animator:Archer+1","animator:Lancer"],"picked":"animator:DolaSchwi","floor":23.0},{"not_picked":["animator:Caster","animator:Gluttony+1"],"picked":"animator:Darkness","floor":29.0},{"not_picked":["animator:MaesHughes","animator:IrohaTamaki"],"picked":"animator:KyokoSakura","floor":30.0},{"not_picked":["animator:KyokoSakura","animator:YuiTsuruno"],"picked":"animator:IrohaTamaki","floor":31.0},{"not_picked":["animator:YuiTsuruno","animator:DolaCouronne"],"picked":"animator:SakuraMatou","floor":33.0},{"not_picked":["animator:Jibril+1","animator:WinryRockbell"],"picked":"animator:DolaSchwi","floor":37.0},{"not_picked":["animator:Cocytus","animator:Demiurge+1","animator:Tet"],"picked":"SKIP","floor":38.0},{"not_picked":["animator:Chris","animator:Kazuma"],"picked":"animator:Aqua","floor":40.0},{"not_picked":["animator:SakuraMatou+1","animator:Entoma+1","animator:Raven+1"],"picked":"SKIP","floor":41},{"not_picked":["animator:NarberalGamma+1","animator:Chung+1","animator:Elesis"],"picked":"SKIP","floor":42},{"not_picked":["animator:RinTohsaka+1","animator:Aqua"],"picked":"animator:Megumin+1","floor":44},{"not_picked":["animator:Entoma","animator:OrikoMikuni+1"],"picked":"animator:Demiurge+1","floor":47},{"not_picked":["animator:Add","animator:Lancer","animator:Berserker"],"picked":"SKIP","floor":48},{"not_picked":["animator:Magilou","animator:MisakiNakahara"],"picked":"animator:MisaKurobane","floor":49},{"not_picked":["animator:Kazuma","animator:Rider+1","animator:Entoma+1"],"picked":"SKIP","floor":50}],"player_experience":126743,"relics_obtained":[{"floor":11.0,"key":"Mirror"},{"floor":16.0,"key":"Blood Vial"},{"floor":28.0,"key":"Eternal Feather"},{"floor":29.0,"key":"construct:BoolHorns"},{"floor":29.0,"key":"Red Skull"},{"floor":42,"key":"Akabeko"},{"floor":42,"key":"Oddly Smooth Stone"},{"floor":45,"key":"Letter Opener"},{"floor":48,"key":"hubris:GlazedTorus"},{"floor":48,"key":"hubris:MysteriousPyramids"}],"event_choices":[{"damage_healed":0.0,"max_hp_gain":0.0,"max_hp_loss":0.0,"gold_gain":75.0,"event_name":"betterThird:BetterGoop","player_choice":"Gold","floor":2.0,"gold_loss":0.0,"damage_taken":11.0},{"damage_healed":0.0,"max_hp_gain":0.0,"max_hp_loss":0.0,"gold_gain":0.0,"event_name":"Lab","player_choice":"Got Potions","floor":3.0,"gold_loss":0.0,"damage_taken":0.0},{"damage_healed":0.0,"max_hp_gain":0.0,"max_hp_loss":0.0,"gold_gain":0.0,"event_name":"NoteForYourself","player_choice":"Ignored","floor":21.0,"gold_loss":0.0,"damage_taken":0.0},{"cards_removed":["animator:Strike"],"damage_healed":0.0,"max_hp_gain":0.0,"max_hp_loss":0.0,"gold_gain":0.0,"event_name":"betterThird:BetterWriting","player_choice":"Elegance","floor":26.0,"gold_loss":0.0,"damage_taken":0.0},{"damage_healed":0,"gold_gain":0,"player_choice":"Memory 1","damage_taken":0,"max_hp_gain":0,"max_hp_loss":0,"event_name":"SensoryStone","floor":49,"gold_loss":0}],"is_beta":false,"boss_relics":[{"not_picked":["hubris:ScarierMask","vexMod:NewClearReactor"],"picked":"Black Star"},{"not_picked":["hubris:GrandSneckoEye","vexMod:EndlessSickness","Cursed Key"]}],"items_purged_floors":[14,32,39],"is_endless":false,"potions_floor_spawned":[7,13,18,22,23,31,33,38,40,44,47,48,50],"ascension_level":0}}