{"host":"sv2o2io561l6x04h","time":1608407986,"event":{"mods":["BaseMod","Bestiary","Better Altar","Better Match","Better Note","Better Sensory Stone","Colored Map","Conspire","Custom Start","DeckTracker","Highlight Path","Hubris","Minty Spire (QoL Compilation)","Replay The Spire","Shop Mod","StSLib","The Runesmith"],"gold_per_floor":[117,117,135,135,146,146,159,159,205,380,392,194,194,94,94,195,195,212,160,177,117,135,153,153,165,192,202,52,52,52],"floor_reached":29,"playtime":4291,"items_purged":["Doubt","Runesmith:CraftFirestone","Runesmith:BackupBattery","Runesmith:Strike_RS"],"score":292,"play_id":"72294b34-08c4-4054-a0e1-903476ca9cfe","local_time":"20201219145946","is_ascension_mode":false,"campfire_choices":[{"data":"Crow Ritual","floor":6,"key":"SMITH"},{"data":"conspire:Banana","floor":8,"key":"SMITH"},{"data":"Runesmith:Permafrost","floor":13,"key":"SMITH"},{"data":"Runesmith:CraftMagma","floor":15,"key":"SMITH"},{"data":"Runesmith:LithiumIon","floor":24,"key":"SMITH"}],"circlet_count":0,"master_deck":["Runesmith:Strike_RS","Runesmith:Strike_RS","Runesmith:Defend_RS","Runesmith:Defend_RS","Runesmith:Defend_RS","Runesmith:Defend_RS","Runesmith:Fortify","conspire:Banana+1","Runesmith:ChiselStab","Crow Ritual+1","Runesmith:LithiumIon+1","Runesmith:EarthShield","Runesmith:Permafrost+1","Runesmith:CraftMagma+1","Runesmith:UnlimitedPower","Runesmith:LithiumIon","Runesmith:LithiumIon"],"relics":["Runesmith:BrokenRuby","Runesmith:EmergencyProvisions","BargainBundle","hubris:RunicObelisk","ReplayTheSpireMod:CursedCoin"],"acts_visited":["Exordium","TheCity"],"potions_floor_usage":[16,22,22,23,25,29],"damage_taken":[{"damage":0,"enemies":"Jaw Worm","floor":1,"turns":4},{"damage":2,"enemies":"Small Slimes","floor":3,"turns":4},{"damage":0,"enemies":"2 Louse","floor":5,"turns":3},{"damage":10,"enemies":"Looter","floor":7,"turns":4},{"damage":8,"enemies":"Blue Slaver","floor":11,"turns":5},{"damage":0,"enemies":"Fading Forest","floor":16,"turns":11},{"damage":0,"enemies":"conspire:FuzzyDice","floor":18,"turns":8},{"damage":5,"enemies":"Chosen","floor":20,"turns":7},{"damage":16,"enemies":"Snake Plant","floor":22,"turns":6},{"damage":36,"enemies":"3 Cultists","floor":23,"turns":7},{"damage":28,"enemies":"Snecko","floor":25,"turns":7},{"damage":9,"enemies":"Sentry and Sphere","floor":27,"turns":9},{"damage":9,"enemies":"Snake Plant","floor":29,"turns":3}],"seed_played":"7766795876992982075","potions_obtained":[{"floor":1,"key":"Dexterity Potion"},{"floor":7,"key":"Weak Potion"},{"floor":18,"key":"Fire Potion"},{"floor":22,"key":"Reflective Coating"},{"floor":25,"key":"Fruit Juice"},{"floor":27,"key":"Block Potion"}],"is_trial":false,"path_per_floor":["M","?","M","?","M","R","M","R","T","?","M","$","R","$","R","B",null,"M","$","M","?","M","M","R","M","T","M","$","M"],"character_chosen":"RUNESMITH_CLASS","items_purchased":["BargainBundle","Runesmith:EarthShield","Runesmith:Permafrost","Runesmith:CraftMagma","ReplayTheSpireMod:CursedCoin","Runesmith:LithiumIon"],"campfire_rested":0,"item_purchase_floors":[12,12,12,12,19,19],"current_hp_per_floor":[71,71,70,63,64,64,55,55,55,55,49,49,49,49,49,51,78,80,80,77,77,63,29,29,8,8,1,1,0,0],"gold":52,"neow_bonus":"RANDOM_COLORLESS","is_daily":false,"chose_seed":false,"campfire_upgraded":5,"win_rate":0.0,"timestamp":1608407986,"path_taken":["M","?","M","?","M","R","M","R","T","?","M","$","R","$","R","BOSS","M","$","M","?","M","M","R","M","T","?","$","M"],"items_purchased_type":["Relic","Card","Card","Card","Relic","Card"],"build_version":"2020-12-13","purchased_purges":4,"victory":false,"max_hp_per_floor":[71,71,72,72,73,73,74,74,74,74,76,76,76,76,76,78,78,80,80,82,82,84,86,86,93,93,95,95,97,97],"card_choices":[{"not_picked":["Flash of Steel","Jack Of All Trades"],"picked":"conspire:Banana","floor":0},{"not_picked":["Runesmith:Terraform","Runesmith:RunicBlueprint"],"picked":"Runesmith:ChiselStab","floor":1},{"not_picked":["Magnetism","Dramatic Entrance"],"picked":"Crow Ritual","floor":2},{"not_picked":["Runesmith:Permafrost","Runesmith:GoWithTheFlow","Runesmith:Repurpose"],"picked":"SKIP","floor":3},{"not_picked":["Runesmith:StaticCage","Runesmith:Firewall"],"picked":"Runesmith:LithiumIon","floor":5},{"not_picked":["Runesmith:CraftVitae","Runesmith:CraftObretio","Runesmith:HammerAndChisel"],"picked":"SKIP","floor":7},{"not_picked":["Runesmith:StaticCage","Runesmith:FrozenChisel"],"picked":"Runesmith:BackupBattery","floor":11},{"not_picked":["Runesmith:CraftMedicinae","Runesmith:Duplicate"],"picked":"Runesmith:UnlimitedPower","floor":16},{"not_picked":["Runesmith:Overpower+1","Runesmith:HammerTime+1","Runesmith:PerfectChisel"],"picked":"SKIP","floor":18},{"not_picked":["Runesmith:CraftObretio","Runesmith:Repurpose","Runesmith:CraftSpiculum"],"picked":"SKIP","floor":20},{"not_picked":["Runesmith:EnergizedChisel+1","Runesmith:BackupBattery","Runesmith:HeatExchange"],"picked":"SKIP","floor":22},{"not_picked":["Runesmith:CraftProtectio+1","Runesmith:ChargedHammer+1","Runesmith:CraftObretio"],"picked":"SKIP","floor":23},{"not_picked":["Runesmith:HammerThrow+1","Runesmith:WhiteBalance","Runesmith:HeatedChisel"],"picked":"SKIP","floor":25},{"not_picked":["Runesmith:Firewall","Runesmith:UnstableHammer"],"picked":"Runesmith:LithiumIon","floor":27}],"player_experience":203880,"relics_obtained":[{"floor":9,"key":"Runesmith:EmergencyProvisions"}],"event_choices":[{"damage_healed":0,"gold_gain":1,"player_choice":"1","damage_taken":0,"max_hp_gain":0,"max_hp_loss":0,"event_name":"betterStone:BetterStone","floor":2,"gold_loss":0},{"cards_removed":["Runesmith:Strike_RS"],"damage_healed":0,"gold_gain":0,"player_choice":"Card Removal","damage_taken":7,"max_hp_gain":0,"max_hp_loss":0,"event_name":"Golden Wing","floor":4,"gold_loss":0},{"damage_healed":0,"gold_gain":175,"player_choice":"AGREE","damage_taken":0,"max_hp_gain":0,"max_hp_loss":0,"event_name":"Liars Game","floor":10,"gold_loss":0,"cards_obtained":["Doubt"]},{"cards_removed":["Sickly"],"damage_healed":0,"gold_gain":0,"player_choice":"Single Remove","damage_taken":0,"max_hp_gain":0,"max_hp_loss":0,"event_name":"Designer","floor":21,"gold_loss":60}],"is_beta":false,"boss_relics":[{"not_picked":["Cursed Key","hubris:TerracottaHorce"],"picked":"hubris:RunicObelisk"}],"items_purged_floors":[12,14,19,28],"is_endless":false,"potions_floor_spawned":[1,7,18,22,25,27],"killed_by":"Snake Plant","ascension_level":0}}