{"host":"5jn3rki867005t18","time":1608362979,"event":{"mods":["AchievementEnabler","BaseMod","Colored Map","Minty Spire (QoL Compilation)","Rare Cards Sparkle","StSLib","SuperFastMode"],"gold_per_floor":[118,118,135,152,163,163,196,214,269,269,269,284,284,302,302,404,404,421,432,432,445,458,458,458],"floor_reached":23,"playtime":1484,"items_purged":[],"score":197,"play_id":"53409620-d9f7-480e-ae79-c3dfcaeaf9e9","local_time":"20201219162939","is_ascension_mode":false,"campfire_choices":[{"floor":6,"key":"REST"},{"data":"Self Repair","floor":11,"key":"SMITH"},{"data":"Auto Shields","floor":15,"key":"SMITH"}],"circlet_count":0,"master_deck":["Strike_B+1","Strike_B","Strike_B","Defend_B","Defend_B","Defend_B","Zap","Dualcast+1","Sweeping Beam","Conserve Battery","Self Repair+1","Darkness","Machine Learning","Compile Driver","Go for the Eyes","Parasite","Auto Shields+1","Seek","Cold Snap","Barrage","Coolheaded","Storm","Doom and Gloom+1","Aggregate"],"relics":["Cracked Core","Meat on the Bone","Toy Ornithopter","Empty Cage"],"acts_visited":["Exordium","TheCity"],"potions_floor_usage":[5],"damage_taken":[{"damage":1,"enemies":"Cultist","floor":1,"turns":3},{"damage":5,"enemies":"Small Slimes","floor":3,"turns":2},{"damage":0,"enemies":"2 Louse","floor":4,"turns":2},{"damage":5,"enemies":"Looter","floor":5,"turns":3},{"damage":39,"enemies":"Lagavulin","floor":7,"turns":6},{"damage":20,"enemies":"Exordium Thugs","floor":8,"turns":4},{"damage":18,"enemies":"2 Fungi Beasts","floor":12,"turns":4},{"damage":7,"enemies":"Blue Slaver","floor":14,"turns":4},{"damage":29,"enemies":"The Guardian","floor":16,"turns":10},{"damage":37,"enemies":"3 Byrds","floor":18,"turns":5},{"damage":19,"enemies":"Spheric Guardian","floor":19,"turns":6},{"damage":25,"enemies":"Centurion and Healer","floor":21,"turns":12},{"damage":40,"enemies":"Shelled Parasite and Fungi","floor":22,"turns":5},{"damage":63,"enemies":"Gremlin Leader","floor":23,"turns":4}],"seed_played":"7480693971198262585","potions_obtained":[{"floor":3,"key":"AttackPotion"},{"floor":8,"key":"EssenceOfSteel"},{"floor":12,"key":"AttackPotion"},{"floor":14,"key":"Fire Potion"},{"floor":21,"key":"FairyPotion"}],"is_trial":false,"path_per_floor":["M","?","M","M","M","R","E","M","T","?","R","M","?","M","R","B",null,"M","M","?","M","M","E"],"character_chosen":"DEFECT","items_purchased":[],"campfire_rested":1,"item_purchase_floors":[],"current_hp_per_floor":[81,65,60,60,55,79,47,46,46,46,46,50,70,73,73,54,82,55,58,58,55,37,0,0],"gold":458,"neow_bonus":"TEN_PERCENT_HP_BONUS","is_daily":false,"chose_seed":false,"campfire_upgraded":2,"win_rate":0.0,"timestamp":1608362979,"path_taken":["M","?","M","M","M","R","E","M","T","?","R","M","?","M","R","BOSS","M","M","?","M","?","E"],"items_purchased_type":[],"build_version":"2020-12-13","purchased_purges":0,"victory":false,"max_hp_per_floor":[82,82,82,82,82,82,82,82,82,82,82,82,82,82,82,82,82,82,82,82,82,82,82,82],"card_choices":[{"not_picked":["Loop","Gash"],"picked":"Sweeping Beam","floor":1},{"not_picked":["Go for the Eyes","Steam"],"picked":"Conserve Battery","floor":3},{"not_picked":["FTL","Gash"],"picked":"Self Repair","floor":4},{"not_picked":["Ball Lightning","Leap"],"picked":"Darkness","floor":5},{"not_picked":["Stack","Leap"],"picked":"Machine Learning","floor":7},{"not_picked":["Steam","Leap"],"picked":"Compile Driver","floor":8},{"not_picked":["Compile Driver","Hologram"],"picked":"Go for the Eyes","floor":12},{"not_picked":["Darkness","Coolheaded"],"picked":"Auto Shields","floor":14},{"not_picked":["Multi-Cast","All For One"],"picked":"Seek","floor":16},{"not_picked":["Static Discharge+1","Genetic Algorithm"],"picked":"Cold Snap","floor":18},{"not_picked":["Redo","Cold Snap"],"picked":"Barrage","floor":19},{"not_picked":["Hello World","Chill+1"],"picked":"Doom and Gloom+1","floor":21},{"not_picked":["Ball Lightning","Leap"],"picked":"Aggregate","floor":22}],"player_experience":15582,"relics_obtained":[{"floor":7,"key":"Meat on the Bone"},{"floor":9,"key":"Toy Ornithopter"}],"event_choices":[{"damage_healed":0,"gold_gain":0,"player_choice":"Entered Light","damage_taken":16,"max_hp_gain":0,"max_hp_loss":0,"event_name":"Shining Light","floor":2,"gold_loss":0,"cards_upgraded":["Strike_B","Dualcast"]},{"damage_healed":0,"gold_gain":0,"player_choice":"Ignored","damage_taken":0,"max_hp_gain":0,"max_hp_loss":0,"event_name":"Golden Wing","floor":10,"gold_loss":0},{"damage_healed":20,"gold_gain":0,"player_choice":"Healed and dodged fight","damage_taken":0,"max_hp_gain":0,"max_hp_loss":0,"event_name":"Mushrooms","floor":13,"gold_loss":0,"cards_obtained":["Parasite"]},{"damage_healed":0,"gold_gain":0,"player_choice":"2 cards matched","damage_taken":0,"max_hp_gain":0,"max_hp_loss":0,"event_name":"Match and Keep!","floor":20,"gold_loss":0,"cards_obtained":["Coolheaded","Storm"]}],"is_beta":false,"boss_relics":[{"not_picked":["Coffee Dripper","Runic Pyramid"],"picked":"Empty Cage"}],"items_purged_floors":[],"is_endless":false,"potions_floor_spawned":[3,8,12,14,21,22],"killed_by":"Gremlin Leader","ascension_level":0}}