{"host":"3mdjmozz5rahgtdc","time":1608384653,"event":{"mods":["AchievementEnabler","BaseMod","Better Silent Start","Better-Laid Plans","Colored Map","Colored Powertips","Custom Start","DeckTracker","Emptier Cage","KOR Keyword Fix","Keyboard Shortcuts","Minty Spire (QoL Compilation)","Permanent Neow","Quick Restart","StSLib","SuperFastMode"],"gold_per_floor":[19,19,35,51,64,84,84,100,100,132,132,132,160,260,260,356,356,371,388,405,100,115,115,115],"floor_reached":23,"playtime":657,"items_purged":["Strike_P"],"score":334,"play_id":"d8a1ddb9-87bd-419c-afbb-6d26e4f3d587","local_time":"20201219223053","is_ascension_mode":true,"campfire_choices":[{"data":"MentalFortress","floor":7.0,"key":"SMITH"},{"floor":12.0,"key":"REST"},{"data":"Study","floor":15.0,"key":"SMITH"}],"circlet_count":0,"master_deck":["Strike_P","Strike_P","Defend_P","Defend_P","Defend_P","Eruption+1","Vigilance","BattleHymn","Study+1","Halt","MentalFortress+1","FlurryOfBlows","Vengeance","EmptyFist+1","Establishment","CrushJoints+1","Crescendo","WindmillStrike+1","FearNoEvil+1","Adaptation"],"relics":["PureWater","Bottled Tornado","Molten Egg 2","Anchor","SacredBark","ClockworkSouvenir"],"acts_visited":["Exordium","TheCity"],"potions_floor_usage":[22,22,23],"damage_taken":[{"damage":2.0,"enemies":"Small Slimes","floor":1.0,"turns":3.0},{"damage":2.0,"enemies":"Cultist","floor":3.0,"turns":3.0},{"damage":0.0,"enemies":"2 Louse","floor":4.0,"turns":4.0},{"damage":0.0,"enemies":"2 Fungi Beasts","floor":5.0,"turns":2.0},{"damage":0.0,"enemies":"Large Slime","floor":6.0,"turns":4.0},{"damage":25.0,"enemies":"3 Louse","floor":8.0,"turns":5.0},{"damage":24.0,"enemies":"Gremlin Nob","floor":10.0,"turns":5.0},{"damage":0.0,"enemies":"Exordium Wildlife","floor":11.0,"turns":1.0},{"damage":14.0,"enemies":"3 Sentries","floor":13.0,"turns":5.0},{"damage":0.0,"enemies":"Slime Boss","floor":16.0,"turns":4.0},{"damage":4.0,"enemies":"2 Thieves","floor":18.0,"turns":4.0},{"damage":6.0,"enemies":"Spheric Guardian","floor":19.0,"turns":3.0},{"damage":22.0,"enemies":"Snecko","floor":20.0,"turns":5.0},{"damage":13,"enemies":"Snake Plant","floor":22,"turns":3},{"damage":15,"enemies":"Slavers","floor":23,"turns":2}],"seed_played":"6674921442629684241","potions_obtained":[{"floor":1.0,"key":"Weak Potion"},{"floor":4.0,"key":"SmokeBomb"},{"floor":5.0,"key":"BlessingOfTheForge"},{"floor":13.0,"key":"SteroidPotion"},{"floor":16.0,"key":"Block Potion"},{"floor":18.0,"key":"Strength Potion"},{"floor":20.0,"key":"DuplicationPotion"}],"is_trial":false,"path_per_floor":["M","?","M","M","M","M","R","M","T","E","M","R","E","?","R","B",null,"M","M","M","$","M","E"],"character_chosen":"WATCHER","items_purchased":["FearNoEvil+1","ClockworkSouvenir"],"campfire_rested":1,"item_purchase_floors":[21,21],"current_hp_per_floor":[63,63,61,61,61,61,61,36,36,12,12,33,19,19,19,19,59,55,49,27,27,14,0,0],"gold":115,"neow_bonus":"REMOVE_TWO","is_daily":false,"chose_seed":false,"campfire_upgraded":2,"win_rate":0.0,"timestamp":1608384653,"path_taken":["M","?","M","M","M","M","R","M","T","E","M","R","E","?","R","BOSS","M","M","M","$","M","E"],"items_purchased_type":["Card","Relic"],"build_version":"2020-12-13","purchased_purges":1,"victory":false,"max_hp_per_floor":[72,72,72,72,72,72,72,72,72,72,72,72,72,72,72,72,72,72,72,72,72,72,72,72],"card_choices":[{"not_picked":["TalkToTheHand","CrushJoints"],"picked":"BattleHymn","floor":1.0},{"not_picked":["ThirdEye","Conclude","FollowUp"],"picked":"SKIP","floor":3.0},{"not_picked":["Wireheading","Protect"],"picked":"Study","floor":4.0},{"not_picked":["BattleHymn","JustLucky"],"picked":"Halt","floor":5.0},{"not_picked":["EmptyBody","Blasphemy"],"picked":"MentalFortress","floor":6.0},{"not_picked":["SashWhip","Halt"],"picked":"FlurryOfBlows","floor":8.0},{"not_picked":["LikeWater","BowlingBash+1"],"picked":"Vengeance","floor":10.0},{"not_picked":["Fasting2","Meditate"],"picked":"EmptyFist+1","floor":13.0},{"not_picked":["DevaForm","Omniscience"],"picked":"Establishment","floor":16.0},{"not_picked":["FollowUp+1","Halt"],"picked":"CrushJoints+1","floor":18.0},{"not_picked":["Consecrate+1","Halt"],"picked":"Crescendo","floor":19.0},{"not_picked":["BowlingBash+1","Crescendo"],"picked":"WindmillStrike+1","floor":20.0},{"not_picked":["FlyingSleeves+1","Wish"],"picked":"Adaptation","floor":22}],"player_experience":305593,"relics_obtained":[{"floor":9.0,"key":"Bottled Tornado"},{"floor":10.0,"key":"Molten Egg 2"},{"floor":13.0,"key":"Anchor"}],"event_choices":[{"damage_healed":0.0,"max_hp_gain":0.0,"max_hp_loss":0.0,"gold_gain":0.0,"event_name":"Living Wall","player_choice":"Grow","floor":2.0,"gold_loss":0.0,"damage_taken":0.0,"cards_upgraded":["Eruption"]},{"damage_healed":0.0,"max_hp_gain":0.0,"max_hp_loss":0.0,"gold_gain":100.0,"event_name":"Golden Shrine","player_choice":"Pray","floor":14.0,"gold_loss":0.0,"damage_taken":0.0}],"is_beta":false,"boss_relics":[{"not_picked":["Fusion Hammer","Snecko Eye"],"picked":"SacredBark"}],"items_purged_floors":[21],"is_endless":false,"potions_floor_spawned":[1,4,5,13,16,18,20],"killed_by":"Slavers","ascension_level":6}}