{"host":"fwes8e3a36usabj9","time":1608346058,"event":{"mods":["BaseMod","Colored Map","Colored Powertips","Minty Spire (QoL Compilation)"],"gold_per_floor":[369,21,121,133,148,148,180,195,267,267,287,36,36,48,48,153,153,153,153],"floor_reached":18,"playtime":1435,"items_purged":[],"score":197,"play_id":"75067d89-c993-4e85-8159-952352a8c9fe","local_time":"20201218184738","is_ascension_mode":true,"campfire_choices":[{"data":"Forethought","floor":6,"key":"SMITH"},{"floor":13,"key":"REST"},{"floor":15,"key":"REST"}],"circlet_count":0,"master_deck":["Strike_B","Strike_B","Strike_B","Strike_B","Defend_B","Defend_B","Defend_B","Defend_B","Zap","Dualcast","Reinforced Body","Scrape","Forethought+1","Violence","Beam Cell","Turbo","Cold Snap","Reinforced Body","Sweeping Beam","Rebound","Finesse","Leap","Multi-Cast"],"relics":["Cracked Core","Emotion Chip","StrikeDummy","Akabeko","SlaversCollar"],"acts_visited":["Exordium","TheCity"],"potions_floor_usage":[10,16,16,16,16,16],"damage_taken":[{"damage":11,"enemies":"2 Louse","floor":1,"turns":3},{"damage":0,"enemies":"Cultist","floor":4,"turns":2},{"damage":9,"enemies":"Jaw Worm","floor":5,"turns":3},{"damage":25,"enemies":"Lagavulin","floor":7,"turns":9},{"damage":13,"enemies":"Exordium Wildlife","floor":8,"turns":4},{"damage":0,"enemies":"Large Slime","floor":10,"turns":3},{"damage":0,"enemies":"Blue Slaver","floor":11,"turns":4},{"damage":9,"enemies":"Exordium Thugs","floor":14,"turns":3},{"damage":17,"enemies":"Hexaghost","floor":16,"turns":10},{"damage":30,"enemies":"3 Byrds","floor":18,"turns":4}],"seed_played":"5885318564350549485","potions_obtained":[{"floor":1,"key":"PotionOfCapacity"},{"floor":7,"key":"EntropicBrew"},{"floor":8,"key":"SmokeBomb"},{"floor":11,"key":"ColorlessPotion"}],"is_trial":false,"path_per_floor":["M","$","?","M","M","R","E","M","T","M","M","$","R","M","R","B",null,"M"],"character_chosen":"DEFECT","items_purchased":["Scrape","Forethought","Violence","Rebound","Finesse","Akabeko"],"campfire_rested":2,"item_purchase_floors":[2,2,2,12,12,12],"current_hp_per_floor":[57,57,57,57,48,48,23,10,10,10,10,10,30,21,41,24,68,38,38],"gold":153,"neow_bonus":"TWO_FIFTY_GOLD","is_daily":false,"chose_seed":false,"campfire_upgraded":1,"win_rate":0.0,"timestamp":1608346058,"path_taken":["M","$","?","M","M","R","E","M","T","M","M","$","R","M","R","BOSS","M"],"items_purchased_type":["Card","Card","Card","Card","Card","Relic"],"build_version":"2020-12-13","purchased_purges":0,"victory":false,"max_hp_per_floor":[68,68,68,68,68,68,68,68,68,68,68,68,68,68,68,68,68,68,68],"card_choices":[{"not_picked":["Cold Snap","Hologram"],"picked":"Reinforced Body","floor":1},{"not_picked":["Leap","Cold Snap"],"picked":"Beam Cell","floor":4},{"not_picked":["Cold Snap","White Noise"],"picked":"Turbo","floor":5},{"not_picked":["Doom and Gloom","Chill"],"picked":"Cold Snap","floor":7},{"not_picked":["Hello World","Storm"],"picked":"Reinforced Body","floor":8},{"not_picked":["Doom and Gloom","Barrage"],"picked":"Sweeping Beam","floor":11},{"not_picked":["Cold Snap","Rainbow"],"picked":"Leap","floor":14},{"not_picked":["Rainbow","Amplify"],"picked":"Multi-Cast","floor":16}],"player_experience":638254,"relics_obtained":[{"floor":7,"key":"Emotion Chip"},{"floor":9,"key":"StrikeDummy"}],"event_choices":[{"damage_healed":0,"gold_gain":100,"player_choice":"Gold","damage_taken":0,"max_hp_gain":0,"max_hp_loss":0,"event_name":"Wheel of Change","floor":3,"gold_loss":0}],"is_beta":false,"boss_relics":[{"not_picked":["Fusion Hammer","Runic Pyramid"],"picked":"SlaversCollar"}],"items_purged_floors":[],"is_endless":false,"potions_floor_spawned":[1,7,8,10,11],"killed_by":"3 Byrds","ascension_level":4}}