{"host":"9tzam4717zt8ei1o","time":1608351742,"event":{"mods":["BaseMod","Colored Map","Keyboard Shortcuts","Minty Spire (QoL Compilation)","Quick Restart","StSLib","SuperFastMode"],"gold_per_floor":[109,32,52,63,213,213,244,244,299,224,224,11,11,11,11,87,87,102,112,112,35,35,35,35,35,35,61,79,79,79,89,89,89,89],"floor_reached":33,"playtime":690,"items_purged":["Strike_G"],"score":518,"play_id":"00683069-673c-4f98-9782-e67f978e0b7a","local_time":"20201219132222","is_ascension_mode":true,"campfire_choices":[{"data":"Cloak And Dagger","floor":6.0,"key":"SMITH"},{"data":"Choke","floor":8.0,"key":"SMITH"},{"data":"Neutralize","floor":13.0,"key":"SMITH"},{"data":"Footwork","floor":15.0,"key":"SMITH"},{"data":"Accuracy","floor":23.0,"key":"SMITH"},{"floor":30.0,"key":"REST"},{"data":"Prepared","floor":32.0,"key":"SMITH"}],"circlet_count":0,"master_deck":["AscendersBane","Strike_G","Strike_G","Strike_G","Defend_G","Defend_G","Defend_G","Defend_G","Defend_G","Survivor","Neutralize+1","Cloak And Dagger+1","Footwork+1","Dagger Throw","Choke+1","PiercingWail","Venomology","Accuracy+1","Prepared+1"],"relics":["Ring of the Snake","Omamori","Regal Pillow","Blood Vial","Oddly Smooth Stone","Mango","Busted Crown","Ninja Scroll","FaceOfCleric","Letter Opener","Darkstone Periapt","Sundial"],"acts_visited":["Exordium","TheCity"],"potions_floor_usage":[33,33,33],"damage_taken":[{"damage":13.0,"enemies":"Jaw Worm","floor":1.0,"turns":9.0},{"damage":2.0,"enemies":"2 Louse","floor":3.0,"turns":3.0},{"damage":0.0,"enemies":"Cultist","floor":4.0,"turns":4.0},{"damage":33.0,"enemies":"Gremlin Nob","floor":7.0,"turns":5.0},{"damage":24.0,"enemies":"The Guardian","floor":16.0,"turns":16.0},{"damage":0.0,"enemies":"3 Byrds","floor":18.0,"turns":5.0},{"damage":19.0,"enemies":"2 Thieves","floor":19.0,"turns":5.0},{"damage":49.0,"enemies":"Gremlin Leader","floor":27.0,"turns":11.0},{"damage":1.0,"enemies":"Centurion and Healer","floor":28.0,"turns":6.0},{"damage":10.0,"enemies":"3 Cultists","floor":31.0,"turns":4.0},{"damage":49,"enemies":"Champ","floor":33,"turns":11}],"seed_played":"-3582671852923714944","potions_obtained":[{"floor":4.0,"key":"SkillPotion"},{"floor":16.0,"key":"DistilledChaos"},{"floor":18.0,"key":"SneckoOil"},{"floor":27.0,"key":"LiquidBronze"},{"floor":28.0,"key":"CultistPotion"}],"is_trial":false,"path_per_floor":["M","$","M","M","?","R","E","R","T","$","?","$","R","?","R","B",null,"M","M","?","$","T","R","?","?","T","E","M","?","R","M","R","B"],"character_chosen":"THE_SILENT","items_purchased":["Footwork","Oddly Smooth Stone","PiercingWail","Accuracy"],"campfire_rested":1,"item_purchase_floors":[2,12,12,21],"current_hp_per_floor":[46,46,44,44,44,44,11,11,11,11,33,33,33,47,47,25,66,68,51,51,51,51,51,51,51,51,5,7,7,46,39,39,0,0],"gold":89,"neow_bonus":"RANDOM_COMMON_RELIC","is_daily":false,"chose_seed":false,"campfire_upgraded":6,"win_rate":0.0,"timestamp":1608351742,"path_taken":["M","$","M","M","?","R","E","R","T","$","?","$","R","?","R","BOSS","M","M","?","$","?","R","?","?","T","E","?","?","R","M","R","BOSS"],"items_purchased_type":["Card","Relic","Card","Card"],"build_version":"2020-12-13","purchased_purges":1,"victory":false,"max_hp_per_floor":[66,66,66,66,66,66,66,66,66,66,66,66,66,80,80,80,80,80,80,80,80,80,80,80,80,80,81,82,82,82,83,83,83,83],"card_choices":[{"not_picked":["Flying Knee","Caltrops"],"picked":"Cloak And Dagger","floor":1.0},{"not_picked":["Infinite Blades","Slice"],"picked":"Backstab","floor":3.0},{"not_picked":["Acrobatics","Underhanded Strike"],"picked":"Dagger Throw","floor":4.0},{"not_picked":["Concentrate","Catalyst"],"picked":"Choke","floor":7.0},{"not_picked":["Doppelganger","Tools of the Trade"],"picked":"Venomology","floor":16.0},{"not_picked":["Predator"],"picked":"SKIP","floor":18.0},{"not_picked":["Flying Knee"],"picked":"SKIP","floor":19.0},{"not_picked":["Dagger Throw"],"picked":"SKIP","floor":27.0},{"not_picked":["Deadly Poison"],"picked":"SKIP","floor":28.0},{"not_picked":[],"picked":"Prepared","floor":31.0}],"player_experience":90542,"relics_obtained":[{"floor":7.0,"key":"Regal Pillow"},{"floor":9.0,"key":"Blood Vial"},{"floor":22.0,"key":"Ninja Scroll"},{"floor":26.0,"key":"Letter Opener"},{"floor":27.0,"key":"Darkstone Periapt"}],"event_choices":[{"damage_healed":0.0,"max_hp_gain":0.0,"max_hp_loss":0.0,"gold_gain":150.0,"event_name":"Liars Game","player_choice":"AGREE","floor":5.0,"gold_loss":0.0,"damage_taken":0.0,"cards_obtained":["Doubt"]},{"damage_healed":22.0,"max_hp_gain":0.0,"max_hp_loss":0.0,"gold_gain":0.0,"event_name":"Big Fish","player_choice":"Banana","floor":11.0,"gold_loss":0.0,"damage_taken":0.0},{"cards_removed":["Backstab"],"damage_healed":0.0,"max_hp_gain":0.0,"max_hp_loss":0.0,"gold_gain":0.0,"event_name":"WeMeetAgain","player_choice":"Gave Card","floor":14.0,"gold_loss":0.0,"damage_taken":0.0,"relics_obtained":["Mango"]},{"cards_removed":["Strike_G"],"damage_healed":0.0,"max_hp_gain":0.0,"max_hp_loss":0.0,"gold_gain":0.0,"event_name":"Bonfire Elementals","player_choice":"Offered Basic","floor":20.0,"gold_loss":0.0,"damage_taken":0.0},{"damage_healed":0.0,"max_hp_gain":0.0,"max_hp_loss":0.0,"gold_gain":0.0,"event_name":"Ghosts","player_choice":"Ignored","floor":24.0,"gold_loss":0.0,"damage_taken":0.0},{"damage_healed":0.0,"max_hp_gain":0.0,"max_hp_loss":0.0,"gold_gain":0.0,"event_name":"FaceTrader","player_choice":"Trade","floor":25.0,"gold_loss":0.0,"damage_taken":0.0,"relics_obtained":["FaceOfCleric"]},{"damage_healed":0.0,"max_hp_gain":0.0,"max_hp_loss":0.0,"gold_gain":0.0,"event_name":"Addict","player_choice":"Stole Relic","floor":29.0,"gold_loss":0.0,"damage_taken":0.0,"relics_obtained":["Sundial"],"cards_obtained":["Shame"]}],"is_beta":false,"boss_relics":[{"not_picked":["Coffee Dripper","Ring of the Serpent"],"picked":"Busted Crown"}],"items_purged_floors":[10],"is_endless":false,"potions_floor_spawned":[4,16,18,27,28],"killed_by":"Champ","ascension_level":20}}