{"host":"ldbx2jhnvtia1ouf","time":1608386408,"event":{"mods":["BaseMod","Better Note","Better Sensory Stone","Better Skull","Better Third Choice","Block Reminder","Colored Map","Colored Powertips","Curses Come First","Highlight Path","Minty Spire (QoL Compilation)","Permanent Neow","Spicy Shops","StSLib","Transform Curses","Unceasing Turn Reminder"],"gold_per_floor":[17,17,37,37,51,51,79,4,4,38,38,38,38,38,38,38,38],"floor_reached":16,"playtime":923,"items_purged":["Strike_G"],"score":106,"play_id":"48bcb273-e458-42ce-a779-cb7c6ae85afb","local_time":"20201220000008","is_ascension_mode":false,"campfire_choices":[{"data":"Footwork","floor":6,"key":"SMITH"},{"floor":11,"key":"REST"},{"floor":15,"key":"REST"}],"circlet_count":0,"master_deck":["Strike_G","Strike_G","Strike_G","Strike_G","Defend_G","Defend_G","Defend_G","Defend_G","Defend_G+1","Survivor","Neutralize","Footwork+1","Catalyst","Bandage Up","Blur+1","Deflect","Deadly Poison"],"relics":["Ring of the Snake","FossilizedHelix","Omamori","Tough Bandages","PreservedInsect","War Paint"],"acts_visited":["Exordium"],"potions_floor_usage":[10,10],"damage_taken":[{"damage":0,"enemies":"Cultist","floor":1,"turns":3},{"damage":0,"enemies":"2 Louse","floor":3,"turns":5},{"damage":0,"enemies":"Jaw Worm","floor":5,"turns":4},{"damage":39,"enemies":"3 Sentries","floor":7,"turns":17},{"damage":31,"enemies":"Lagavulin","floor":10,"turns":20},{"damage":60,"enemies":"Slime Boss","floor":16,"turns":21}],"seed_played":"6260362228251420610","potions_obtained":[{"floor":1,"key":"ColorlessPotion"},{"floor":5,"key":"Regen Potion"}],"is_trial":false,"path_per_floor":["M","?","M","?","M","R","E","$","T","E","R","$","?","$","R","B"],"character_chosen":"THE_SILENT","items_purchased":[],"campfire_rested":2,"item_purchase_floors":[],"current_hp_per_floor":[70,58,58,58,62,62,27,27,27,12,33,33,33,33,54,0,0],"gold":38,"neow_bonus":"ONE_RARE_RELIC","is_daily":false,"chose_seed":false,"campfire_upgraded":1,"win_rate":0.0,"timestamp":1608386408,"path_taken":["M","?","M","?","?","R","E","$","T","E","R","$","?","?","R","BOSS"],"items_purchased_type":[],"build_version":"2020-12-13","purchased_purges":1,"victory":false,"max_hp_per_floor":[70,70,70,70,70,70,70,70,70,70,70,70,70,70,70,70,70],"card_choices":[{"not_picked":["Skewer","Dash"],"picked":"Footwork","floor":1},{"not_picked":["Bane","Dodge and Roll"],"picked":"Catalyst","floor":3},{"not_picked":["Slice","Sucker Punch"],"picked":"Blur","floor":5},{"not_picked":["Choke","Distraction"],"picked":"Deflect","floor":7},{"not_picked":["Outmaneuver","Dagger Spray"],"picked":"Deadly Poison","floor":10}],"player_experience":57975,"relics_obtained":[{"floor":7,"key":"Tough Bandages"},{"floor":9,"key":"PreservedInsect"},{"floor":10,"key":"War Paint"}],"event_choices":[{"damage_healed":0,"gold_gain":0,"player_choice":"Relic ","damage_taken":12,"max_hp_gain":0,"max_hp_loss":0,"event_name":"betterThird:BetterScrap","floor":2,"gold_loss":0,"cards_obtained":["Hemokinesis"]},{"damage_healed":0,"gold_gain":0,"player_choice":"1 cards matched","damage_taken":0,"max_hp_gain":0,"max_hp_loss":0,"event_name":"Match and Keep!","floor":4,"gold_loss":0,"cards_obtained":["Bandage Up"]},{"damage_healed":0,"gold_gain":0,"player_choice":"Ignored","damage_taken":0,"max_hp_gain":0,"max_hp_loss":0,"event_name":"betterNote:BetterNote","floor":13,"gold_loss":0,"cards_obtained":["Demon Form"]}],"is_beta":false,"boss_relics":[],"items_purged_floors":[8],"is_endless":false,"potions_floor_spawned":[1,5],"killed_by":"Slime Boss","ascension_level":0}}