{"host":"Teixeira","time":1608342954,"event":{"mods":["2.2 Compatiblity","Aspiration","BaseMod","Better Match","Better Note","Better Sensory Stone","Better Skull","Better Third Choice","Colored Map","Colored Powertips","Hermit","Infinite Spire","Minty Spire (QoL Compilation)","Permanent Neow","Quick Restart","Rare Cards Sparkle","Relic Filter","Replay The Spire","Spicy Shops","StSLib","SuperFastMode"],"gold_per_floor":[113,126,174,226,270,270,343,378,378,448,497,563,600,636,636,813,813,878,938,472,533,86,178,178,237,237,312,312,355,355,448,448,650,650,700,9,55,55,119,222,222,313,313,313,419,419,419,482,482,629],"floor_reached":51,"playtime":2706,"items_purged":["Defend_G","Strike_G","Strike_G","Strike_G"],"score":1095,"play_id":"f03085be-9e91-4a73-93dc-0ffc036d7505","local_time":"20201218225554","is_ascension_mode":true,"campfire_choices":[{"data":"Finisher","floor":6,"key":"SMITH"},{"data":"Neutralize","floor":15,"key":"SMITH"},{"data":"Blade Dance","floor":30,"key":"SMITH"},{"data":"Blade Dance","floor":32,"key":"SMITH"},{"data":"Adrenaline","floor":41,"key":"SMITH"},{"data":"Adrenaline","floor":46,"key":"SMITH"},{"data":"Flash of Steel","floor":49,"key":"SMITH"}],"circlet_count":0,"master_deck":["Strike_G","Strike_G","Defend_G","Defend_G","Defend_G","Defend_G","Survivor","Neutralize+1","Deflect","Finisher+1","Hidden Blade","Slice","Adrenaline+1","Blade Dance+1","Deflect","Flash of Steel+1","Slice+1","Blade Dance+1","infinitespire:Gouge+1","Adrenaline+1"],"relics":["Ring of the Snake","Golden Idol","Replay:Bandana","infinitespire:PuzzleCube","Calipers","Mercury Hourglass","Ancient Tea Set","aspiration:PoetsPen_weak","infinitespire:EmpoweringShard","FossilizedHelix","Frozen Eye","aspiration:Lifesprig","Unceasing Top","Ninja Scroll","Blue Doll","Lizard Tail","Sozu","Vajra","infinitespire:CheckeredPen","HandDrill","Juzu Bracelet","StoneCalendar","Pet Ghost","Happy Flower"],"acts_visited":["Exordium","TheCity","TheBeyond"],"potions_floor_usage":[7,10,16,16,16,23,50,50],"damage_taken":[{"damage":0,"enemies":"Small Slimes","floor":1,"turns":3},{"damage":0,"enemies":"2 Louse","floor":2,"turns":2},{"damage":0,"enemies":"Cultist","floor":3,"turns":2},{"damage":7,"enemies":"Lots of Slimes","floor":4,"turns":3},{"damage":2,"enemies":"Looter","floor":5,"turns":3},{"damage":12,"enemies":"3 Sentries","floor":7,"turns":7},{"damage":0,"enemies":"Red Slaver","floor":8,"turns":2},{"damage":8,"enemies":"Lagavulin","floor":10,"turns":5},{"damage":6,"enemies":"Exordium Wildlife","floor":11,"turns":3},{"damage":9,"enemies":"3 Sentries","floor":12,"turns":5},{"damage":7,"enemies":"3 Louse","floor":13,"turns":2},{"damage":0,"enemies":"Blue Slaver","floor":14,"turns":2},{"damage":32,"enemies":"Fading Forest","floor":16,"turns":11},{"damage":0,"enemies":"2 Thieves","floor":18,"turns":1},{"damage":11,"enemies":"3 Byrds","floor":19,"turns":4},{"damage":0,"enemies":"Snecko","floor":21,"turns":2},{"damage":0,"enemies":"Slavers","floor":23,"turns":2},{"damage":0,"enemies":"Centurion and Healer","floor":25,"turns":2},{"damage":0,"enemies":"Replay:Snechameleon","floor":27,"turns":1},{"damage":0,"enemies":"Snake Plant","floor":29,"turns":1},{"damage":0,"enemies":"Book of Stabbing","floor":31,"turns":1},{"damage":0,"enemies":"Collector","floor":33,"turns":1},{"damage":4,"enemies":"3 Shapes","floor":35,"turns":1},{"damage":0,"enemies":"Orb Walker","floor":37,"turns":1},{"damage":0,"enemies":"Spire Growth","floor":39,"turns":1},{"damage":0,"enemies":"R_Hoarder","floor":40,"turns":2},{"damage":0,"enemies":"Nemesis","floor":42,"turns":1},{"damage":3,"enemies":"R_Hoarder","floor":45,"turns":3},{"damage":3,"enemies":"4 Shapes","floor":48,"turns":1},{"damage":63,"enemies":"infinitespire:MassOfShapes","floor":50,"turns":2}],"seed_played":"2715877040314416343","potions_obtained":[{"floor":2,"key":"Adrenaline Potion"},{"floor":3,"key":"SteroidPotion"},{"floor":4,"key":"Weak Potion"},{"floor":12,"key":"Languid Potion"},{"floor":13,"key":"CunningPotion"},{"floor":16,"key":"LifebloodPotion"},{"floor":19,"key":"ColorlessPotion"},{"floor":23,"key":"Adrenaline Potion"}],"is_trial":false,"path_per_floor":["M","M","M","M","M","R","E","M","T","E","M","E","M","M","R_BF","B",null,"M","M","$","M","$","E","?","M","T","E","?","M","R","E","R","B",null,"M","$","M","?","M","E","R","E","T","?","E","R","?","M","R","B",null],"character_chosen":"THE_SILENT","items_purchased":["infinitespire:EmpoweringShard","FossilizedHelix","Flash of Steel","Slice+1","Frozen Eye","aspiration:Lifesprig","Vajra","infinitespire:CheckeredPen","HandDrill"],"campfire_rested":0,"item_purchase_floors":[20,20,20,22,22,22,36,36,36],"current_hp_per_floor":[70,70,70,63,61,61,49,49,49,41,35,26,19,19,19,9,70,70,59,59,59,59,59,59,59,59,59,46,46,46,46,46,46,75,71,71,71,71,71,71,71,71,71,71,68,68,68,65,65,2],"gold":629,"neow_bonus":"ONE_RANDOM_RARE_CARD","is_daily":false,"chose_seed":false,"campfire_upgraded":7,"win_rate":0.0,"timestamp":1608342954,"path_taken":["M","M","M","M","M","R","E","M","T","E","M","E","M","M","R_BF","BOSS","M","M","$","M","$","E","?","M","T","E","?","M","R","E","R","BOSS","M","$","M","?","M","E","R","E","T","?","E","R","?","M","R","BOSS"],"items_purchased_type":["Relic","Relic","Card","Card","Relic","Relic","Relic","Relic","Relic"],"build_version":"2020-11-17","purchased_purges":4,"victory":true,"max_hp_per_floor":[70,70,70,70,70,70,70,70,70,70,70,70,70,70,70,70,70,70,70,70,70,70,70,70,70,70,70,75,75,75,75,75,75,75,75,75,75,75,75,75,75,75,75,75,75,75,75,75,75,75],"card_choices":[{"not_picked":["Acrobatics","Backflip"],"picked":"Deflect","floor":1},{"not_picked":["Bane","Bouncing Flask"],"picked":"Finisher","floor":2},{"not_picked":["Flying Knee","Flechettes"],"picked":"Hidden Blade","floor":3},{"not_picked":["Predator","Bane","Finisher"],"picked":"SKIP","floor":4},{"not_picked":["Tactician","ReplayTheSpireMod:Speed Training","Envenom"],"picked":"SKIP","floor":5},{"not_picked":["Dagger Spray","Prepared"],"picked":"Slice","floor":7},{"not_picked":["Dodge and Roll","Outmaneuver"],"picked":"Adrenaline","floor":8},{"not_picked":["ReplayTheSpireMod:Shiv Toss","Sucker Punch","Wraith Form v2"],"picked":"SKIP","floor":10},{"not_picked":["Dagger Spray","Bouncing Flask","Hidden Blade"],"picked":"SKIP","floor":11},{"not_picked":["Caltrops","Quick Slash"],"picked":"Blade Dance","floor":12},{"not_picked":["Prepared","PiercingWail","Reflex"],"picked":"SKIP","floor":13},{"not_picked":["Toxin Wave","Crippling Poison","Bane"],"picked":"SKIP","floor":14},{"not_picked":["Deadly Poison","Outmaneuver"],"picked":"Deflect","floor":18},{"not_picked":["Bouncing Flask","Replay:Poison Smokescreen","Expertise"],"picked":"SKIP","floor":19},{"not_picked":["Bouncing Flask","Replay:Poison Smokescreen","Expertise"],"picked":"SKIP","floor":19},{"not_picked":["Underhanded Strike+1","Die Die Die","Poisoned Stab"],"picked":"SKIP","floor":21},{"not_picked":["Sneak Up+1","Expertise"],"picked":"Blade Dance","floor":23},{"not_picked":["Well Laid Plans","Draining Mist","ReplayTheSpireMod:Exploit Weakness"],"picked":"SKIP","floor":25},{"not_picked":["Caltrops+1","Acrobatics","Dagger Spray"],"picked":"SKIP","floor":27},{"not_picked":["Flying Knee","Dash","ReplayTheSpireMod:From All Sides"],"picked":"SKIP","floor":29},{"not_picked":["Caltrops","Draining Mist","Sucker Punch"],"picked":"SKIP","floor":31},{"not_picked":["Flying Knee","Deadly Poison","Quick Slash"],"picked":"SKIP","floor":35},{"not_picked":["Underhanded Strike","Fluid Movement+1","Sucker Punch"],"picked":"SKIP","floor":37},{"not_picked":["Poisoned Stab","ReplayTheSpireMod:Speed Training","Bane+1"],"picked":"SKIP","floor":39},{"not_picked":["Dodge and Roll","Dagger Throw+1","Poisoned Stab"],"picked":"SKIP","floor":40},{"not_picked":["Deflect","Acrobatics","Poisoned Stab"],"picked":"SKIP","floor":42},{"not_picked":["Crippling Poison","Phantasmal Killer","Noxious Fumes+1"],"picked":"SKIP","floor":45},{"not_picked":["Slice+1","Infinite Blades","Dagger Throw+1"],"picked":"SKIP","floor":48}],"player_experience":24624,"relics_obtained":[{"floor":7,"key":"infinitespire:PuzzleCube"},{"floor":9,"key":"Calipers"},{"floor":10,"key":"Mercury Hourglass"},{"floor":12,"key":"Ancient Tea Set"},{"floor":23,"key":"Unceasing Top"},{"floor":26,"key":"Ninja Scroll"},{"floor":27,"key":"Blue Doll"},{"floor":31,"key":"Lizard Tail"},{"floor":40,"key":"Juzu Bracelet"},{"floor":42,"key":"StoneCalendar"},{"floor":43,"key":"Pet Ghost"},{"floor":45,"key":"Happy Flower"}],"event_choices":[{"cards_removed":["Adrenaline"],"damage_healed":0,"gold_gain":0,"player_choice":"Take \u0026 Give","damage_taken":0,"max_hp_gain":0,"max_hp_loss":0,"event_name":"betterNote:BetterNote","floor":24,"gold_loss":0,"cards_obtained":["infinitespire:Gouge"]},{"damage_healed":0,"gold_gain":0,"player_choice":"Shed Blood","damage_taken":18,"max_hp_gain":5,"max_hp_loss":0,"event_name":"Forgotten Altar","floor":28,"gold_loss":0},{"damage_healed":0,"gold_gain":0,"player_choice":"Random: Yellow","damage_taken":0,"max_hp_gain":0,"max_hp_loss":0,"event_name":"betterThird:BetterPortal","floor":38,"gold_loss":0},{"cards_removed":["infinitespire:Gouge"],"damage_healed":0,"gold_gain":0,"player_choice":"Take \u0026 Give","damage_taken":0,"max_hp_gain":0,"max_hp_loss":0,"event_name":"betterNote:BetterNote","floor":38,"gold_loss":0,"cards_obtained":["Adrenaline"]},{"cards_removed":["Unload"],"damage_healed":0,"gold_gain":0,"player_choice":"Purged","damage_taken":0,"max_hp_gain":0,"max_hp_loss":0,"event_name":"Purifier","floor":44,"gold_loss":0}],"is_beta":true,"boss_relics":[{"not_picked":["Fusion Hammer","Ectoplasm"],"picked":"aspiration:PoetsPen_weak"},{"not_picked":["Busted Crown","Replay:Drink Me"],"picked":"Sozu"}],"items_purged_floors":[20,22,22,36],"is_endless":false,"potions_floor_spawned":[2,3,4,12,13,16,19,21,23,25,33,37,39,40],"ascension_level":1}}