{"host":"hz7oro4zaett5eh9","time":1608416277,"event":{"mods":["BaseMod","BetterRewards","Downfall","Minty Spire (QoL Compilation)","StSLib"],"gold_per_floor":[99,118,132,142,174,191,191,191,491,521,521,521,45,30,50,155,155,80,80,80,80,80,80,80],"floor_reached":23,"playtime":2436,"items_purged":[],"score":226,"play_id":"760ffe52-52d2-474a-9ad8-5a9f882a1c89","local_time":"20201219221757","is_ascension_mode":false,"campfire_choices":[{"floor":1,"key":"RECALL"},{"data":"hexamod:GhostOfSpirePresent","floor":8,"key":"SMITH"},{"data":"hexamod:ShieldOfDarkness","floor":18,"key":"SMITH"}],"circlet_count":0,"master_deck":["hexamod:Strike","hexamod:Strike+1","hexamod:Strike","hexamod:Strike","hexamod:Defend","hexamod:Defend+1","hexamod:Defend","hexamod:Defend","hexamod:Sear+1","hexamod:Float","hexamod:ChargedBarrage","hexamod:ThermalTransfer","hexamod:GhostOfSpirePresent+1","hexamod:SpectersWail+1","hexamod:SixthSeal","Slimebound:Icky","Slimebound:Icky","hexamod:ShieldOfDarkness","Parasite","hexamod:RadiantFlame","hexamod:EmpoweredFlame","expansioncontent:Flail+1","hexamod:ShieldOfDarkness+1","hexamod:AdvancingGuard","hexamod:RadiantFlame+1","hexamod:FifthSeal","hexamod:FourthSeal","hexamod:GhostflameBarrier+1","hexamod:FirstSeal","hexamod:AdvancingGuard+1","hexamod:FirstSeal","hexamod:ExtraCrispy"],"relics":["hexamod:SpiritBrand","Centennial Puzzle","Darkstone Periapt","Bottled Tornado","Eternal Feather","Mercury Hourglass","Ectoplasm","downfall:HeartBlessingRed","Bottled Flame"],"acts_visited":["Exordium","TheCity"],"potions_floor_usage":[16,21,22,22,22,23],"damage_taken":[{"damage":5,"enemies":"Jaw Worm","floor":2,"turns":3},{"damage":0,"enemies":"2 Louse","floor":3,"turns":3},{"damage":0,"enemies":"Cultist","floor":4,"turns":3},{"damage":15,"enemies":"Gremlin Nob","floor":5,"turns":4},{"damage":15,"enemies":"Large Slime","floor":6,"turns":6},{"damage":28,"enemies":"Lagavulin","floor":10,"turns":7},{"damage":5,"enemies":"downfall:FleeingMerchant","floor":13,"turns":4},{"damage":5,"enemies":"downfall:FleeingMerchant","floor":14,"turns":4},{"damage":6,"enemies":"Blue Slaver","floor":15,"turns":4},{"damage":49,"enemies":"downfall:Ironclad","floor":16,"turns":10},{"damage":19,"enemies":"Shell Parasite","floor":19,"turns":6},{"damage":10,"enemies":"Chosen","floor":21,"turns":6},{"damage":31,"enemies":"Snake Plant","floor":22,"turns":6},{"damage":27,"enemies":"Slavers","floor":23,"turns":2}],"seed_played":"1699061563658555781","potions_obtained":[{"floor":2,"key":"GamblersBrew"},{"floor":6,"key":"DistilledChaos"},{"floor":10,"key":"sneckomod:MuddlingPotion"},{"floor":15,"key":"hexamod:EctoCoolerPotion"},{"floor":16,"key":"FearPotion"},{"floor":21,"key":"PowerPotion"},{"floor":22,"key":"PowerPotion"}],"is_trial":false,"path_per_floor":["R","M","M","M","E","M","T","R","?","E","?","?","$","$","M","B",null,"R","M","T","M","M","E"],"character_chosen":"THE_SPIRIT","items_purchased":["hexamod:EmpoweredFlame","Mercury Hourglass","expansioncontent:Flail","hexamod:ShieldOfDarkness"],"campfire_rested":0,"item_purchase_floors":[13,13,13,13],"current_hp_per_floor":[70,65,65,65,50,35,35,35,47,19,45,88,83,78,72,23,88,88,69,69,59,35,8,8],"gold":80,"neow_bonus":"RANDOM_COMMON_RELIC","is_daily":false,"chose_seed":false,"campfire_upgraded":2,"win_rate":0.0,"timestamp":1608416277,"path_taken":["R","M","M","M","E","M","T","R","?","E","?","?","$","$","M","BOSS","R","M","?","M","M","E"],"items_purchased_type":["Card","Relic","Card","Card"],"build_version":"2020-12-13","purchased_purges":0,"victory":false,"max_hp_per_floor":[70,70,70,70,70,70,70,70,82,82,88,88,88,88,88,88,88,88,88,88,88,88,88,88],"card_choices":[{"not_picked":["hexamod:EtherealExpedition","hexamod:FastForward"],"picked":"hexamod:ChargedBarrage","floor":2},{"not_picked":["hexamod:Hexaguard","hexamod:SwordOfDarkness"],"picked":"hexamod:ThermalTransfer","floor":3},{"not_picked":["hexamod:SwordOfDarkness","hexamod:RainOfEmbers"],"picked":"hexamod:GhostOfSpirePresent","floor":4},{"not_picked":["hexamod:RetreatToShadows","hexamod:HauntingEcho"],"picked":"hexamod:SpectersWail","floor":5},{"not_picked":["hexamod:Firestarter","hexamod:NightmareGuise"],"picked":"hexamod:SixthSeal","floor":6},{"not_picked":["hexamod:GhostLash","hexamod:TurnItUp"],"picked":"hexamod:ShieldOfDarkness","floor":10},{"not_picked":["hexamod:Firestarter","hexamod:Incineration"],"picked":"hexamod:RadiantFlame","floor":13},{"not_picked":["hexamod:Incineration","hexamod:FastForward"],"picked":"hexamod:AdvancingGuard","floor":14},{"not_picked":["hexamod:FastForward","hexamod:ChargedBarrage"],"picked":"hexamod:RadiantFlame","floor":15},{"not_picked":["hexamod:TimeOfNeed","hexamod:TurnItUp"],"picked":"hexamod:FifthSeal","floor":16},{"not_picked":["hexamod:SixthSeal","hexamod:ThirdSeal"],"picked":"hexamod:FourthSeal","floor":19},{"not_picked":["hexamod:GhostLash","hexamod:BurningTouch"],"picked":"hexamod:GhostflameBarrier","floor":19},{"not_picked":["hexamod:SixthSeal","hexamod:SecondSeal"],"picked":"hexamod:FirstSeal","floor":21},{"not_picked":["hexamod:SpectersWail","hexamod:BurningTouch"],"picked":"hexamod:AdvancingGuard+1","floor":21},{"not_picked":["hexamod:ThirdSeal","hexamod:SecondSeal"],"picked":"hexamod:FirstSeal","floor":22},{"not_picked":["hexamod:GhostOfSpirePast","hexamod:ShieldOfDarkness"],"picked":"hexamod:ExtraCrispy","floor":22}],"player_experience":606966,"relics_obtained":[{"floor":5,"key":"Darkstone Periapt"},{"floor":7,"key":"Bottled Tornado"},{"floor":10,"key":"Eternal Feather"},{"floor":20,"key":"Bottled Flame"}],"event_choices":[{"damage_healed":20,"gold_gain":0,"player_choice":"Healed and dodged fight","damage_taken":0,"max_hp_gain":0,"max_hp_loss":0,"event_name":"Mushrooms","floor":11,"gold_loss":0,"cards_obtained":["Parasite"]}],"is_beta":false,"boss_relics":[{"not_picked":["Black Star","Pandora\u0027s Box"],"picked":"Ectoplasm"}],"items_purged_floors":[],"is_endless":false,"potions_floor_spawned":[2,6,10,15,16,19,21],"killed_by":"Slavers","ascension_level":0}}