{"host":"q9718omregw4er46","time":1608355098,"event":{"mods":["BaseMod","Bestiary","Colored Powertips","Custom Start","Highlight Path","Minty Spire (QoL Compilation)","Practice Mode","Quick Restart","Relic Stats"],"gold_per_floor":[110,185,205,222,66,96,96,124,148,148,173,187,220,231,231,310,310,354,354,393,408,143,202,202,259,259,259,323,293,2,43,43,148,148,219,219,295,295,342,406,485,580,580,580,666,127,216,295,295,295,295],"floor_reached":52,"playtime":2804,"items_purged":["Strike_P","Strike_P","Strike_P","Judgement"],"score":2491,"play_id":"1c4fcb13-90a2-4c55-8184-4072ebfe384d","local_time":"20201219101818","is_ascension_mode":true,"campfire_choices":[{"data":"Wallop","floor":7.0,"key":"SMITH"},{"data":"Tantrum","floor":10.0,"key":"SMITH"},{"data":"Wallop","floor":15.0,"key":"SMITH"},{"data":"Wish","floor":24.0,"key":"SMITH"},{"data":"Wallop","floor":32.0,"key":"SMITH"},{"data":"TalkToTheHand","floor":44.0,"key":"SMITH"},{"data":"MentalFortress","floor":49.0,"key":"SMITH"}],"circlet_count":0,"master_deck":["AscendersBane","Defend_P","Defend_P","Eruption+1","Vigilance","Tantrum+1","Wallop+1","Wallop+1","Worship","Protect","Wish+1","Wallop+1","Wallop+1","MentalFortress","DevaForm","MentalFortress+1","DevaForm","Omniscience","Adaptation+1","Vengeance+1","EmptyBody+1","TalkToTheHand+1","Sanctity","Worship","WheelKick","Master of Strategy","DeceiveReality+1"],"relics":["Snecko Eye","Bronze Scales","Boot","Bag of Marbles","Eternal Feather","Damaru","Cursed Key","Omamori","Bag of Preparation","Yang","PreservedInsect","Ancient Tea Set","DollysMirror","Astrolabe","Juzu Bracelet","Whetstone","Pear","Singing Bowl","Centennial Puzzle","HornCleat"],"acts_visited":["Exordium","TheCity","TheBeyond"],"potions_floor_usage":[],"damage_taken":[{"damage":0.0,"enemies":"Jaw Worm","floor":1.0,"turns":1.0},{"damage":0.0,"enemies":"2 Louse","floor":3.0,"turns":2.0},{"damage":0.0,"enemies":"Cultist","floor":4.0,"turns":2.0},{"damage":0.0,"enemies":"Gremlin Nob","floor":6.0,"turns":2.0},{"damage":11.0,"enemies":"Lagavulin","floor":8.0,"turns":4.0},{"damage":0.0,"enemies":"3 Sentries","floor":11.0,"turns":3.0},{"damage":0.0,"enemies":"Exordium Thugs","floor":12.0,"turns":1.0},{"damage":0.0,"enemies":"Lagavulin","floor":13.0,"turns":2.0},{"damage":0.0,"enemies":"Red Slaver","floor":14.0,"turns":2.0},{"damage":5.0,"enemies":"Hexaghost","floor":16.0,"turns":5.0},{"damage":12.0,"enemies":"Chosen","floor":18.0,"turns":3.0},{"damage":3.0,"enemies":"3 Byrds","floor":20.0,"turns":2.0},{"damage":0.0,"enemies":"Shelled Parasite and Fungi","floor":21.0,"turns":2.0},{"damage":18.0,"enemies":"Book of Stabbing","floor":23.0,"turns":5.0},{"damage":16.0,"enemies":"Slavers","floor":25.0,"turns":6.0},{"damage":5.0,"enemies":"Book of Stabbing","floor":28.0,"turns":4.0},{"damage":1.0,"enemies":"Snecko","floor":31.0,"turns":5.0},{"damage":20.0,"enemies":"Automaton","floor":33.0,"turns":6.0},{"damage":0.0,"enemies":"Orb Walker","floor":35.0,"turns":3.0},{"damage":0.0,"enemies":"3 Shapes","floor":37.0,"turns":6.0},{"damage":2.0,"enemies":"Transient","floor":39.0,"turns":6.0},{"damage":0.0,"enemies":"Nemesis","floor":40.0,"turns":4.0},{"damage":21.0,"enemies":"Maw","floor":41.0,"turns":6.0},{"damage":0.0,"enemies":"Reptomancer","floor":42.0,"turns":10.0},{"damage":3.0,"enemies":"Nemesis","floor":45.0,"turns":6.0},{"damage":0.0,"enemies":"Giant Head","floor":47.0,"turns":5.0},{"damage":0.0,"enemies":"Jaw Worm Horde","floor":48.0,"turns":4.0},{"damage":0,"enemies":"Time Eater","floor":50,"turns":9},{"damage":3,"enemies":"Donu and Deca","floor":51,"turns":7}],"seed_played":"-7419127201507669534","potions_obtained":[{"floor":1.0,"key":"Fire Potion"},{"floor":3.0,"key":"Strength Potion"},{"floor":12.0,"key":"ColorlessPotion"},{"floor":13.0,"key":"Ancient Potion"},{"floor":14.0,"key":"CultistPotion"},{"floor":29.0,"key":"BlessingOfTheForge"},{"floor":33.0,"key":"DuplicationPotion"},{"floor":35.0,"key":"EntropicBrew"},{"floor":37.0,"key":"AttackPotion"},{"floor":42.0,"key":"Energy Potion"},{"floor":47.0,"key":"SkillPotion"},{"floor":48.0,"key":"CultistPotion"}],"is_trial":true,"path_per_floor":["M","?","M","M","$","E","R","E","T","R","E","M","E","M","R","B",null,"M","?","M","M","$","E","R","E","T","?","E","?","$","M","R","B",null,"M","?","M","?","M","E","M","E","T","R","E","$","E","M","R","B","B",null],"character_chosen":"WATCHER","items_purchased":["Wallop","Omamori","DollysMirror","WheelKick","Centennial Puzzle","Master of Strategy"],"campfire_rested":0,"item_purchase_floors":[5,22,30,46,46,46],"current_hp_per_floor":[61,50,50,50,50,50,50,39,39,39,39,39,39,39,48,43,62,50,50,47,47,47,29,38,22,22,22,17,17,17,16,28,8,53,53,53,53,53,51,51,30,40,40,52,49,49,51,51,66,66,63],"gold":295,"neow_bonus":"","is_daily":false,"chose_seed":false,"campfire_upgraded":7,"win_rate":0.0,"timestamp":1608355098,"path_taken":["M","?","M","M","$","E","R","E","T","R","E","M","E","M","R","BOSS","M","?","M","M","$","E","R","E","T","?","E","?","$","?","R","BOSS","M","?","M","?","M","E","M","E","T","R","E","$","E","M","R","BOSS","BOSS"],"items_purchased_type":["Card","Relic","Relic","Card","Relic","Card"],"build_version":"2020-12-13","purchased_purges":4,"victory":true,"max_hp_per_floor":[68,68,68,68,68,68,68,68,68,68,68,68,68,68,68,68,68,68,68,68,68,68,68,68,68,68,68,68,68,68,68,68,68,68,68,68,68,68,68,68,68,78,78,78,78,78,80,80,80,80,80],"relic_stats":{"Singing Bowl":2,"counters":[29,123],"Astrolabe":["Adaptation","Vengeance","EmptyBody"],"Eternal Feather":57,"Yang":[195],"PreservedInsect":332,"Bag of Preparation":[30],"Juzu Bracelet":1,"Whetstone":["Wallop","Eruption"],"Boot":[321],"Cursed Key":1,"Centennial Puzzle":[3],"Bronze Scales":[386],"Snecko Eye":[242,256,219,232],"obtain_stats":[{"Pear":42,"Singing Bowl":45,"Astrolabe":34,"Damaru":13,"Eternal Feather":11,"Yang":25,"PreservedInsect":26,"Omamori":22,"Bag of Preparation":23,"Juzu Bracelet":36,"Whetstone":40,"Boot":8,"Cursed Key":17,"Ancient Tea Set":28,"Centennial Puzzle":46,"HornCleat":47,"DollysMirror":30,"Bronze Scales":6,"Snecko Eye":0,"Bag of Marbles":9},{"Pear":24,"Singing Bowl":25,"Astrolabe":18,"Damaru":8,"Eternal Feather":6,"Yang":15,"PreservedInsect":15,"Omamori":13,"Bag of Preparation":14,"Juzu Bracelet":19,"Whetstone":22,"Boot":5,"Cursed Key":10,"Ancient Tea Set":16,"Centennial Puzzle":25,"HornCleat":26,"DollysMirror":16,"Bronze Scales":4,"Snecko Eye":0,"Bag of Marbles":5},{"Pear":92,"Singing Bowl":98,"Astrolabe":57,"Damaru":17,"Eternal Feather":14,"Yang":42,"PreservedInsect":42,"Omamori":31,"Bag of Preparation":36,"Juzu Bracelet":60,"Whetstone":76,"Boot":11,"Cursed Key":24,"Ancient Tea Set":46,"Centennial Puzzle":98,"HornCleat":103,"DollysMirror":46,"Bronze Scales":7,"Snecko Eye":0,"Bag of Marbles":11}]},"card_choices":[{"not_picked":["Consecrate","InnerPeace"],"picked":"Tantrum","floor":1.0},{"not_picked":["WaveOfTheHand","ForeignInfluence","FearNoEvil"],"picked":"SKIP","floor":3.0},{"not_picked":["SashWhip","Prostrate","Nirvana"],"picked":"SKIP","floor":4.0},{"not_picked":["Halt","WreathOfFlame"],"picked":"Judgement","floor":6.0},{"not_picked":["Indignation","JustLucky","EmptyBody"],"picked":"SKIP","floor":8.0},{"not_picked":["Halt","WindmillStrike"],"picked":"Wallop","floor":11.0},{"not_picked":["Perseverance","Conclude"],"picked":"Worship","floor":12.0},{"not_picked":["Prostrate","FearNoEvil"],"picked":"Protect","floor":13.0},{"not_picked":["FollowUp","CrushJoints","BowlingBash"],"picked":"SKIP","floor":14.0},{"not_picked":["Alpha","SpiritShield"],"picked":"Wish","floor":16.0},{"not_picked":["BattleHymn","Nirvana","SashWhip"],"picked":"SKIP","floor":18.0},{"not_picked":["CutThroughFate","PathToVictory"],"picked":"Wallop","floor":20.0},{"not_picked":["FollowUp+1","FearNoEvil"],"picked":"MentalFortress","floor":21.0},{"not_picked":["Prostrate","BattleHymn","ClearTheMind"],"picked":"SKIP","floor":23.0},{"not_picked":["Indignation+1","SandsOfTime"],"picked":"DevaForm","floor":25.0},{"not_picked":["CrushJoints","FollowUp"],"picked":"MentalFortress","floor":28.0},{"not_picked":["SashWhip","Prostrate","ForeignInfluence+1"],"picked":"SKIP","floor":31.0},{"not_picked":["Wish","Alpha"],"picked":"Omniscience","floor":33.0},{"not_picked":["ClearTheMind","Protect"],"picked":"TalkToTheHand","floor":35.0},{"not_picked":["Protect","EmptyFist","BattleHymn"],"picked":"SKIP","floor":37.0},{"not_picked":["EmptyFist","BowlingBash","Consecrate"],"picked":"SKIP","floor":39.0},{"not_picked":["FlyingSleeves","PathToVictory","CrushJoints"],"picked":"SKIP","floor":40.0},{"not_picked":["CrushJoints+1","BowlingBash"],"picked":"Sanctity","floor":41.0},{"not_picked":["Perseverance+1","Judgement","CarveReality"],"picked":"SKIP","floor":42.0},{"not_picked":["Consecrate+1","Evaluate"],"picked":"Worship","floor":45.0},{"not_picked":["SashWhip","CutThroughFate","EmptyBody"],"picked":"Singing Bowl","floor":47.0},{"not_picked":["Adaptation+1","PathToVictory+1"],"picked":"DeceiveReality+1","floor":48.0}],"player_experience":1055236,"relics_obtained":[{"floor":6.0,"key":"Bronze Scales"},{"floor":8.0,"key":"Boot"},{"floor":9.0,"key":"Bag of Marbles"},{"floor":11.0,"key":"Eternal Feather"},{"floor":13.0,"key":"Damaru"},{"floor":23.0,"key":"Bag of Preparation"},{"floor":25.0,"key":"Yang"},{"floor":26.0,"key":"PreservedInsect"},{"floor":28.0,"key":"Ancient Tea Set"},{"floor":40.0,"key":"Whetstone"},{"floor":42.0,"key":"Pear"},{"floor":45.0,"key":"Singing Bowl"},{"floor":47.0,"key":"HornCleat"}],"event_choices":[{"damage_healed":0.0,"max_hp_gain":0.0,"max_hp_loss":0.0,"gold_gain":75.0,"event_name":"World of Goop","player_choice":"Gather Gold","floor":2.0,"gold_loss":0.0,"damage_taken":11.0},{"damage_healed":0.0,"max_hp_gain":0.0,"max_hp_loss":0.0,"gold_gain":0.0,"event_name":"The Library","player_choice":"Read","floor":19.0,"gold_loss":0.0,"damage_taken":0.0,"cards_obtained":["Wallop"]},{"damage_healed":0.0,"max_hp_gain":0.0,"max_hp_loss":0.0,"gold_gain":0.0,"event_name":"Forgotten Altar","player_choice":"Smashed Altar","floor":27.0,"gold_loss":0.0,"damage_taken":0.0,"cards_obtained":["Decay"]},{"damage_healed":0.0,"max_hp_gain":0.0,"max_hp_loss":0.0,"gold_gain":0.0,"event_name":"The Woman in Blue","player_choice":"Bought 2 Potions","floor":29.0,"gold_loss":0.0,"damage_taken":0.0},{"damage_healed":0.0,"max_hp_gain":0.0,"max_hp_loss":0.0,"gold_gain":0.0,"event_name":"WeMeetAgain","player_choice":"Gave Potion","floor":36.0,"gold_loss":0.0,"damage_taken":0.0,"relics_obtained":["Juzu Bracelet"]},{"damage_healed":0.0,"max_hp_gain":0.0,"max_hp_loss":0.0,"gold_gain":0.0,"event_name":"Tomb of Lord Red Mask","player_choice":"Ignored","floor":38.0,"gold_loss":0.0,"damage_taken":0.0}],"is_beta":false,"boss_relics":[{"not_picked":["Calling Bell","Runic Pyramid"],"picked":"Cursed Key"},{"not_picked":["Black Star","Coffee Dripper"],"picked":"Astrolabe"}],"items_purged_floors":[5,22,30,46],"is_endless":false,"potions_floor_spawned":[1,3,12,13,14,21,33,35,37,42,47,48],"ascension_level":20}}