{"host":"f7oa3d5f3fx74imu","time":1608342908,"event":{"mods":["AchievementEnabler","Aspiration","BaseMod","Better Altar","Better Third Choice","BetterRewards","Conspire","Downfall","Hubris","Infinite Spire","Lobotomy","Minty Spire (QoL Compilation)","Replay The Spire","Shop Mod","Spicy Shops","StSLib"],"gold_per_floor":[216,491,1857,1870,1880,1915,597,624,673,673,2127,2127,2140,2151,2151,2247,2247,2265,2276,2276,2276],"floor_reached":20,"playtime":1816,"items_purged":["Regret","Pride","SpecialBullet"],"score":346,"play_id":"60a72ced-aa08-48e5-a545-613a32ddfcc2","local_time":"20201218175508","is_ascension_mode":true,"campfire_choices":[],"circlet_count":0,"master_deck":["SpecialBullet","SpecialBullet","SpecialBullet","SpecialBullet","SpecialBullet","SpecialBullet","SpecialBullet","ControlCode","InformationCode","TrainingCode","BlueScar","SilentOrchestra","Midas Touch","Replay:Sssssssssshield","expansioncontent:DashGenerateEvil","Regret_ego","Scorched","Wingbeat","MHz","Regret_ego","Lamp+2","DaCapo","TT2Protocol","CENSORED_ego","HeroicMonk","Christmas"],"relics":["CogitoBucket","MerchantsRug","Meat on the Bone","Turnip","Oddly Smooth Stone","aspiration:HummingbirdHeart","Tiny Chest","Medical Kit","Question Card","Ginger","infinitespire:Lucky Rock","Strawberry","HandDrill","infinitespire:Joker Card","ReplayFunnel","Lantern","BargainBundle","AspirationHeart","hubris:Backtick","Mummified Hand"],"acts_visited":["Exordium","TheCity"],"potions_floor_usage":[20,20],"damage_taken":[{"damage":8,"enemies":"conspire:RoseBush","floor":1,"turns":2},{"damage":0,"enemies":"Cultist","floor":4,"turns":2},{"damage":0,"enemies":"Small Slimes","floor":5,"turns":2},{"damage":12,"enemies":"Lagavulin","floor":6,"turns":8},{"damage":7,"enemies":"Replay:BlueRogue","floor":8,"turns":8},{"damage":0,"enemies":"Blue Slaver","floor":13,"turns":7},{"damage":21,"enemies":"3 Louse","floor":14,"turns":5},{"damage":0,"enemies":"Slime Boss","floor":16,"turns":8},{"damage":0,"enemies":"3 Byrds","floor":18,"turns":2},{"damage":0,"enemies":"Spheric Guardian","floor":19,"turns":2},{"damage":97,"enemies":"conspire:HollyBat","floor":20,"turns":7}],"seed_played":"6409290842773722470","potions_obtained":[{"floor":19,"key":"Adrenaline Potion"}],"is_trial":false,"path_per_floor":["M","?","$","M","M","E","$","E","T","R","$","R","M","M","R","B",null,"M","M","M"],"character_chosen":"Angela","items_purchased":["MerchantsRug","ReplayTheSpireMod:ShopPack","Meat on the Bone","Turnip","Regret_ego","aspiration:HummingbirdHeart","Tiny Chest","Medical Kit","Question Card","Ginger","Regret_ego","Lamp+1","Regen Potion","AttackPotion","HandDrill","infinitespire:Joker Card","ReplayFunnel","Lantern","BargainBundle"],"campfire_rested":0,"item_purchase_floors":[3,3,3,3,3,7,7,7,7,7,7,7,7,7,11,11,11,11,11],"current_hp_per_floor":[62,62,62,62,62,50,50,43,50,50,50,50,68,47,47,47,87,87,87,0,0],"gold":2276,"neow_bonus":"HUNDRED_GOLD","is_daily":false,"chose_seed":false,"campfire_upgraded":0,"win_rate":0.0,"timestamp":1608342908,"path_taken":["M","?","$","M","?","E","$","E","T","R","$","R","M","M","R","BOSS","M","?","M"],"items_purchased_type":["Relic","Relic","Relic","Relic","Card","Relic","Relic","Relic","Relic","Relic","Card","Card","Potion","Potion","Relic","Relic","Relic","Card","Relic"],"build_version":"2020-12-13","purchased_purges":3,"victory":false,"max_hp_per_floor":[70,70,70,70,70,70,70,70,77,77,77,77,87,87,87,87,87,87,87,87,87],"card_choices":[{"not_picked":["FourthMatchFlame"],"picked":"BlueScar","floor":1},{"not_picked":["OldLady","MeatLantern"],"picked":"SilentOrchestra","floor":1},{"not_picked":["Sadistic Nature"],"picked":"Midas Touch","floor":3},{"not_picked":["Replay:SS_fish_3"],"picked":"Replay:Sssssssssshield","floor":3},{"not_picked":["expansioncontent:DefensiveStance"],"picked":"expansioncontent:DashGenerateEvil","floor":3},{"not_picked":["SpiderBud","CrumblingArmor"],"picked":"Scorched","floor":4},{"not_picked":["Horn","Tough"],"picked":"SKIP","floor":4},{"not_picked":["Tough","Soda"],"picked":"SKIP","floor":5},{"not_picked":["Soda"],"picked":"Wingbeat","floor":6},{"not_picked":["FairyFestival","VoidDream"],"picked":"MHz","floor":6},{"not_picked":["Christmas","Pleasure"],"picked":"DaCapo","floor":8},{"not_picked":["Heaven","TodaysExpression","Soda"],"picked":"SKIP","floor":13},{"not_picked":["Regret_ego","TodaysExpression","Discord"],"picked":"SKIP","floor":14},{"not_picked":["TheSmile","Twilight"],"picked":"CENSORED_ego","floor":16},{"not_picked":["PunishingBird","Porccubus"],"picked":"HeroicMonk","floor":18},{"not_picked":["FourthMatchFlame","Diffraction"],"picked":"Christmas","floor":18},{"not_picked":["BlackSwan_ego","Horn+1","Lantern"],"picked":"SKIP","floor":19}],"player_experience":233143,"relics_obtained":[{"floor":6,"key":"Oddly Smooth Stone"},{"floor":8,"key":"infinitespire:Lucky Rock"},{"floor":9,"key":"Strawberry"}],"event_choices":[{"damage_healed":0,"gold_gain":275,"player_choice":"Desecrate","damage_taken":0,"max_hp_gain":0,"max_hp_loss":0,"event_name":"Golden Shrine","floor":2,"gold_loss":0,"cards_obtained":["Regret"]}],"is_beta":false,"boss_relics":[{"not_picked":["Replay:Drink Me","hubris:TerracottaHorce"],"picked":"hubris:Backtick"}],"items_purged_floors":[3,7,11],"is_endless":false,"potions_floor_spawned":[5,19],"killed_by":"conspire:HollyBat","ascension_level":1}}