{"host":"12piqfhmdln9x2la","time":1608398366,"event":{"mods":["2.2 Compatiblity","AchievementEnabler","BaseMod","BetterRewards","Colored Powertips","Minty Spire (QoL Compilation)","Quick Restart","SuperFastMode"],"gold_per_floor":[12,32,46,46,56,91,103,135,135,60,60,60],"floor_reached":11,"playtime":215,"items_purged":["Strike_B"],"score":85,"play_id":"96cd1e09-9ced-4966-8fe6-1aee23b63e27","local_time":"20201220021926","is_ascension_mode":false,"campfire_choices":[],"circlet_count":0,"master_deck":["Strike_B","Strike_B","Strike_B","Defend_B","Defend_B","Defend_B","Defend_B","Zap","Dualcast","Electrodynamics","Redo","Barrage","Heatsinks","Machine Learning","Capacitor","Double Energy","Fusion"],"relics":["Cracked Core","Potion Belt","Dream Catcher","Incense Burner"],"acts_visited":["Exordium"],"potions_floor_usage":[11],"damage_taken":[{"damage":1,"enemies":"Cultist","floor":1,"turns":3},{"damage":2,"enemies":"2 Louse","floor":2,"turns":2},{"damage":10,"enemies":"Small Slimes","floor":3,"turns":2},{"damage":16,"enemies":"3 Louse","floor":5,"turns":3},{"damage":22,"enemies":"Gremlin Nob","floor":6,"turns":4},{"damage":16,"enemies":"Large Slime","floor":7,"turns":5},{"damage":4,"enemies":"3 Sentries","floor":8,"turns":3},{"damage":13,"enemies":"Lagavulin","floor":11,"turns":2}],"seed_played":"8335584233761814170","potions_obtained":[{"floor":2,"key":"SneckoOil"},{"floor":5,"key":"Ancient Potion"},{"floor":7,"key":"SteroidPotion"},{"floor":8,"key":"SteroidPotion"}],"is_trial":false,"path_per_floor":["M","M","M","$","M","E","M","E","T","$","E"],"character_chosen":"DEFECT","items_purchased":[],"campfire_rested":0,"item_purchase_floors":[],"current_hp_per_floor":[74,72,62,62,46,24,8,4,4,4,0,0],"gold":60,"neow_bonus":"THREE_RARE_CARDS","is_daily":false,"chose_seed":false,"campfire_upgraded":0,"win_rate":0.0,"timestamp":1608398366,"path_taken":["M","M","?","$","M","E","M","E","T","?","E"],"items_purchased_type":[],"build_version":"2020-12-13","purchased_purges":1,"victory":false,"max_hp_per_floor":[75,75,75,75,75,75,75,75,75,75,75,75],"card_choices":[{"not_picked":["Core Surge","Fission"],"picked":"Electrodynamics","floor":0},{"not_picked":["Coolheaded","Beam Cell"],"picked":"Redo","floor":1},{"not_picked":["Leap","Cold Snap"],"picked":"Barrage","floor":2},{"not_picked":["Beam Cell","Redo"],"picked":"Heatsinks","floor":3},{"not_picked":["Redo","Turbo"],"picked":"Machine Learning","floor":5},{"not_picked":["Leap","Coolheaded"],"picked":"Capacitor","floor":6},{"not_picked":["Self Repair","Streamline"],"picked":"Double Energy","floor":7},{"not_picked":["Barrage","Leap"],"picked":"Fusion","floor":8}],"player_experience":105582,"relics_obtained":[{"floor":6,"key":"Potion Belt"},{"floor":8,"key":"Dream Catcher"},{"floor":9,"key":"Incense Burner"}],"event_choices":[],"is_beta":false,"boss_relics":[],"items_purged_floors":[10],"is_endless":false,"potions_floor_spawned":[2,5,7,8],"killed_by":"Lagavulin","ascension_level":0}}