{"host":"auv68s8i97pkmhwr","time":1608358351,"event":{"mods":["AchievementEnabler","BaseMod","Best Route Mod","Bestiary","Better Altar","Better Match","Better Note","Better Sensory Stone","Better Skull","Better Third Choice","Better Vampires","BetterRewards","Block Reminder","Colored Map","Colored Powertips","Displayed Cursed Tome","Minty Spire (QoL Compilation)","StSLib","SuperFastMode","Uncapped","Unceasing Turn Reminder"],"gold_per_floor":[112,112,123,123,144,175,208,208,286,320,320,361,396,327,327,447,447,472,472,472,503,55,55,89,123,150,193,236,280,319,352,352,483,483,502,502,502,83,108,144,184,220,267,302,336,377,420,456,456,456,456,456,43,76,76],"floor_reached":56,"playtime":2738,"items_purged":["Pain","Writhe"],"score":2738,"play_id":"87d98fce-e4c6-4c33-bbd9-b298211b2d4d","local_time":"20201219141231","daily_mods":["Draft","Heirloom","Time Dilation","Flight","DeadlyEvents","Elite Swarm"],"is_ascension_mode":true,"campfire_choices":[{"data":"Self Repair","floor":8,"key":"SMITH"},{"data":"Self Repair","floor":11,"key":"SMITH"},{"data":"Creative AI","floor":15,"key":"SMITH"},{"data":"Defragment","floor":23,"key":"SMITH"},{"data":"Capacitor","floor":32,"key":"SMITH"},{"floor":49,"key":"RECALL"},{"data":"White Noise","floor":52,"key":"SMITH"}],"circlet_count":0,"master_deck":["AscendersBane","Sweeping Beam","Hologram","Cold Snap","Ball Lightning","Glacier","Leap","Ball Lightning","Undo","Self Repair+1","Self Repair+1","Coolheaded","Genetic Algorithm","Beam Cell","Compile Driver","White Noise+1","Streamline","Electrodynamics","Creative AI+1","Defragment+1","Echo Form","Capacitor+1","Biased Cognition","Biased Cognition","Capacitor","Apotheosis+1","Seek+1","Fission+1"],"relics":["Cracked Core","Calipers","Golden Idol","StoneCalendar","White Beast Statue","Letter Opener","Symbiotic Virus","Mummified Hand","Gremlin Horn","Cursed Key","WarpedTongs","Bird Faced Urn","OrangePellets","Anchor","Cables","Lizard Tail","Regal Pillow","PreservedInsect","Nunchaku","Omamori","Thread and Needle","Runic Dome","Toxic Egg 2","Bag of Preparation","DataDisk","TungstenRod","Lantern","Pear","Vajra","Bronze Scales","CeramicFish","Happy Flower","Torii","Bottled Lightning"],"acts_visited":["Exordium","TheCity","TheBeyond","TheEnding"],"potions_floor_usage":[13,24,27,27,29,31,33,39,40,40,44,44,44,44,45,46,48,50,50,55],"damage_taken":[{"damage":0,"enemies":"Cultist","floor":1,"turns":3},{"damage":1,"enemies":"2 Louse","floor":3,"turns":2},{"damage":1,"enemies":"Jaw Worm","floor":5,"turns":2},{"damage":25,"enemies":"3 Sentries","floor":6,"turns":8},{"damage":12,"enemies":"Gremlin Nob","floor":7,"turns":4},{"damage":26,"enemies":"3 Sentries","floor":10,"turns":5},{"damage":22,"enemies":"Gremlin Nob","floor":12,"turns":4},{"damage":0,"enemies":"Lagavulin","floor":13,"turns":6},{"damage":19,"enemies":"The Guardian","floor":16,"turns":7},{"damage":0,"enemies":"Spheric Guardian","floor":18,"turns":3},{"damage":31,"enemies":"Book of Stabbing","floor":21,"turns":5},{"damage":25,"enemies":"Gremlin Leader","floor":24,"turns":5},{"damage":16,"enemies":"Book of Stabbing","floor":25,"turns":4},{"damage":3,"enemies":"Gremlin Leader","floor":27,"turns":3},{"damage":23,"enemies":"Book of Stabbing","floor":28,"turns":4},{"damage":0,"enemies":"Slavers","floor":29,"turns":3},{"damage":10,"enemies":"Book of Stabbing","floor":30,"turns":4},{"damage":6,"enemies":"Slavers","floor":31,"turns":2},{"damage":27,"enemies":"Collector","floor":33,"turns":6},{"damage":0,"enemies":"Orb Walker","floor":35,"turns":3},{"damage":0,"enemies":"3 Shapes","floor":39,"turns":2},{"damage":0,"enemies":"Nemesis","floor":40,"turns":7},{"damage":0,"enemies":"Giant Head","floor":41,"turns":5},{"damage":0,"enemies":"Reptomancer","floor":42,"turns":1},{"damage":0,"enemies":"Giant Head","floor":44,"turns":3},{"damage":0,"enemies":"Reptomancer","floor":45,"turns":3},{"damage":0,"enemies":"Nemesis","floor":46,"turns":3},{"damage":0,"enemies":"Giant Head","floor":47,"turns":4},{"damage":0,"enemies":"Nemesis","floor":48,"turns":3},{"damage":15,"enemies":"Awakened One","floor":50,"turns":7},{"damage":0,"enemies":"Shield and Spear","floor":54,"turns":3},{"damage":0,"enemies":"The Heart","floor":55,"turns":6}],"seed_played":"-5425125650359262903","potions_obtained":[{"floor":5,"key":"GamblersBrew"},{"floor":10,"key":"SteroidPotion"},{"floor":12,"key":"SneckoOil"},{"floor":13,"key":"Fire Potion"},{"floor":16,"key":"EssenceOfDarkness"},{"floor":18,"key":"Block Potion"},{"floor":24,"key":"Explosive Potion"},{"floor":27,"key":"Explosive Potion"},{"floor":28,"key":"ColorlessPotion"},{"floor":29,"key":"SpeedPotion"},{"floor":30,"key":"Strength Potion"},{"floor":31,"key":"Block Potion"},{"floor":33,"key":"PowerPotion"},{"floor":35,"key":"Strength Potion"},{"floor":39,"key":"EntropicBrew"},{"floor":40,"key":"Explosive Potion"},{"floor":41,"key":"LiquidBronze"},{"floor":44,"key":"Fruit Juice"},{"floor":45,"key":"EssenceOfDarkness"},{"floor":46,"key":"Fire Potion"},{"floor":47,"key":"Regen Potion"},{"floor":48,"key":"Fire Potion"},{"floor":54,"key":"FearPotion"}],"is_trial":true,"path_per_floor":["M","?","M","?","M","E","E","R","T","E","R","E","E","$","R","B",null,"M","?","?","E","$","R","E","E","T","E","E","E","E","E","R","B",null,"M","?","?","$","M","E","E","E","T","E","E","E","E","E","R","B",null,"R","$","E","B",null],"character_chosen":"DEFECT","items_purchased":["Defragment","OrangePellets","Capacitor","Anchor","Toxic Egg 2","Apotheosis+1","Torii"],"campfire_rested":0,"item_purchase_floors":[14,22,22,22,38,38,53],"current_hp_per_floor":[75,68,74,56,55,44,46,46,46,37,37,35,55,55,55,56,70,75,75,75,74,74,74,75,71,71,75,75,75,75,75,75,75,75,75,71,71,71,71,71,71,71,71,81,86,86,86,86,86,86,86,86,86,86,86],"gold":76,"neow_bonus":"","is_daily":false,"chose_seed":false,"campfire_upgraded":6,"win_rate":0.0,"timestamp":1608358351,"path_taken":["M","?","M","?","M","E","E","R","T","E","R","E","E","?","R","BOSS","M","?","?","?","?","R","E","E","T","E","E","E","E","E","R","BOSS","M","?","?","?","?","E","E","E","T","E","E","E","E","E","R","BOSS","R","$","E","BOSS"],"items_purchased_type":["Card","Relic","Card","Relic","Relic","Card","Relic"],"build_version":"2020-12-13","purchased_purges":2,"victory":true,"max_hp_per_floor":[75,75,75,75,75,75,75,75,75,75,75,75,75,75,75,75,75,75,75,75,75,75,75,75,75,75,75,75,75,75,75,75,75,75,75,71,71,71,71,71,71,71,71,81,86,86,86,86,86,86,86,86,86,86,86],"card_choices":[{"not_picked":["Barrage","Cold Snap"],"picked":"Sweeping Beam","floor":0},{"not_picked":["Stack","Turbo"],"picked":"Hologram","floor":0},{"not_picked":["Turbo","Go for the Eyes"],"picked":"Cold Snap","floor":0},{"not_picked":["Barrage","Cold Snap"],"picked":"Ball Lightning","floor":0},{"not_picked":["Redo","Melter"],"picked":"Glacier","floor":0},{"not_picked":["Reinforced Body","Barrage"],"picked":"Leap","floor":0},{"not_picked":["Fusion","Genetic Algorithm"],"picked":"Ball Lightning","floor":0},{"not_picked":["Compile Driver","Scrape"],"picked":"Undo","floor":0},{"not_picked":["Glacier","Beam Cell"],"picked":"Self Repair","floor":0},{"not_picked":["Rebound","Beam Cell"],"picked":"Self Repair","floor":0},{"not_picked":["FTL","Darkness"],"picked":"Coolheaded","floor":0},{"not_picked":["Self Repair","Coolheaded"],"picked":"Genetic Algorithm","floor":0},{"not_picked":["Chaos","Hologram"],"picked":"Beam Cell","floor":0},{"not_picked":["Go for the Eyes","Hologram"],"picked":"Compile Driver","floor":0},{"not_picked":["Stack","Compile Driver"],"picked":"Doom and Gloom","floor":0},{"not_picked":["Cold Snap","Gash"],"picked":"White Noise","floor":1},{"not_picked":["Leap","Cold Snap"],"picked":"Streamline","floor":3},{"not_picked":["Ball Lightning","Gash","Stack"],"picked":"SKIP","floor":5},{"not_picked":["Machine Learning","Echo Form"],"picked":"Electrodynamics","floor":6},{"not_picked":["Machine Learning","Reboot","Fission"],"picked":"SKIP","floor":7},{"not_picked":["Reboot","Seek","Hyperbeam"],"picked":"SKIP","floor":10},{"not_picked":["Core Surge","Reboot"],"picked":"Creative AI","floor":12},{"not_picked":["Meteor Strike","Seek","Electrodynamics"],"picked":"SKIP","floor":13},{"not_picked":["Thunder Strike","Meteor Strike"],"picked":"Echo Form","floor":16},{"not_picked":["Turbo","Lockon","Leap"],"picked":"SKIP","floor":18},{"not_picked":["Fission","Reboot","Electrodynamics"],"picked":"SKIP","floor":21},{"not_picked":["Fission","Meteor Strike","Machine Learning"],"picked":"SKIP","floor":24},{"not_picked":["Machine Learning","Reboot","Electrodynamics"],"picked":"SKIP","floor":25},{"not_picked":["Electrodynamics","Hyperbeam","Echo Form"],"picked":"SKIP","floor":27},{"not_picked":["Reboot","Thunder Strike","Electrodynamics"],"picked":"SKIP","floor":28},{"not_picked":["Fission","Reboot","Thunder Strike"],"picked":"SKIP","floor":29},{"not_picked":["Echo Form","Buffer"],"picked":"Biased Cognition","floor":30},{"not_picked":["Fission","Electrodynamics","Seek"],"picked":"SKIP","floor":31},{"not_picked":["Meteor Strike","Amplify"],"picked":"Biased Cognition","floor":33},{"not_picked":["Reinforced Body+1","Skim+1"],"picked":"Capacitor","floor":35},{"not_picked":["Beam Cell","Rebound","Turbo+1"],"picked":"SKIP","floor":39},{"not_picked":["Thunder Strike","Multi-Cast+1","Reboot+1"],"picked":"SKIP","floor":40},{"not_picked":["Thunder Strike","Multi-Cast+1","Reboot+1"],"picked":"SKIP","floor":40},{"not_picked":["Core Surge","Buffer"],"picked":"Seek+1","floor":41},{"not_picked":["Core Surge","Multi-Cast+1"],"picked":"Fission+1","floor":42},{"not_picked":["All For One","Thunder Strike","Biased Cognition"],"picked":"SKIP","floor":44},{"not_picked":["Electrodynamics","Meteor Strike","Biased Cognition"],"picked":"SKIP","floor":45},{"not_picked":["Thunder Strike","Machine Learning","Hyperbeam"],"picked":"SKIP","floor":46},{"not_picked":["Reboot+1","Fission+1","Multi-Cast+1"],"picked":"SKIP","floor":47},{"not_picked":["Amplify+1","Echo Form","Buffer"],"picked":"SKIP","floor":48},{"not_picked":["Thunder Strike","Reboot+1","Buffer"],"picked":"SKIP","floor":54}],"player_experience":1233734,"relics_obtained":[{"floor":6,"key":"StoneCalendar"},{"floor":7,"key":"White Beast Statue"},{"floor":9,"key":"Letter Opener"},{"floor":10,"key":"Symbiotic Virus"},{"floor":12,"key":"Mummified Hand"},{"floor":13,"key":"Gremlin Horn"},{"floor":21,"key":"Bird Faced Urn"},{"floor":24,"key":"Cables"},{"floor":25,"key":"Lizard Tail"},{"floor":27,"key":"Regal Pillow"},{"floor":28,"key":"PreservedInsect"},{"floor":29,"key":"Nunchaku"},{"floor":30,"key":"Omamori"},{"floor":31,"key":"Thread and Needle"},{"floor":40,"key":"Bag of Preparation"},{"floor":41,"key":"DataDisk"},{"floor":42,"key":"TungstenRod"},{"floor":43,"key":"Lantern"},{"floor":44,"key":"Pear"},{"floor":45,"key":"Vajra"},{"floor":46,"key":"Bronze Scales"},{"floor":47,"key":"CeramicFish"},{"floor":48,"key":"Happy Flower"},{"floor":54,"key":"Bottled Lightning"}],"event_choices":[{"cards_removed":["Doom and Gloom"],"damage_healed":0,"gold_gain":0,"player_choice":"Card Removal","damage_taken":7,"max_hp_gain":0,"max_hp_loss":0,"event_name":"Golden Wing","floor":2,"gold_loss":0},{"damage_healed":0,"gold_gain":0,"player_choice":"Take Damage","damage_taken":18,"relics_obtained":["Golden Idol"],"max_hp_gain":0,"max_hp_loss":0,"event_name":"Golden Idol","floor":4,"gold_loss":0},{"damage_healed":0,"gold_gain":0,"player_choice":"Ignored","damage_taken":0,"max_hp_gain":0,"max_hp_loss":0,"event_name":"betterNote:BetterNote","floor":19,"gold_loss":0,"cards_obtained":["Ball Lightning"]},{"damage_healed":0,"gold_gain":0,"player_choice":"Rummage","damage_taken":0,"relics_obtained":["WarpedTongs"],"max_hp_gain":0,"max_hp_loss":0,"event_name":"Accursed Blacksmith","floor":20,"gold_loss":0,"cards_obtained":["Pain"]},{"damage_healed":0,"gold_gain":0,"player_choice":"Max HP","damage_taken":0,"max_hp_gain":0,"max_hp_loss":4,"event_name":"Winding Halls","floor":36,"gold_loss":0},{"damage_healed":0,"gold_gain":0,"player_choice":"Ignored","damage_taken":0,"max_hp_gain":0,"max_hp_loss":0,"event_name":"Tomb of Lord Red Mask","floor":37,"gold_loss":0}],"is_beta":false,"boss_relics":[{"not_picked":["Black Star","Empty Cage"],"picked":"Cursed Key"},{"not_picked":["Velvet Choker","Snecko Eye"],"picked":"Runic Dome"}],"items_purged_floors":[22,53],"is_endless":false,"potions_floor_spawned":[5,10,12,13,16,18,21,24,25,27,28,29,30,31,33,35,39,40,41,42,44,45,46,47,48,54],"ascension_level":10}}