{"host":"5mo0809oo9tcrmpl","time":1608338532,"event":{"mods":["BaseMod","Highlight Path","Minty Spire (QoL Compilation)","Relic Stats","Slay the Relics Exporter"],"gold_per_floor":[112,124,124,134,134,159,159,194,194,194,207,5,5,40,40,118,118,133,144,160,160,38,38,66,66,66,92,92,106,121,121,121,193,193,206,220,10,35,89,89,116,131,177,217,217,245,245,266,266,266,266,266,266,19,47,47,47],"floor_reached":56,"playtime":4149,"items_purged":["Strike_B","Strike_B"],"score":1926,"play_id":"119bc342-5c18-4990-8c9c-4100e462d6cc","local_time":"20201218184212","is_ascension_mode":true,"campfire_choices":[{"floor":7.0,"key":"REST"},{"floor":10.0,"key":"REST"},{"data":"Dualcast","floor":13.0,"key":"SMITH"},{"floor":15.0,"key":"REST"},{"data":"Hologram","floor":23.0,"key":"SMITH"},{"floor":25.0,"key":"REST"},{"data":"Melter","floor":28.0,"key":"SMITH"},{"floor":32.0,"key":"REST"},{"data":"Defragment","floor":40.0,"key":"SMITH"},{"data":"Defragment","floor":45.0,"key":"SMITH"},{"floor":47.0,"key":"RECALL"},{"floor":49.0,"key":"REST"},{"data":"Seek","floor":53.0,"key":"SMITH"}],"circlet_count":0,"master_deck":["AscendersBane","Strike_B","Defend_B","Defend_B+1","Defend_B+1","Defend_B","Zap+1","Dualcast+1","Steam+1","Melter+1","Ball Lightning","Cold Snap","Rebound","Cold Snap","Hologram+1","Echo Form","Conserve Battery","Reinforced Body+1","Go for the Eyes+1","Steam Power","Electrodynamics","Sunder","Defragment+1","Defragment+1","Coolheaded","Coolheaded","Loop","White Noise+1","Seek+1","Reinforced Body"],"relics":["Cracked Core","MealTicket","Gremlin Horn","Shuriken","Membership Card","Mercury Hourglass","Runic Dome","Happy Flower","Blue Candle","Bottled Flame","Oddly Smooth Stone","Runic Pyramid","Bird Faced Urn","Prayer Wheel","CaptainsWheel","Meat on the Bone","CeramicFish","HornCleat","Bag of Marbles"],"acts_visited":["Exordium","TheCity","TheBeyond","TheEnding"],"potions_floor_usage":[56],"damage_taken":[{"damage":2.0,"enemies":"Jaw Worm","floor":1.0,"turns":3.0},{"damage":0.0,"enemies":"Small Slimes","floor":2.0,"turns":2.0},{"damage":6.0,"enemies":"Cultist","floor":4.0,"turns":3.0},{"damage":26.0,"enemies":"3 Sentries","floor":6.0,"turns":7.0},{"damage":7.0,"enemies":"Lagavulin","floor":8.0,"turns":5.0},{"damage":23.0,"enemies":"Exordium Wildlife","floor":11.0,"turns":4.0},{"damage":14.0,"enemies":"Gremlin Nob","floor":14.0,"turns":4.0},{"damage":20.0,"enemies":"Slime Boss","floor":16.0,"turns":7.0},{"damage":0.0,"enemies":"Spheric Guardian","floor":18.0,"turns":1.0},{"damage":0.0,"enemies":"3 Byrds","floor":19.0,"turns":2.0},{"damage":8.0,"enemies":"3 Cultists","floor":20.0,"turns":5.0},{"damage":19.0,"enemies":"Gremlin Leader","floor":24.0,"turns":6.0},{"damage":23.0,"enemies":"Book of Stabbing","floor":27.0,"turns":7.0},{"damage":0.0,"enemies":"Cultist and Chosen","floor":29.0,"turns":5.0},{"damage":15.0,"enemies":"Shelled Parasite and Fungi","floor":30.0,"turns":3.0},{"damage":18.0,"enemies":"Automaton","floor":33.0,"turns":11.0},{"damage":1.0,"enemies":"Orb Walker","floor":35.0,"turns":4.0},{"damage":9.0,"enemies":"3 Shapes","floor":36.0,"turns":3.0},{"damage":0.0,"enemies":"Mind Bloom Boss Battle","floor":38.0,"turns":7.0},{"damage":19.0,"enemies":"2 Orb Walkers","floor":39.0,"turns":4.0},{"damage":28.0,"enemies":"Nemesis","floor":41.0,"turns":11.0},{"damage":11.0,"enemies":"Transient","floor":42.0,"turns":6.0},{"damage":0.0,"enemies":"Reptomancer","floor":44.0,"turns":5.0},{"damage":17.0,"enemies":"Writhing Mass","floor":46.0,"turns":6.0},{"damage":30.0,"enemies":"Jaw Worm Horde","floor":48.0,"turns":5.0},{"damage":23.0,"enemies":"Donu and Deca","floor":50.0,"turns":13.0},{"damage":62.0,"enemies":"Time Eater","floor":51.0,"turns":7.0},{"damage":40.0,"enemies":"Shield and Spear","floor":55.0,"turns":10.0},{"damage":90,"enemies":"The Heart","floor":56,"turns":12}],"seed_played":"-8367035518950471450","potions_obtained":[{"floor":2.0,"key":"Weak Potion"},{"floor":11.0,"key":"SpeedPotion"},{"floor":16.0,"key":"PowerPotion"},{"floor":20.0,"key":"PotionOfCapacity"},{"floor":29.0,"key":"SkillPotion"},{"floor":30.0,"key":"Strength Potion"},{"floor":36.0,"key":"ColorlessPotion"},{"floor":39.0,"key":"PowerPotion"},{"floor":44.0,"key":"SpeedPotion"},{"floor":46.0,"key":"PotionOfCapacity"}],"is_trial":false,"path_per_floor":["M","M","?","M","?","E","R","E","T","R","M","$","R","E","R","B",null,"M","M","M","?","$","R","E","R","T","E","R","M","M","?","R","B",null,"M","M","$","?","?","R","E","M","T","E","R","M","R","M","R","B","B",null,"R","$","E","B"],"character_chosen":"DEFECT","items_purchased":["Membership Card","Block Potion","Happy Flower","Defragment","Bird Faced Urn","HornCleat","FairyPotion"],"campfire_rested":6,"item_purchase_floors":[12,12,22,37,37,54,54],"current_hp_per_floor":[62,62,41,35,28,2,23,16,16,37,14,29,29,15,36,16,57,57,57,49,29,44,44,25,47,47,24,24,24,9,9,31,13,60,59,50,65,73,60,60,44,43,43,55,55,48,48,44,66,57,25,63,63,76,48,0,0],"gold":47,"neow_bonus":"UPGRADE_CARD","is_daily":false,"chose_seed":false,"campfire_upgraded":6,"win_rate":0.0,"timestamp":1608338532,"path_taken":["M","M","?","M","?","E","R","E","T","R","M","?","R","E","R","BOSS","M","M","M","?","$","R","E","R","T","E","R","M","M","?","R","BOSS","M","M","$","?","?","R","E","M","T","E","R","M","R","M","R","BOSS","BOSS","R","$","E","BOSS"],"items_purchased_type":["Relic","Potion","Relic","Card","Relic","Relic","Potion"],"build_version":"2020-12-13","purchased_purges":2,"victory":false,"max_hp_per_floor":[71,71,71,71,71,71,71,71,71,71,71,71,71,71,71,71,71,71,71,71,76,76,76,76,76,76,76,76,76,76,76,76,76,76,76,76,76,76,76,76,76,76,76,76,76,76,76,76,76,76,76,76,76,76,76,76,76],"relic_stats":{"Gremlin Horn":[29,29],"Happy Flower":[41],"counters":[29,168],"Shuriken":[54],"Blue Candle":[0],"Bird Faced Urn":[130],"CeramicFish":36,"MealTicket":58,"Prayer Wheel":3,"obtain_stats":[{"Gremlin Horn":8,"Happy Flower":22,"Blue Candle":24,"CeramicFish":44,"Oddly Smooth Stone":27,"Mercury Hourglass":14,"Runic Dome":17,"Bottled Flame":26,"CaptainsWheel":39,"HornCleat":54,"Shuriken":9,"Bird Faced Urn":37,"MealTicket":6,"Prayer Wheel":38,"Bag of Marbles":55,"Membership Card":12,"Cracked Core":0,"Runic Pyramid":34,"Meat on the Bone":41},{"Gremlin Horn":5,"Happy Flower":11,"Blue Candle":12,"CeramicFish":23,"Oddly Smooth Stone":13,"Mercury Hourglass":7,"Runic Dome":8,"Bottled Flame":12,"CaptainsWheel":20,"HornCleat":27,"Shuriken":5,"Bird Faced Urn":18,"MealTicket":4,"Prayer Wheel":19,"Bag of Marbles":28,"Membership Card":6,"Cracked Core":0,"Runic Pyramid":16,"Meat on the Bone":21},{"Gremlin Horn":20,"Happy Flower":43,"Blue Candle":49,"CeramicFish":115,"Oddly Smooth Stone":56,"Mercury Hourglass":28,"Runic Dome":35,"Bottled Flame":49,"CaptainsWheel":93,"HornCleat":146,"Shuriken":20,"Bird Faced Urn":82,"MealTicket":15,"Prayer Wheel":89,"Bag of Marbles":156,"Membership Card":24,"Cracked Core":0,"Runic Pyramid":75,"Meat on the Bone":104}],"Mercury Hourglass":[465],"Meat on the Bone":24},"card_choices":[{"not_picked":["Barrage","Skim"],"picked":"Steam","floor":1.0},{"not_picked":["Steam Power","Undo"],"picked":"Melter","floor":2.0},{"not_picked":["Rebound","Conserve Battery"],"picked":"Ball Lightning","floor":4.0},{"not_picked":["Rainbow","Fusion"],"picked":"Cold Snap","floor":6.0},{"not_picked":["Compile Driver","Tempest"],"picked":"Rebound","floor":8.0},{"not_picked":["Reprogram","Conserve Battery"],"picked":"Cold Snap","floor":11.0},{"not_picked":["Fission","Redo"],"picked":"Hologram","floor":14.0},{"not_picked":["Rainbow","Hyperbeam"],"picked":"Echo Form","floor":16.0},{"not_picked":["Ball Lightning","Go for the Eyes"],"picked":"Conserve Battery","floor":18.0},{"not_picked":["Ball Lightning+1","Turbo"],"picked":"Reinforced Body+1","floor":19.0},{"not_picked":["Lockon","Compile Driver","Stack"],"picked":"SKIP","floor":20.0},{"not_picked":["Meteor Strike","Consume"],"picked":"Go for the Eyes+1","floor":24.0},{"not_picked":["Blizzard","Conserve Battery","Heatsinks"],"picked":"SKIP","floor":27.0},{"not_picked":["Barrage","Hello World"],"picked":"Steam Power","floor":29.0},{"not_picked":["Lockon","Cold Snap","Steam"],"picked":"SKIP","floor":30.0},{"not_picked":["Amplify","Fission"],"picked":"Electrodynamics","floor":33.0},{"not_picked":["Recycle","White Noise"],"picked":"Sunder","floor":35.0},{"not_picked":["Rebound","Leap"],"picked":"Defragment","floor":36.0},{"not_picked":["Rip and Tear","Steam"],"picked":"Coolheaded","floor":39.0},{"not_picked":["Thunder Strike","Hologram"],"picked":"Coolheaded","floor":41.0},{"not_picked":["Turbo","Cold Snap+1","Rebound"],"picked":"SKIP","floor":42.0},{"not_picked":["Cold Snap","Conserve Battery","Blizzard"],"picked":"SKIP","floor":42.0},{"not_picked":["Barrage+1","Redo+1"],"picked":"Loop","floor":44.0},{"not_picked":["Hologram+1","Storm"],"picked":"White Noise+1","floor":46.0},{"not_picked":["Gash","Turbo+1"],"picked":"Seek","floor":46.0},{"not_picked":["Stack","BootSequence+1"],"picked":"Reinforced Body","floor":48.0},{"not_picked":["Go for the Eyes+1","Ball Lightning","Leap"],"picked":"SKIP","floor":48.0},{"not_picked":["Sweeping Beam","Beam Cell","Redo+1"],"picked":"SKIP","floor":55.0}],"player_experience":1280513,"relics_obtained":[{"floor":6.0,"key":"MealTicket"},{"floor":8.0,"key":"Gremlin Horn"},{"floor":9.0,"key":"Shuriken"},{"floor":14.0,"key":"Mercury Hourglass"},{"floor":24.0,"key":"Blue Candle"},{"floor":26.0,"key":"Bottled Flame"},{"floor":27.0,"key":"Oddly Smooth Stone"},{"floor":38.0,"key":"Prayer Wheel"},{"floor":39.0,"key":"CaptainsWheel"},{"floor":41.0,"key":"Meat on the Bone"},{"floor":44.0,"key":"CeramicFish"},{"floor":55.0,"key":"Bag of Marbles"}],"event_choices":[{"damage_healed":0.0,"max_hp_gain":0.0,"max_hp_loss":0.0,"gold_gain":0.0,"event_name":"Shining Light","player_choice":"Entered Light","floor":3.0,"gold_loss":0.0,"damage_taken":21.0,"cards_upgraded":["Defend_B","Defend_B"]},{"cards_removed":["Strike_B"],"damage_healed":0.0,"max_hp_gain":0.0,"max_hp_loss":0.0,"gold_gain":0.0,"event_name":"Golden Wing","player_choice":"Card Removal","floor":5.0,"gold_loss":0.0,"damage_taken":7.0},{"damage_healed":0.0,"max_hp_gain":5.0,"max_hp_loss":0.0,"gold_gain":0.0,"event_name":"Forgotten Altar","player_choice":"Shed Blood","floor":21.0,"gold_loss":0.0,"damage_taken":25.0},{"damage_healed":0.0,"max_hp_gain":0.0,"max_hp_loss":0.0,"gold_gain":0.0,"event_name":"Upgrade Shrine","player_choice":"Upgraded","floor":31.0,"gold_loss":0.0,"damage_taken":0.0,"cards_upgraded":["Steam"]},{"damage_healed":0.0,"max_hp_gain":0.0,"max_hp_loss":0.0,"gold_gain":0.0,"event_name":"MindBloom","player_choice":"Fight","floor":38.0,"gold_loss":0.0,"damage_taken":0.0},{"damage_healed":0.0,"max_hp_gain":0.0,"max_hp_loss":0.0,"gold_gain":0.0,"event_name":"Mysterious Sphere","player_choice":"Fight","floor":39.0,"gold_loss":0.0,"damage_taken":0.0}],"is_beta":false,"boss_relics":[{"not_picked":["SacredBark","Philosopher\u0027s Stone"],"picked":"Runic Dome"},{"not_picked":["Cursed Key","Busted Crown"],"picked":"Runic Pyramid"}],"items_purged_floors":[22,54],"is_endless":false,"potions_floor_spawned":[2,11,16,18,20,29,30,36,39,44,46],"killed_by":"The Heart","ascension_level":20}}