{"host":"k6v1xkuzrj71f4ss","time":1608400284,"event":{"mods":["Act Like it!","BaseMod","Bestiary","BetterRewards","Block Reminder","Colored Map","Colored Powertips","Curses Come First","Hubris","Minty Spire (QoL Compilation)","Quick Restart","Relic Stats","Remove Card Discount Mod","Spicy Shops","StSLib","óô»ðÖ¸ÄÏ"],"gold_per_floor":[111,123,3195,3195,2568,2568,2601,2601,2601,2601,2601,2632,2660,2676,2676,2776,2776,2788,2799,2811,2811,2811,2811,2843,2861,2861,2896,2996,3023,3023,3043,3043,3143,3143,3163,3163,3163,3176,3176,3203,3215,3226,3226,3238,3269,2391,2424,2451,2451,2451],"floor_reached":51,"playtime":3254,"items_purged":["Defend_R","Defend_R","Strike_R","Pride","Strike_R","Parasite","Strike_R","Defend_R","Pommel Strike","Defend_R+1"],"score":1149,"play_id":"7bc9e2cc-5ef1-4931-84c1-5a37f36c9ef8","local_time":"20201220015124","is_ascension_mode":true,"campfire_choices":[{"data":"hubris:EnhanceAbility","floor":6,"key":"SMITH"},{"data":"hubris:StunningStrike","floor":10,"key":"SMITH"},{"data":"Whirlwind","floor":15,"key":"SMITH"},{"data":"Anger","floor":23,"key":"SMITH"},{"data":"RitualDagger","floor":32,"key":"SMITH"},{"data":"Heavy Blade","floor":49,"key":"SMITH"}],"circlet_count":0,"master_deck":["Bash","hubris:StunningStrike+1","Twin Strike","Iron Wave","Flex+1","Double Tap+1","hubris:EnhanceAbility+1","Iron Wave","Iron Wave","Whirlwind+1","Impervious","Anger+1","Pummel+1","Anger+1","RitualDagger+1","Limit Break+1","Dramatic Entrance","Violence+1","Sadistic Nature","Anger+1","Heavy Blade+1"],"relics":["Burning Blood","Lantern","Bag of Marbles","Lee\u0027s Waffle","Mango","Strange Spoon","InkBottle","Shuriken","Matryoshka","Paper Frog","Boot","hubris:Metronome","Bottled Flame","Gremlin Horn","Odd Mushroom","Coffee Dripper","hubris:Towel","hubris:GlazedTorus","Pen Nib","hubris:DeckOfHolding","Red Mask","Mummified Hand","Incense Burner","hubris:BottledRain","Sozu","hubris:SphereOfDissonance","hubris:Zylophone","Kunai","Toxic Egg 2","Pear","hubris:Potato","Happy Flower","War Paint"],"acts_visited":["Exordium","TheCity","TheBeyond"],"potions_floor_usage":[3,28,28,40,50,50],"damage_taken":[{"damage":0,"enemies":"Small Slimes","floor":1,"turns":3},{"damage":4,"enemies":"Jaw Worm","floor":2,"turns":5},{"damage":0,"enemies":"Gremlin Nob","floor":7,"turns":1},{"damage":0,"enemies":"Lagavulin","floor":12,"turns":3},{"damage":0,"enemies":"The Mushroom Lair","floor":13,"turns":2},{"damage":0,"enemies":"2 Louse","floor":14,"turns":1},{"damage":34,"enemies":"Hexaghost","floor":16,"turns":4},{"damage":0,"enemies":"3 Byrds","floor":18,"turns":3},{"damage":0,"enemies":"2 Thieves","floor":19,"turns":1},{"damage":11,"enemies":"Sentry and Sphere","floor":20,"turns":3},{"damage":0,"enemies":"Book of Stabbing","floor":24,"turns":2},{"damage":0,"enemies":"Snake Plant","floor":25,"turns":1},{"damage":0,"enemies":"Masked Bandits","floor":27,"turns":1},{"damage":0,"enemies":"Colosseum Slavers","floor":28,"turns":2},{"damage":0,"enemies":"Colosseum Nobs","floor":28,"turns":1},{"damage":0,"enemies":"Slavers","floor":29,"turns":1},{"damage":0,"enemies":"Shelled Parasite and Fungi","floor":31,"turns":1},{"damage":17,"enemies":"Collector","floor":33,"turns":4},{"damage":0,"enemies":"3 Darklings","floor":35,"turns":2},{"damage":0,"enemies":"Orb Walker","floor":38,"turns":1},{"damage":0,"enemies":"Reptomancer","floor":40,"turns":1},{"damage":28,"enemies":"Writhing Mass","floor":41,"turns":3},{"damage":42,"enemies":"3 Darklings","floor":42,"turns":3},{"damage":4,"enemies":"4 Shapes","floor":44,"turns":1},{"damage":0,"enemies":"Nemesis","floor":45,"turns":1},{"damage":0,"enemies":"Reptomancer","floor":47,"turns":1},{"damage":24,"enemies":"hubris:GrandSnecko","floor":50,"turns":2}],"seed_played":"1486389510763129566","potions_obtained":[{"floor":1,"key":"Strength Potion"},{"floor":14,"key":"FearPotion"},{"floor":16,"key":"BlessingOfTheForge"},{"floor":28,"key":"Fruit Juice"},{"floor":29,"key":"Swift Potion"}],"is_trial":false,"path_per_floor":["M","M","$","?","$","R","E","?","T","R","?","E","?","M","R","B",null,"M","M","M","?","?","R","E","M","T","?","?","E","?","M","R","B",null,"M","?","?","M","?","E","M","M","T","M","E","R","E","T","R","B",null],"character_chosen":"IRONCLAD","items_purchased":["Flex","Double Tap","hubris:EnhanceAbility","Lantern","Bag of Marbles","Lee\u0027s Waffle","Mango","Strange Spoon","InkBottle","Fruit Juice","Iron Wave","Shuriken","Matryoshka","Paper Frog","Heavy Blade","Toxic Egg 2","Pear","hubris:Potato"],"campfire_rested":0,"item_purchase_floors":[3,3,3,3,3,3,3,3,3,3,5,5,5,5,46,46,46,46],"current_hp_per_floor":[72,72,98,78,78,78,84,84,84,84,84,90,96,98,98,70,98,98,98,93,93,93,93,98,98,98,98,103,103,97,103,103,92,103,103,103,93,99,99,103,81,45,45,47,53,63,69,69,69,51],"gold":2451,"neow_bonus":"TRANSFORM_TWO_CARDS","is_daily":false,"chose_seed":false,"campfire_upgraded":6,"win_rate":0.0,"timestamp":1608400284,"path_taken":["M","M","$","?","$","R","E","?","T","R","?","E","?","M","R","BOSS","M","M","M","?","?","R","E","?","T","?","?","E","?","M","R","BOSS","M","?","?","M","?","E","M","M","T","M","E","R","E","?","R","BOSS"],"items_purchased_type":["Card","Card","Card","Relic","Relic","Relic","Relic","Relic","Relic","Potion","Card","Relic","Relic","Relic","Card","Relic","Relic","Relic"],"build_version":"2020-12-13","purchased_purges":10,"victory":true,"max_hp_per_floor":[72,72,98,98,98,98,98,98,98,98,98,98,98,98,98,98,98,98,98,98,98,98,98,98,98,98,98,103,103,103,103,103,103,103,103,103,103,103,103,103,103,103,103,103,103,110,110,110,110,110],"relic_stats":{"Lee\u0027s Waffle":7,"Gremlin Horn":[23,23],"Happy Flower":[0],"counters":[27,54],"Pen Nib":[8],"War Paint":["Violence","Limit Break"],"Boot":[6],"Burning Blood":99,"Sozu":3,"Strange Spoon":[20],"Shuriken":[35],"Mummified Hand":[10],"Kunai":[2],"obtain_stats":[{"Lantern":3,"hubris:Metronome":9,"Gremlin Horn":12,"Mango":3,"Incense Burner":28,"Boot":7,"Burning Blood":0,"Sozu":34,"Matryoshka":5,"Mummified Hand":28,"hubris:DeckOfHolding":26,"Red Mask":27,"Kunai":45,"Toxic Egg 2":46,"InkBottle":3,"Paper Frog":5,"hubris:GlazedTorus":24,"Lee\u0027s Waffle":3,"Pear":46,"Happy Flower":47,"hubris:SphereOfDissonance":40,"Pen Nib":26,"Odd Mushroom":13,"hubris:Towel":21,"War Paint":48,"hubris:Zylophone":43,"Strange Spoon":3,"Bottled Flame":9,"Shuriken":5,"Bag of Marbles":3,"Coffee Dripper":17,"hubris:Potato":46,"hubris:BottledRain":29},{"Lantern":2,"hubris:Metronome":3,"Gremlin Horn":4,"Mango":2,"Incense Burner":15,"Boot":3,"Burning Blood":0,"Sozu":18,"Matryoshka":2,"Mummified Hand":15,"hubris:DeckOfHolding":12,"Red Mask":13,"Kunai":25,"Toxic Egg 2":25,"InkBottle":2,"Paper Frog":2,"hubris:GlazedTorus":11,"Lee\u0027s Waffle":2,"Pear":25,"Happy Flower":26,"hubris:SphereOfDissonance":21,"Pen Nib":12,"Odd Mushroom":5,"hubris:Towel":10,"War Paint":26,"hubris:Zylophone":23,"Strange Spoon":2,"Bottled Flame":3,"Shuriken":2,"Bag of Marbles":2,"Coffee Dripper":7,"hubris:Potato":25,"hubris:BottledRain":16},{"Lantern":8,"hubris:Metronome":9,"Gremlin Horn":12,"Mango":8,"Incense Burner":33,"Boot":9,"Burning Blood":0,"Sozu":39,"Matryoshka":8,"Mummified Hand":33,"hubris:DeckOfHolding":29,"Red Mask":30,"Kunai":51,"Toxic Egg 2":51,"InkBottle":8,"Paper Frog":8,"hubris:GlazedTorus":28,"Lee\u0027s Waffle":8,"Pear":51,"Happy Flower":52,"hubris:SphereOfDissonance":43,"Pen Nib":29,"Odd Mushroom":14,"hubris:Towel":26,"War Paint":52,"hubris:Zylophone":49,"Strange Spoon":8,"Bottled Flame":9,"Shuriken":8,"Bag of Marbles":8,"Coffee Dripper":19,"hubris:Potato":51,"hubris:BottledRain":34}],"InkBottle":[19]},"card_choices":[{"not_picked":["Spot Weakness","Pommel Strike"],"picked":"Twin Strike","floor":1},{"not_picked":["Flame Barrier","Clothesline"],"picked":"Iron Wave","floor":2},{"not_picked":["Power Through","Evolve","Body Slam"],"picked":"SKIP","floor":7},{"not_picked":["True Grit","Pommel Strike"],"picked":"Iron Wave","floor":12},{"not_picked":["Thunderclap","Disarm"],"picked":"Whirlwind","floor":14},{"not_picked":["Fiend Fire","Immolate"],"picked":"Impervious","floor":16},{"not_picked":["Sever Soul","Flame Barrier"],"picked":"Anger","floor":18},{"not_picked":["Evolve+1","Carnage+1"],"picked":"Pummel+1","floor":19},{"not_picked":["Wild Strike+1","Body Slam","True Grit+1"],"picked":"SKIP","floor":20},{"not_picked":["Dropkick+1","Sentinel"],"picked":"Anger+1","floor":24},{"not_picked":["Uppercut+1","Armaments","Barricade"],"picked":"SKIP","floor":25},{"not_picked":["Body Slam","Cleave","Clash"],"picked":"SKIP","floor":29},{"not_picked":["Rage","Anger","True Grit"],"picked":"SKIP","floor":31},{"not_picked":["Demon Form","Feed"],"picked":"Limit Break","floor":33},{"not_picked":["Havoc+1","Clash","Pummel"],"picked":"SKIP","floor":35},{"not_picked":["Transmutation","Deep Breath"],"picked":"Dramatic Entrance","floor":37},{"not_picked":["Trip","Purity"],"picked":"Violence","floor":37},{"not_picked":["The Bomb","Mayhem"],"picked":"Sadistic Nature","floor":37},{"not_picked":["True Grit+1","Warcry","Wild Strike"],"picked":"SKIP","floor":38},{"not_picked":["hubris:StunningStrike","Shrug It Off","Burning Pact"],"picked":"SKIP","floor":40},{"not_picked":["Warcry+1","Clash+1","Body Slam"],"picked":"SKIP","floor":41},{"not_picked":["Warcry+1","Clash+1","Body Slam"],"picked":"SKIP","floor":41},{"not_picked":["Dark Embrace","Warcry+1","Rupture"],"picked":"SKIP","floor":42},{"not_picked":["Dropkick+1","hubris:ReadiedAction+1","Perfected Strike+1"],"picked":"SKIP","floor":44},{"not_picked":["Feel No Pain+1","Clothesline+1"],"picked":"Anger+1","floor":45},{"not_picked":["Carnage","Ghostly Armor+1","Wild Strike"],"picked":"SKIP","floor":47}],"player_experience":115787,"relics_obtained":[{"floor":7,"key":"Boot"},{"floor":9,"key":"hubris:Metronome"},{"floor":9,"key":"Bottled Flame"},{"floor":12,"key":"Gremlin Horn"},{"floor":13,"key":"Odd Mushroom"},{"floor":24,"key":"hubris:GlazedTorus"},{"floor":26,"key":"Pen Nib"},{"floor":26,"key":"hubris:DeckOfHolding"},{"floor":27,"key":"Red Mask"},{"floor":28,"key":"Mummified Hand"},{"floor":28,"key":"Incense Burner"},{"floor":29,"key":"hubris:BottledRain"},{"floor":40,"key":"hubris:SphereOfDissonance"},{"floor":43,"key":"hubris:Zylophone"},{"floor":45,"key":"Kunai"},{"floor":47,"key":"Happy Flower"},{"floor":48,"key":"War Paint"}],"event_choices":[{"damage_healed":0,"gold_gain":0,"player_choice":"Entered Light","damage_taken":20,"max_hp_gain":0,"max_hp_loss":0,"event_name":"Shining Light","floor":4,"gold_loss":0,"cards_upgraded":["Defend_R","Flex"]},{"damage_healed":0,"gold_gain":0,"player_choice":"Grow","damage_taken":0,"max_hp_gain":0,"max_hp_loss":0,"event_name":"Living Wall","floor":8,"gold_loss":0,"cards_upgraded":["Double Tap"]},{"damage_healed":0,"gold_gain":0,"player_choice":"Ignored","damage_taken":0,"max_hp_gain":0,"max_hp_loss":0,"event_name":"Golden Wing","floor":11,"gold_loss":0},{"damage_healed":0,"gold_gain":0,"player_choice":"Fought Mushrooms","damage_taken":0,"max_hp_gain":0,"max_hp_loss":0,"event_name":"Mushrooms","floor":13,"gold_loss":0},{"damage_healed":0,"gold_gain":0,"player_choice":"Fought Bandits","damage_taken":0,"max_hp_gain":0,"max_hp_loss":0,"event_name":"Masked Bandits","floor":27,"gold_loss":0},{"damage_healed":0,"gold_gain":0,"player_choice":"Fight","damage_taken":0,"max_hp_gain":0,"max_hp_loss":0,"event_name":"Colosseum","floor":28,"gold_loss":0},{"damage_healed":0,"gold_gain":0,"player_choice":"Fought Nobs","damage_taken":0,"max_hp_gain":0,"max_hp_loss":0,"event_name":"Colosseum","floor":28,"gold_loss":0},{"damage_healed":0,"gold_gain":0,"player_choice":"Joined the Cult","damage_taken":6,"max_hp_gain":0,"max_hp_loss":0,"event_name":"Nest","floor":30,"gold_loss":0,"cards_obtained":["RitualDagger"]},{"damage_healed":0,"gold_gain":0,"player_choice":"Ignored","damage_taken":0,"max_hp_gain":0,"max_hp_loss":0,"event_name":"Tomb of Lord Red Mask","floor":36,"gold_loss":0},{"damage_healed":0,"gold_gain":0,"player_choice":"Memory 3","damage_taken":10,"max_hp_gain":0,"max_hp_loss":0,"event_name":"SensoryStone","floor":37,"gold_loss":0}],"is_beta":false,"boss_relics":[{"not_picked":["hubris:RunicObelisk","hubris:Backtick"],"picked":"Coffee Dripper"},{"not_picked":["hubris:GrandSneckoEye","Busted Crown"],"picked":"Sozu"}],"items_purged_floors":[3,3,3,5,5,46,46,46,46,46],"is_endless":false,"potions_floor_spawned":[1,14,16,25,27,28,29,31,33,41,42,47],"ascension_level":2}}