{"host":"zekcc3vicrep0och","time":1608375736,"event":{"mods":["AchievementEnabler","BaseMod","Colored Map","Colored Powertips","Displayed Cursed Tome","Minty Spire (QoL Compilation)","Relic Stats","StSLib"],"gold_per_floor":[110,110,110,129,150,194,194,225,271,271,6,6,37,52,52,173,173,189,189,11,11,29,29,62,62,85,126,126,161,161,202,202,323,323,336,141,141,162,14,53,86,134,146,183,219,231,61,394,394,394],"floor_reached":51,"playtime":2134,"items_purged":["Cold Snap","Parasite","Zap"],"score":1430,"play_id":"e6717c67-0605-4825-ac85-ecd4dd00dc5b","local_time":"20201219140216","is_ascension_mode":true,"campfire_choices":[{"floor":7.0,"key":"REST"},{"data":"White Noise","floor":10.0,"key":"SMITH"},{"data":"Defragment","floor":12.0,"key":"SMITH"},{"data":"Rainbow","floor":15.0,"key":"SMITH"},{"data":"Defragment","floor":23.0,"key":"SMITH"},{"data":"Seek","floor":25.0,"key":"SMITH"},{"data":"Creative AI","floor":28.0,"key":"SMITH"},{"data":"Electrodynamics","floor":30.0,"key":"SMITH"},{"data":"Capacitor","floor":32.0,"key":"SMITH"},{"data":"Static Discharge","floor":46,"key":"SMITH"},{"data":"Heatsinks","floor":49,"key":"SMITH"}],"circlet_count":0,"master_deck":["AscendersBane","Strike_B+1","Strike_B+1","Strike_B+1","Strike_B+1","Defend_B+1","Defend_B+1","Defend_B+1","Defend_B+1","Dualcast","Ball Lightning","Glacier","White Noise+1","FTL","Defragment+1","Undo","Rainbow+1","Electrodynamics+1","Defragment+1","Seek+1","Creative AI+1","Conserve Battery","Capacitor+1","Biased Cognition","Self Repair+1","Loop","Static Discharge+1","Go for the Eyes+1","Hologram+1","Glacier+1","Heatsinks+1"],"relics":["Cracked Core","NeowsBlessing","Mercury Hourglass","Akabeko","Centennial Puzzle","Whetstone","Meat on the Bone","Cursed Key","Membership Card","Happy Flower","Bag of Preparation","Toy Ornithopter","Bronze Scales","Omamori","Inserter","Symbiotic Virus","DataDisk","MawBank","Dream Catcher","Darkstone Periapt","ClockworkSouvenir"],"acts_visited":["Exordium","TheCity","TheBeyond"],"potions_floor_usage":[41,50],"damage_taken":[{"damage":0.0,"enemies":"2 Louse","floor":1.0,"turns":1.0},{"damage":0.0,"enemies":"Cultist","floor":4.0,"turns":1.0},{"damage":0.0,"enemies":"Jaw Worm","floor":5.0,"turns":1.0},{"damage":40.0,"enemies":"Lagavulin","floor":6.0,"turns":9.0},{"damage":9.0,"enemies":"Gremlin Nob","floor":8.0,"turns":4.0},{"damage":0.0,"enemies":"Lagavulin","floor":13.0,"turns":4.0},{"damage":0.0,"enemies":"Large Slime","floor":14.0,"turns":4.0},{"damage":14.0,"enemies":"Hexaghost","floor":16.0,"turns":9.0},{"damage":5.0,"enemies":"Chosen","floor":18.0,"turns":4.0},{"damage":6.0,"enemies":"Shell Parasite","floor":22.0,"turns":5.0},{"damage":0.0,"enemies":"Slavers","floor":24.0,"turns":4.0},{"damage":0.0,"enemies":"Gremlin Leader","floor":27.0,"turns":5.0},{"damage":6.0,"enemies":"Slavers","floor":29.0,"turns":2.0},{"damage":0.0,"enemies":"Book of Stabbing","floor":31.0,"turns":5.0},{"damage":27.0,"enemies":"Automaton","floor":33.0,"turns":5.0},{"damage":5.0,"enemies":"3 Darklings","floor":35.0,"turns":2.0},{"damage":1.0,"enemies":"Orb Walker","floor":38.0,"turns":3.0},{"damage":10.0,"enemies":"Giant Head","floor":40.0,"turns":8.0},{"damage":19,"enemies":"Jaw Worm Horde","floor":41,"turns":3},{"damage":30,"enemies":"Reptomancer","floor":42,"turns":5},{"damage":3,"enemies":"Maw","floor":44,"turns":6},{"damage":1,"enemies":"Writhing Mass","floor":45,"turns":4},{"damage":11,"enemies":"Time Eater","floor":50,"turns":7}],"seed_played":"6478432499015659414","potions_obtained":[{"floor":4.0,"key":"LiquidBronze"},{"floor":8.0,"key":"SkillPotion"},{"floor":14.0,"key":"SpeedPotion"},{"floor":16.0,"key":"DuplicationPotion"},{"floor":22.0,"key":"DistilledChaos"},{"floor":24.0,"key":"LiquidBronze"},{"floor":31.0,"key":"Swift Potion"},{"floor":33.0,"key":"Fire Potion"},{"floor":35.0,"key":"PowerPotion"},{"floor":40.0,"key":"AttackPotion"}],"is_trial":false,"path_per_floor":["M","?","?","M","M","E","R","E","T","R","$","R","E","M","R","B",null,"M","?","$","?","M","R","E","R","T","E","R","E","R","E","R","B",null,"M","$","?","M","$","E","M","E","T","M","M","R","$","?","R","B",null],"character_chosen":"DEFECT","items_purchased":["Whetstone","Defragment","Undo","Membership Card","Defragment","Symbiotic Virus","Loop","DataDisk","Static Discharge","ClockworkSouvenir","SkillPotion","Heatsinks"],"campfire_rested":1,"item_purchase_floors":[11,11,11,20,20,36,36,39,39,47,47,47],"current_hp_per_floor":[68,68,68,68,68,28,50,41,41,41,41,41,41,41,41,39,66,61,61,61,61,55,55,55,55,55,55,55,54,54,59,59,44,67,62,62,62,71,71,72,63,55,55,62,71,71,71,71,71,71],"gold":394,"neow_bonus":"THREE_ENEMY_KILL","is_daily":false,"chose_seed":false,"campfire_upgraded":10,"win_rate":0.0,"timestamp":1608375736,"path_taken":["M","?","?","?","M","E","R","E","T","R","$","R","E","M","R","BOSS","M","?","$","?","M","R","E","R","T","E","R","E","R","E","R","BOSS","M","$","?","M","$","E","M","E","T","M","?","R","?","?","R","BOSS"],"items_purchased_type":["Relic","Card","Card","Relic","Card","Relic","Card","Relic","Card","Relic","Potion","Card"],"build_version":"2020-12-13","purchased_purges":3,"victory":true,"max_hp_per_floor":[75,75,75,75,75,75,75,75,75,75,75,75,75,75,75,75,75,75,75,75,75,75,75,75,75,75,75,75,75,75,75,75,75,75,75,75,75,75,72,72,72,72,72,72,72,72,72,72,72,72],"relic_stats":{"Darkstone Periapt":0,"Inserter":[17],"Happy Flower":[18],"counters":[23,101],"Bag of Preparation":[24],"Whetstone":["Strike_B","Strike_B"],"Cursed Key":2,"MawBank":84,"Mercury Hourglass":[318],"Centennial Puzzle":[39],"Dream Catcher":0,"Bronze Scales":[141],"obtain_stats":[{"Darkstone Periapt":43,"Inserter":34,"NeowsBlessing":0,"Happy Flower":24,"Golden Idol":2,"Bag of Preparation":26,"Omamori":31,"Whetstone":11,"Cursed Key":17,"MawBank":40,"Akabeko":8,"Mercury Hourglass":6,"ClockworkSouvenir":47,"Centennial Puzzle":9,"DataDisk":39,"Dream Catcher":42,"Bronze Scales":29,"Membership Card":20,"Cracked Core":0,"Symbiotic Virus":36,"Toy Ornithopter":27,"Meat on the Bone":13},{"Darkstone Periapt":20,"Inserter":15,"NeowsBlessing":0,"Happy Flower":11,"Golden Idol":1,"Bag of Preparation":11,"Omamori":14,"Whetstone":5,"Cursed Key":8,"MawBank":18,"Akabeko":5,"Mercury Hourglass":4,"ClockworkSouvenir":22,"Centennial Puzzle":5,"DataDisk":17,"Dream Catcher":20,"Bronze Scales":13,"Membership Card":9,"Cracked Core":0,"Symbiotic Virus":16,"Toy Ornithopter":12,"Meat on the Bone":6},{"Darkstone Periapt":84,"Inserter":63,"NeowsBlessing":0,"Happy Flower":46,"Golden Idol":1,"Bag of Preparation":46,"Omamori":58,"Whetstone":16,"Cursed Key":33,"MawBank":76,"Akabeko":16,"Mercury Hourglass":12,"ClockworkSouvenir":94,"Centennial Puzzle":16,"DataDisk":68,"Dream Catcher":84,"Bronze Scales":53,"Membership Card":37,"Cracked Core":0,"Symbiotic Virus":65,"Toy Ornithopter":51,"Meat on the Bone":20}],"Toy Ornithopter":12,"Meat on the Bone":36},"card_choices":[{"not_picked":["Conserve Battery","Redo"],"picked":"Ball Lightning","floor":1.0},{"not_picked":["Chill","Rebound"],"picked":"Glacier","floor":4.0},{"not_picked":["Melter","Sweeping Beam"],"picked":"White Noise","floor":5.0},{"not_picked":["Defragment","BootSequence"],"picked":"FTL","floor":6.0},{"not_picked":["Aggregate","Rip and Tear"],"picked":"Cold Snap","floor":8.0},{"not_picked":["Rebound","Cold Snap","Beam Cell"],"picked":"SKIP","floor":13.0},{"not_picked":["Leap","Aggregate"],"picked":"Rainbow","floor":14.0},{"not_picked":["Amplify","Seek"],"picked":"Electrodynamics","floor":16.0},{"not_picked":["Compile Driver","Turbo","Sweeping Beam"],"picked":"SKIP","floor":18.0},{"not_picked":["Beam Cell","Glacier","Streamline"],"picked":"SKIP","floor":22.0},{"not_picked":["Barrage","Genetic Algorithm"],"picked":"Seek","floor":24.0},{"not_picked":["Leap","Consume"],"picked":"Creative AI","floor":27.0},{"not_picked":["Sweeping Beam","Turbo"],"picked":"Conserve Battery","floor":29.0},{"not_picked":["Skim","Tempest"],"picked":"Capacitor","floor":31.0},{"not_picked":["Rainbow","Thunder Strike"],"picked":"Biased Cognition","floor":33.0},{"not_picked":["Sunder+1","Stack"],"picked":"Self Repair+1","floor":35.0},{"not_picked":["Turbo+1","Leap","Melter"],"picked":"SKIP","floor":38.0},{"not_picked":["Doom and Gloom","Rebound","Steam"],"picked":"SKIP","floor":40.0},{"not_picked":["Loop","Beam Cell+1"],"picked":"Go for the Eyes+1","floor":41},{"not_picked":["Coolheaded","Core Surge","Sweeping Beam+1"],"picked":"SKIP","floor":42},{"not_picked":["Barrage","Auto Shields+1"],"picked":"Hologram+1","floor":44},{"not_picked":["Darkness","Sweeping Beam"],"picked":"Glacier+1","floor":45}],"player_experience":442683,"relics_obtained":[{"floor":6.0,"key":"Mercury Hourglass"},{"floor":8.0,"key":"Akabeko"},{"floor":9.0,"key":"Centennial Puzzle"},{"floor":13.0,"key":"Meat on the Bone"},{"floor":24.0,"key":"Happy Flower"},{"floor":26.0,"key":"Bag of Preparation"},{"floor":27.0,"key":"Toy Ornithopter"},{"floor":29.0,"key":"Bronze Scales"},{"floor":31.0,"key":"Omamori"},{"floor":40.0,"key":"MawBank"},{"floor":42,"key":"Dream Catcher"},{"floor":43,"key":"Darkstone Periapt"}],"event_choices":[{"damage_healed":0.0,"max_hp_gain":0.0,"max_hp_loss":0.0,"gold_gain":0.0,"event_name":"Golden Idol","player_choice":"Take Wound","floor":2.0,"gold_loss":0.0,"damage_taken":0.0,"relics_obtained":["Golden Idol"],"cards_obtained":["Injury"]},{"cards_removed":["Injury"],"damage_healed":0.0,"max_hp_gain":0.0,"max_hp_loss":0.0,"gold_gain":0.0,"event_name":"Purifier","player_choice":"Purged","floor":3.0,"gold_loss":0.0,"damage_taken":0.0},{"damage_healed":0.0,"max_hp_gain":0.0,"max_hp_loss":0.0,"gold_gain":0.0,"event_name":"Back to Basics","player_choice":"Simplicity","floor":19.0,"gold_loss":0.0,"damage_taken":0.0,"cards_upgraded":["Strike_B","Strike_B","Defend_B","Defend_B","Defend_B","Defend_B"]},{"damage_healed":0.0,"max_hp_gain":0.0,"max_hp_loss":0.0,"gold_gain":0.0,"event_name":"Ghosts","player_choice":"Ignored","floor":21.0,"gold_loss":0.0,"damage_taken":0.0},{"damage_healed":0.0,"max_hp_gain":0.0,"max_hp_loss":0.0,"gold_gain":0.0,"event_name":"SecretPortal","player_choice":"Ignored","floor":37.0,"gold_loss":0.0,"damage_taken":0.0},{"damage_healed":0,"gold_gain":333,"player_choice":"Gave Idol","damage_taken":0,"max_hp_gain":0,"max_hp_loss":0,"event_name":"The Moai Head","floor":48,"relics_lost":["Golden Idol"],"gold_loss":0}],"is_beta":false,"boss_relics":[{"not_picked":["SlaversCollar","Black Star"],"picked":"Cursed Key"},{"not_picked":["Tiny House","Busted Crown"],"picked":"Inserter"}],"items_purged_floors":[36,39,47],"is_endless":false,"potions_floor_spawned":[4,8,14,16,22,24,31,33,35,40],"ascension_level":12}}