{"host":"n23juj4d9qam5hh1","time":1608340542,"event":{"mods":["BaseMod","Better Note","BetterRewards","Infinite Spire","Minty Spire (QoL Compilation)","Relic Stats","StSLib"],"gold_per_floor":[114,33,33,208,226,226,60,74,74,74,74,74,88,88,88,218,218,234,258,258,258],"floor_reached":20,"playtime":575,"items_purged":["Doubt"],"score":178,"play_id":"03511ea0-8f80-4a60-b607-71aa7e9be5c3","local_time":"20201218201542","is_ascension_mode":true,"campfire_choices":[{"data":"Inflame","floor":6.0,"key":"SMITH"},{"data":"Wild Strike","floor":11.0,"key":"SMITH"},{"data":"Flame Barrier","floor":15.0,"key":"SMITH"}],"circlet_count":0,"master_deck":["Bash","Wild Strike+1","Inflame+1","Injury","Flame Barrier+1","Sword Boomerang","Juggernaut","Inflame","Limit Break+1","Pommel Strike","Feel No Pain","Shockwave+1","Barricade","Wild Strike","Searing Blow","Pummel","Evolve","Burning Pact+1"],"relics":["Burning Blood","Golden Idol","Toxic Egg 2","White Beast Statue","infinitespire:BottledMercury","Pandora\u0027s Box"],"acts_visited":["Exordium","TheCity"],"potions_floor_usage":[],"damage_taken":[{"damage":13.0,"enemies":"Small Slimes","floor":1.0,"turns":6.0},{"damage":8.0,"enemies":"Jaw Worm","floor":5.0,"turns":5.0},{"damage":2.0,"enemies":"2 Louse","floor":8.0,"turns":3.0},{"damage":6.0,"enemies":"Exordium Thugs","floor":13.0,"turns":4.0},{"damage":57.0,"enemies":"Hexaghost","floor":16.0,"turns":10.0},{"damage":20.0,"enemies":"2 Thieves","floor":18.0,"turns":4.0},{"damage":38.0,"enemies":"Shell Parasite","floor":19.0,"turns":4.0},{"damage":0,"enemies":"3 Cultists","floor":20,"turns":2}],"seed_played":"2878373577304421403","potions_obtained":[{"floor":0.0,"key":"SkillPotion"},{"floor":0.0,"key":"Ancient Potion"},{"floor":0.0,"key":"BloodPotion"},{"floor":18.0,"key":"SteroidPotion"}],"is_trial":false,"path_per_floor":["M","$","?","?","M","R","$","M","T","T","R","$","M","?","R","B",null,"M","M","M"],"character_chosen":"IRONCLAD","items_purchased":["Inflame","Flame Barrier","Sword Boomerang"],"campfire_rested":0,"item_purchase_floors":[2,7,7],"current_hp_per_floor":[73,73,73,73,71,71,71,75,75,75,75,75,75,68,68,17,80,66,34,34,34],"gold":258,"neow_bonus":"THREE_SMALL_POTIONS","is_daily":false,"chose_seed":false,"campfire_upgraded":3,"win_rate":0.0,"timestamp":1608340542,"path_taken":["M","$","?","?","M","R","$","M","T","?","R","?","?","?","R","BOSS","M","M","M"],"items_purchased_type":["Card","Card","Card"],"build_version":"2020-12-13","purchased_purges":1,"victory":false,"max_hp_per_floor":[80,80,80,80,80,80,80,80,80,80,80,80,80,80,80,80,80,80,80,80,80],"relic_stats":{"counters":[8,38],"Golden Idol":44,"Pandora\u0027s Box":["Pommel Strike","Feel No Pain","Shockwave","Barricade","Wild Strike","Searing Blow","Pummel","Evolve","Burning Pact"],"obtain_stats":[{"infinitespire:BottledMercury":14,"Golden Idol":3,"Pandora\u0027s Box":17,"Toxic Egg 2":9,"Burning Blood":0,"White Beast Statue":10},{"infinitespire:BottledMercury":4,"Golden Idol":1,"Pandora\u0027s Box":5,"Toxic Egg 2":3,"Burning Blood":0,"White Beast Statue":3},{"infinitespire:BottledMercury":18,"Golden Idol":6,"Pandora\u0027s Box":28,"Toxic Egg 2":14,"Burning Blood":0,"White Beast Statue":14}],"Burning Blood":42},"card_choices":[{"not_picked":["Headbutt","Rampage"],"picked":"Wild Strike","floor":1.0},{"not_picked":["Clash","Pommel Strike","Evolve"],"picked":"SKIP","floor":5.0},{"not_picked":["Blood for Blood","Clash"],"picked":"Juggernaut","floor":8.0},{"not_picked":["Clash","Heavy Blade"],"picked":"Inflame","floor":13.0},{"not_picked":["Barricade","Feed"],"picked":"Limit Break+1","floor":16.0},{"not_picked":["Perfected Strike","Havoc+1","Wild Strike"],"picked":"SKIP","floor":18.0},{"not_picked":["Hemokinesis","Dark Embrace","Twin Strike"],"picked":"SKIP","floor":19.0}],"player_experience":176126,"relics_obtained":[{"floor":9.0,"key":"Toxic Egg 2"},{"floor":10.0,"key":"White Beast Statue"}],"event_choices":[{"damage_healed":0.0,"max_hp_gain":0.0,"max_hp_loss":0.0,"gold_gain":0.0,"event_name":"Golden Idol","player_choice":"Take Wound","floor":3.0,"gold_loss":0.0,"damage_taken":0.0,"relics_obtained":["Golden Idol"],"cards_obtained":["Injury"]},{"damage_healed":0.0,"max_hp_gain":0.0,"max_hp_loss":0.0,"gold_gain":175.0,"event_name":"Liars Game","player_choice":"AGREE","floor":4.0,"gold_loss":0.0,"damage_taken":0.0,"cards_obtained":["Doubt"]},{"damage_healed":0.0,"max_hp_gain":0.0,"max_hp_loss":0.0,"gold_gain":0.0,"event_name":"Scrap Ooze","player_choice":"Success","floor":14.0,"gold_loss":0.0,"damage_taken":7.0,"relics_obtained":["infinitespire:BottledMercury"]}],"is_beta":false,"boss_relics":[{"not_picked":["Runic Cube","Cursed Key"],"picked":"Pandora\u0027s Box"}],"items_purged_floors":[7],"is_endless":false,"potions_floor_spawned":[1,5,13,16,18,19],"killed_by":"3 Cultists","ascension_level":2}}