{"host":"otf1z5955ddlv5pq","time":1608376423,"event":{"mods":["BaseMod","Beaked The Cultist","Better Altar","Better Match","Better Note","Better Sensory Stone","Better Skull","Better Third Choice","Colored Map","Colored Powertips","Downfall","Minty Spire (QoL Compilation)","Rare Cards Sparkle","Replay The Spire","StSLib"],"gold_per_floor":[119,119,185,185,185,203,239,239,239,9,38,78,115,152,152,304,304,342,2,2,42,42,95,95,129,129,129,182,182,13,51,115,167,167,322,322,359,411,500,101,152,152,152,152,152,152,152,193,193,263,596,155,155,219,219,219,50,129,195],"floor_reached":60,"playtime":96480,"items_purged":["Strike_G","Strike_G","Strike_G","Deadly Poison","Strike_G+1"],"score":1386,"play_id":"f6b4e71c-617c-41fe-9f43-c8330a0866d9","local_time":"20201219031343","is_ascension_mode":true,"campfire_choices":[{"data":"Cloak And Dagger","floor":8.0,"key":"SMITH"},{"floor":24.0,"key":"REST"},{"data":"Backflip","floor":29.0,"key":"SMITH"},{"floor":34.0,"key":"REST"},{"floor":42.0,"key":"RECALL"},{"floor":44.0,"key":"REST"},{"data":"Adrenaline","floor":49.0,"key":"SMITH"},{"floor":53.0,"key":"DIG"},{"floor":56.0,"key":"REST"}],"circlet_count":0,"master_deck":["Defend_G","Defend_G+1","Defend_G","Defend_G+1","Defend_G","Survivor+1","Neutralize","Poisoned Stab","Dagger Throw+1","Backflip+1","Cloak And Dagger+1","Accuracy+1","Adrenaline+1","Flying Knee+1","Dodge and Roll+1","Escape Plan+1","Blade Dance+1","Infinite Blades","Infinite Blades","Cloak And Dagger+1","Terror+1","Storm of Steel+1","Cloak And Dagger+1","Blade Dance+1","Dodge and Roll+1"],"relics":["Ring of the Snake","NeowsBlessing","Ninja Scroll","Matryoshka","Calipers","Regal Pillow","Ice Cream","Gremlin Food","Odd Mushroom","Replay:Bandana","Orichalcum","WristBlade","Toxic Egg 2","CaptainsWheel","Bag of Preparation","Blue Doll","Garlic","Ginger","Replay:Bottled Steam","Anchor","Membership Card","Quantum Egg","Blood Vial","ReplayTheSpireMod:Ninjato","Mummified Hand","War Paint"],"acts_visited":["Exordium","TheCity","TheBeyond","TheEnding"],"potions_floor_usage":[59,59,59],"damage_taken":[{"damage":0.0,"enemies":"Cultist","floor":1.0,"turns":1.0},{"damage":0.0,"enemies":"Small Slimes","floor":6.0,"turns":1.0},{"damage":0.0,"enemies":"Gremlin Nob","floor":7.0,"turns":1.0},{"damage":5.0,"enemies":"The Mushroom Lair","floor":11.0,"turns":4.0},{"damage":7.0,"enemies":"3 Sentries","floor":12.0,"turns":8.0},{"damage":0.0,"enemies":"2 Louse","floor":13.0,"turns":2.0},{"damage":2.0,"enemies":"2 Fungi Beasts","floor":14.0,"turns":3.0},{"damage":34.0,"enemies":"Slime Boss","floor":16.0,"turns":10.0},{"damage":0.0,"enemies":"Chosen","floor":18.0,"turns":3.0},{"damage":2.0,"enemies":"2 Thieves","floor":21.0,"turns":3.0},{"damage":32.0,"enemies":"Slavers","floor":23.0,"turns":8.0},{"damage":2.0,"enemies":"Chosen and Byrds","floor":25.0,"turns":5.0},{"damage":0.0,"enemies":"Centurion and Healer","floor":31.0,"turns":3.0},{"damage":10.0,"enemies":"Book of Stabbing","floor":32.0,"turns":3.0},{"damage":0.0,"enemies":"Cultist and Chosen","floor":33.0,"turns":4.0},{"damage":0.0,"enemies":"Automaton","floor":35.0,"turns":5.0},{"damage":0.0,"enemies":"3 Shapes","floor":37.0,"turns":2.0},{"damage":8.0,"enemies":"3 Darklings","floor":38.0,"turns":3.0},{"damage":0.0,"enemies":"Mind Bloom Boss Battle","floor":39.0,"turns":3.0},{"damage":0.0,"enemies":"Jaw Worm Horde","floor":41.0,"turns":2.0},{"damage":0.0,"enemies":"Sphere and 2 Shapes","floor":48.0,"turns":3.0},{"damage":38.0,"enemies":"Nemesis","floor":50.0,"turns":5.0},{"damage":5.0,"enemies":"Replay:Hell Engine","floor":54.0,"turns":4.0},{"damage":2.0,"enemies":"Shield and Spear","floor":58.0,"turns":4.0},{"damage":18,"enemies":"The Heart","floor":59,"turns":4}],"seed_played":"-8987196795352038024","potions_obtained":[{"floor":3.0,"key":"SneckoOil"},{"floor":7.0,"key":"Elixir"},{"floor":13.0,"key":"DuplicationPotion"},{"floor":16.0,"key":"Fire Potion"},{"floor":21.0,"key":"Strength Potion"},{"floor":31.0,"key":"EssenceOfSteel"},{"floor":33.0,"key":"Poison Potion"},{"floor":35.0,"key":"DistilledChaos"},{"floor":48.0,"key":"Elixir"},{"floor":50.0,"key":"PowerPotion"}],"is_trial":false,"path_per_floor":["M","T","?","?","?","M","E","R","T","$","?","E","M","M","R_BF","B",null,"M","$","?","M","$","E","R","M","PTL","PTL","T","R","$","M","E","M","R","B",null,"M","M","?","$","M","R","?","R","PTL","PTL","T","M","R","E","?","$","R_BF","B",null,"R","$","E","B",null],"character_chosen":"THE_SILENT","items_purchased":["Gremlin Food","Toxic Egg 2","Infinite Blades","Replay:Bottled Steam","Membership Card","Quantum Egg","Blood Vial","PowerPotion","Mummified Hand","Block Potion"],"campfire_rested":4,"item_purchase_floors":[10,19,30,40,52,52,52,57,57,57],"current_hp_per_floor":[63,63,63,63,63,63,63,63,63,63,58,51,51,49,46,12,52,52,52,52,50,50,18,52,50,50,50,50,50,50,50,40,40,65,65,65,65,57,57,57,57,57,57,65,65,65,65,65,65,27,27,27,27,24,55,65,65,63,47],"gold":195,"neow_bonus":"THREE_ENEMY_KILL","is_daily":false,"chose_seed":false,"campfire_upgraded":3,"win_rate":0.0,"timestamp":1608376423,"path_taken":["M","?","?","?","?","M","E","R","T","$","?","E","M","M","R_BF","BOSS","M","$","?","M","?","E","R","M","PTL","PTL","T","R","$","M","E","?","R","BOSS","M","M","?","$","M","R","?","R","PTL","PTL","T","M","R","E","?","$","R_BF","BOSS","R","$","E","BOSS"],"items_purchased_type":["Relic","Relic","Card","Relic","Relic","Relic","Relic","Potion","Relic","Potion"],"build_version":"2020-12-13","purchased_purges":5,"victory":true,"max_hp_per_floor":[70,70,70,70,65,65,65,65,65,65,65,65,65,65,65,65,65,65,65,65,65,65,65,65,65,65,65,65,65,65,65,65,65,65,65,65,65,65,65,65,65,65,65,65,65,65,65,65,65,65,65,65,65,65,65,65,65,65,65],"card_choices":[{"not_picked":["Slice","All Out Attack"],"picked":"Poisoned Stab","floor":1.0},{"not_picked":["Skewer","Fluid Movement"],"picked":"Hidden Blade","floor":3.0},{"not_picked":["ReplayTheSpireMod:Shiv Toss","Flying Knee"],"picked":"Backflip","floor":6.0},{"not_picked":["Bouncing Flask","Blade Dance"],"picked":"Cloak And Dagger","floor":7.0},{"not_picked":["Deflect","Dodge and Roll"],"picked":"Accuracy","floor":12.0},{"not_picked":["Flying Knee","Outmaneuver"],"picked":"Deadly Poison","floor":13.0},{"not_picked":["Die Die Die","Prepared"],"picked":"Poisoned Stab","floor":14.0},{"not_picked":["Doppelganger","Tools of the Trade"],"picked":"Adrenaline","floor":16.0},{"not_picked":["Distraction+1","Reflex+1","Deflect"],"picked":"SKIP","floor":18.0},{"not_picked":["Outmaneuver+1","Dash"],"picked":"Dodge and Roll+1","floor":21.0},{"not_picked":["Acrobatics+1","Prepared+1"],"picked":"Escape Plan+1","floor":23.0},{"not_picked":["Catalyst+1","Outmaneuver+1"],"picked":"Blade Dance+1","floor":25.0},{"not_picked":["Quick Slash","Deflect+1"],"picked":"Cloak And Dagger+1","floor":31.0},{"not_picked":["Heel Hook","Backflip+1","ReplayTheSpireMod:Exploit Weakness+1"],"picked":"SKIP","floor":32.0},{"not_picked":["ReplayTheSpireMod:Speed Training+1","Cloak And Dagger+1"],"picked":"Terror+1","floor":33.0},{"not_picked":["Malaise+1","Bullet Time+1"],"picked":"Storm of Steel+1","floor":35.0},{"not_picked":["Deflect+1","Dagger Throw","Deadly Poison+1"],"picked":"SKIP","floor":37.0},{"not_picked":["Sucker Punch","Dagger Spray","Concentrate+1"],"picked":"SKIP","floor":38.0},{"not_picked":["Backflip+1","Slice"],"picked":"Cloak And Dagger+1","floor":41.0},{"not_picked":["ReplayTheSpireMod:From All Sides","Poisoned Stab+1","Reflex+1"],"picked":"SKIP","floor":48.0},{"not_picked":["Bane+1","Prepared+1"],"picked":"Blade Dance+1","floor":50.0},{"not_picked":["Blade Dance+1","Dagger Spray+1"],"picked":"Dodge and Roll+1","floor":58.0}],"player_experience":928420,"relics_obtained":[{"floor":2.0,"key":"Ninja Scroll"},{"floor":3.0,"key":"Matryoshka"},{"floor":7.0,"key":"Calipers"},{"floor":9.0,"key":"Regal Pillow"},{"floor":9.0,"key":"Ice Cream"},{"floor":11.0,"key":"Odd Mushroom"},{"floor":12.0,"key":"Replay:Bandana"},{"floor":23.0,"key":"CaptainsWheel"},{"floor":28.0,"key":"Bag of Preparation"},{"floor":28.0,"key":"Blue Doll"},{"floor":32.0,"key":"Garlic"},{"floor":39.0,"key":"Ginger"},{"floor":50.0,"key":"Anchor"},{"floor":53.0,"key":"ReplayTheSpireMod:Ninjato"},{"floor":58.0,"key":"War Paint"}],"event_choices":[{"damage_healed":0.0,"max_hp_gain":0.0,"max_hp_loss":5.0,"gold_gain":0.0,"event_name":"Golden Idol","player_choice":"Lose Max HP","floor":5.0,"gold_loss":0.0,"damage_taken":0.0,"relics_obtained":["Golden Idol"]},{"damage_healed":0.0,"max_hp_gain":0.0,"max_hp_loss":0.0,"gold_gain":0.0,"event_name":"Mushrooms","player_choice":"Fought Mushrooms","floor":11.0,"gold_loss":0.0,"damage_taken":0.0},{"damage_healed":0.0,"max_hp_gain":0.0,"max_hp_loss":0.0,"gold_gain":0.0,"event_name":"betterThird:BetterScrap","player_choice":"Relic ","floor":15.0,"gold_loss":0.0,"damage_taken":3.0,"cards_obtained":["Aggregate"]},{"damage_healed":0.0,"max_hp_gain":0.0,"max_hp_loss":0.0,"gold_gain":0.0,"cards_transformed":["Strike_G"],"event_name":"Transmorgrifier","player_choice":"Transformed","floor":20.0,"gold_loss":0.0,"damage_taken":0.0,"cards_obtained":["Flying Knee"]},{"damage_healed":0.0,"max_hp_gain":0.0,"max_hp_loss":0.0,"gold_gain":0.0,"event_name":"MindBloom","player_choice":"Fight","floor":39.0,"gold_loss":0.0,"damage_taken":0.0},{"cards_removed":["Poisoned Stab"],"damage_healed":0.0,"max_hp_gain":0.0,"max_hp_loss":0.0,"gold_gain":0.0,"event_name":"Falling","player_choice":"Removed Attack","floor":43.0,"gold_loss":0.0,"damage_taken":0.0},{"damage_healed":0.0,"max_hp_gain":0.0,"max_hp_loss":0.0,"gold_gain":333.0,"event_name":"The Moai Head","player_choice":"Gave Idol","floor":51.0,"relics_lost":["Golden Idol"],"gold_loss":0.0,"damage_taken":0.0}],"is_beta":false,"boss_relics":[{"not_picked":["Replay:Ancient Bell","Replay:Grab Bag"],"picked":"WristBlade"},{"not_picked":["Replay:Bronze Core","ReplayTheSpireMod:DimensionalGlitch","Runic Dome"]}],"items_purged_floors":[10,19,30,40,52],"is_endless":false,"potions_floor_spawned":[7,13,16,21,31,33,35,48,50,58],"ascension_level":6}}