{"host":"4qkvkh7pd9qr2mca","time":1608382450,"event":{"mods":["AchievementEnabler","BaseMod","Colored Map","Colored Powertips","Highlight Path","Minty Spire (QoL Compilation)","Permanent Neow","Quick Restart","StSLib","SuperFastMode"],"gold_per_floor":[119,119,132,57,71,98,173,188,188,201,201,225,225,251,251,251,251],"floor_reached":16,"playtime":495,"items_purged":[],"score":220,"play_id":"e820f045-870a-4fd8-b979-eb821a4b6f2a","local_time":"20201219135410","is_ascension_mode":true,"campfire_choices":[{"floor":11,"key":"REST"},{"floor":13,"key":"REST"},{"data":"Storm of Steel","floor":15,"key":"SMITH"}],"circlet_count":0,"master_deck":["AscendersBane","Strike_G","Strike_G","Strike_G","Defend_G","Defend_G","Defend_G","Defend_G","Survivor","Neutralize","Burst","Storm of Steel+1","Noxious Fumes","Dash","Footwork","Backstab","Endless Agony","Footwork"],"relics":["Ring of the Snake","Blue Candle","Anchor","Happy Flower","Art of War","Meat on the Bone"],"acts_visited":["Exordium"],"potions_floor_usage":[6,14],"damage_taken":[{"damage":4,"enemies":"Cultist","floor":1,"turns":5},{"damage":0,"enemies":"2 Louse","floor":3,"turns":3},{"damage":0,"enemies":"Jaw Worm","floor":5,"turns":6},{"damage":15,"enemies":"3 Sentries","floor":6,"turns":7},{"damage":4,"enemies":"Exordium Wildlife","floor":8,"turns":5},{"damage":9,"enemies":"2 Fungi Beasts","floor":10,"turns":5},{"damage":2,"enemies":"Lagavulin","floor":14,"turns":7},{"damage":41,"enemies":"Hexaghost","floor":16,"turns":9}],"seed_played":"-2436629460243934832","potions_obtained":[{"floor":1,"key":"DistilledChaos"},{"floor":6,"key":"EssenceOfSteel"},{"floor":10,"key":"Block Potion"}],"is_trial":false,"path_per_floor":["M","T","M","?","M","E","?","M","T","M","R","T","R","E","R","B"],"character_chosen":"THE_SILENT","items_purchased":[],"campfire_rested":2,"item_purchase_floors":[],"current_hp_per_floor":[40,40,40,40,40,25,14,10,10,1,20,20,39,37,37,0,0],"gold":251,"neow_bonus":"TRANSFORM_TWO_CARDS","is_daily":false,"chose_seed":false,"campfire_upgraded":1,"win_rate":0.0,"timestamp":1608382450,"path_taken":["M","?","?","?","M","E","?","M","T","M","R","?","R","E","R","BOSS"],"items_purchased_type":[],"build_version":"2020-12-13","purchased_purges":0,"victory":false,"max_hp_per_floor":[66,66,66,66,66,66,66,66,66,66,66,66,66,66,66,66,66],"card_choices":[{"not_picked":["Deadly Poison","Sucker Punch"],"picked":"Noxious Fumes","floor":1},{"not_picked":["Terror","Noxious Fumes"],"picked":"Dash","floor":3},{"not_picked":["Reflex","Setup","Underhanded Strike"],"picked":"SKIP","floor":5},{"not_picked":["Infinite Blades","Eviscerate"],"picked":"Footwork","floor":6},{"not_picked":["Cloak And Dagger","Deflect"],"picked":"Backstab","floor":8},{"not_picked":["Poisoned Stab","Acrobatics"],"picked":"Endless Agony","floor":10},{"not_picked":["All Out Attack","Blade Dance"],"picked":"Footwork","floor":14}],"player_experience":442031,"relics_obtained":[{"floor":2,"key":"Blue Candle"},{"floor":6,"key":"Anchor"},{"floor":9,"key":"Happy Flower"},{"floor":12,"key":"Art of War"},{"floor":14,"key":"Meat on the Bone"}],"event_choices":[{"cards_removed":["Strike_G"],"damage_healed":0,"gold_gain":0,"player_choice":"Card Removal","damage_taken":0,"max_hp_gain":0,"max_hp_loss":0,"event_name":"The Cleric","floor":4,"gold_loss":75},{"damage_healed":0,"gold_gain":75,"player_choice":"Gather Gold","damage_taken":11,"max_hp_gain":0,"max_hp_loss":0,"event_name":"World of Goop","floor":7,"gold_loss":0}],"is_beta":false,"boss_relics":[],"items_purged_floors":[],"is_endless":false,"potions_floor_spawned":[1,6,10],"killed_by":"Hexaghost","ascension_level":20}}