{"host":"iml8x8es9od4zowg","time":1608379556,"event":{"mods":["BaseMod","Minty Spire (QoL Compilation)","StSLib","The Jungle","¡¼?Úª?ø«¡½REMEMod"],"gold_per_floor":[114,114,114,133,153,153,185,185,209,56,66,66,81,109,109,212,262,281,281,300,318,2,27,27,56,56,73,73,91,91,91,91,189,189,207,207,227,127,138,138,164,39,39,39,59,59,72,72,72,72,72,72,72,97,97],"floor_reached":56,"playtime":3897,"items_purged":["Zap+1","Strike_B","Strike_B"],"score":1351,"play_id":"3ae86a85-ca77-474d-a754-eac4bd603dab","local_time":"20201219210556","is_ascension_mode":true,"campfire_choices":[{"floor":6,"key":"REST"},{"floor":12,"key":"REST"},{"floor":15,"key":"REST"},{"floor":24,"key":"REST"},{"data":"Scrape","floor":28,"key":"SMITH"},{"floor":32,"key":"RECALL"},{"data":"Metamorphosis","floor":40,"key":"SMITH"},{"data":"Streamline","floor":46,"key":"SMITH"},{"floor":49,"key":"REST"},{"data":"Secret Weapon","floor":52,"key":"SMITH"}],"circlet_count":0,"master_deck":["Strike_B+1","Strike_B+1","Defend_B","Defend_B+1","Defend_B+1","Defend_B","Sadistic Nature","Beam Cell","Gash+1","Go for the Eyes","All For One","Streamline+1","Beam Cell","Reprogram+1","REME_Whirling+1","Scrape+1","Violence","Skim","Genetic Algorithm+1","Rebound","Gash+1","REME_Shoggoth","Metamorphosis+1","Steam","Secret Weapon+1","Sadistic Nature","All For One","White Noise+1"],"relics":["REME_ComplimentaryCards","Nuclear Battery","War Paint","Omamori","Ancient Tea Set","Tiny House","Tiny Chest","Ornamental Fan","White Beast Statue","REME_LowDesire","Happy Flower","REME_PuzzleBoxRelic","Orichalcum","Toxic Egg 2","Boot","Whetstone"],"acts_visited":["Exordium","Exordium","TheBeyond","TheEnding"],"potions_floor_usage":[16,18,20,29,33,39,45,50,50,50],"damage_taken":[{"damage":6,"enemies":"Jaw Worm","floor":1,"turns":3},{"damage":0,"enemies":"2 Louse","floor":4,"turns":2},{"damage":8,"enemies":"Small Slimes","floor":5,"turns":3},{"damage":31,"enemies":"3 Sentries","floor":7,"turns":11},{"damage":4,"enemies":"Gremlin Gang","floor":11,"turns":4},{"damage":0,"enemies":"Lots of Slimes","floor":13,"turns":4},{"damage":21,"enemies":"Lagavulin","floor":14,"turns":4},{"damage":7,"enemies":"Hexaghost","floor":16,"turns":5},{"damage":13,"enemies":"theJungle:5_Spyders","floor":18,"turns":5},{"damage":0,"enemies":"theJungle:MUSHROOMGANG","floor":20,"turns":3},{"damage":31,"enemies":"theJungle:2_Flameangoes","floor":21,"turns":6},{"damage":4,"enemies":"theJungle:Cassacara","floor":23,"turns":3},{"damage":3,"enemies":"theJungle:2_Phrogs","floor":25,"turns":7},{"damage":5,"enemies":"theJungle:2_Snecko_Cultists","floor":27,"turns":5},{"damage":0,"enemies":"theJungle:Lyon","floor":29,"turns":1},{"damage":0,"enemies":"theJungle:QueenSpyder","floor":33,"turns":4},{"damage":0,"enemies":"3 Shapes","floor":35,"turns":2},{"damage":11,"enemies":"Orb Walker","floor":37,"turns":3},{"damage":1,"enemies":"4 Shapes","floor":39,"turns":3},{"damage":0,"enemies":"Nemesis","floor":41,"turns":3},{"damage":17,"enemies":"Jaw Worm Horde","floor":45,"turns":3},{"damage":7,"enemies":"Writhing Mass","floor":47,"turns":5},{"damage":61,"enemies":"Time Eater","floor":50,"turns":9},{"damage":0,"enemies":"Shield and Spear","floor":54,"turns":2},{"damage":73,"enemies":"The Heart","floor":55,"turns":6}],"seed_played":"5571791761552589868","potions_obtained":[{"floor":4,"key":"DuplicationPotion"},{"floor":5,"key":"Weak Potion"},{"floor":14,"key":"Strength Potion"},{"floor":17,"key":"Swift Potion"},{"floor":18,"key":"Fruit Juice"},{"floor":23,"key":"AttackPotion"},{"floor":27,"key":"DistilledChaos"},{"floor":29,"key":"SteroidPotion"},{"floor":33,"key":"DuplicationPotion"},{"floor":39,"key":"SpeedPotion"},{"floor":45,"key":"Dexterity Potion"},{"floor":54,"key":"Fire Potion"}],"is_trial":false,"path_per_floor":["M","?","?","M","M","R","E","?","T","$","M","R","M","E","R","B",null,"M","?","M","M","$","E","R","E","T","M","R","M","?","?","R","B",null,"M","T","M","$","M","R","E","$","T","?","M","R","M","T","R","B",null,"R","$","E","B",null],"character_chosen":"DEFECT","items_purchased":["All For One","Scrape","Violence"],"campfire_rested":5,"item_purchase_floors":[10,22,22],"current_hp_per_floor":[69,62,47,47,39,61,30,30,30,30,26,48,48,27,49,42,80,72,72,72,41,41,37,62,59,59,54,54,54,54,54,54,61,85,85,85,74,74,74,74,74,74,74,74,57,57,50,50,75,15,85,85,85,85,12],"gold":97,"neow_bonus":"BOSS_RELIC","is_daily":false,"chose_seed":false,"campfire_upgraded":4,"win_rate":0.0,"timestamp":1608379556,"path_taken":["M","?","?","?","M","R","E","?","T","$","?","R","?","E","R","BOSS","M","?","M","M","?","E","R","E","T","M","R","?","?","?","R","BOSS","M","?","M","$","M","R","E","$","T","?","?","R","?","?","R","BOSS","R","$","E","BOSS"],"items_purchased_type":["Card","Card","Card"],"build_version":"2020-12-13","purchased_purges":3,"victory":true,"max_hp_per_floor":[75,75,75,75,75,75,75,75,75,75,75,75,75,75,75,75,80,85,85,85,85,85,85,85,85,85,85,85,85,85,85,85,85,85,85,85,85,85,85,85,85,85,85,85,85,85,85,85,85,85,85,85,85,85,85],"card_choices":[{"not_picked":["Skim","Stack"],"picked":"Beam Cell","floor":1},{"not_picked":["Undo","Genetic Algorithm"],"picked":"Gash","floor":4},{"not_picked":["Rebound","Reprogram"],"picked":"Go for the Eyes","floor":5},{"not_picked":["Steam Power","Go for the Eyes","Heatsinks"],"picked":"SKIP","floor":7},{"not_picked":["White Noise","Blizzard"],"picked":"Streamline","floor":11},{"not_picked":["Static Discharge","Ball Lightning"],"picked":"Beam Cell","floor":13},{"not_picked":["Compile Driver","Go for the Eyes","Creative AI"],"picked":"SKIP","floor":14},{"not_picked":["Beam Cell","Aggregate"],"picked":"Reprogram","floor":17},{"not_picked":["Undo","Ball Lightning","Blizzard+1"],"picked":"SKIP","floor":18},{"not_picked":["Compile Driver+1","BootSequence"],"picked":"REME_Whirling+1","floor":20},{"not_picked":["Stack+1","Compile Driver","Streamline"],"picked":"SKIP","floor":21},{"not_picked":["White Noise","Darkness+1"],"picked":"Skim","floor":23},{"not_picked":["Cold Snap","Chill"],"picked":"Genetic Algorithm+1","floor":25},{"not_picked":["Turbo","REME_Whirling"],"picked":"Rebound","floor":27},{"not_picked":["Barrage+1","Hello World+1"],"picked":"Gash","floor":29},{"not_picked":["Reboot","Hyperbeam"],"picked":"REME_Shoggoth","floor":33},{"not_picked":["Gash","Leap","Barrage"],"picked":"Metamorphosis","floor":35},{"not_picked":["Ball Lightning+1","Compile Driver","Purity"],"picked":"Steam","floor":37},{"not_picked":["Chaos","Cold Snap+1","Self Repair+1"],"picked":"Secret Weapon","floor":39},{"not_picked":["Fission+1","Rainbow+1","Hyperbeam"],"picked":"Sadistic Nature","floor":41},{"not_picked":["Ball Lightning+1","Rebound","Stack+1","Discovery+1"],"picked":"SKIP","floor":45},{"not_picked":["Steam+1","Streamline+1","BootSequence+1","Secret Weapon+1"],"picked":"SKIP","floor":47},{"not_picked":["Barrage","Turbo+1","PanicButton+1"],"picked":"White Noise+1","floor":54}],"player_experience":451374,"relics_obtained":[{"floor":7,"key":"War Paint"},{"floor":9,"key":"Omamori"},{"floor":14,"key":"Ancient Tea Set"},{"floor":23,"key":"Tiny Chest"},{"floor":25,"key":"Ornamental Fan"},{"floor":26,"key":"White Beast Statue"},{"floor":34,"key":"Happy Flower"},{"floor":34,"key":"REME_PuzzleBoxRelic"},{"floor":36,"key":"Orichalcum"},{"floor":41,"key":"Toxic Egg 2"},{"floor":43,"key":"Boot"},{"floor":54,"key":"Whetstone"}],"event_choices":[{"cards_removed":["Dualcast"],"damage_healed":0,"gold_gain":0,"player_choice":"Card Removal","damage_taken":7,"max_hp_gain":0,"max_hp_loss":0,"event_name":"Golden Wing","floor":2,"gold_loss":0},{"damage_healed":0,"gold_gain":0,"player_choice":"Entered Light","damage_taken":15,"max_hp_gain":0,"max_hp_loss":0,"event_name":"Shining Light","floor":3,"gold_loss":0,"cards_upgraded":["Strike_B","Defend_B"]},{"damage_healed":0,"gold_gain":0,"player_choice":"Ignored","damage_taken":0,"max_hp_gain":0,"max_hp_loss":0,"event_name":"NoteForYourself","floor":8,"gold_loss":0},{"damage_healed":0,"gold_gain":0,"player_choice":"Upgraded","damage_taken":0,"max_hp_gain":0,"max_hp_loss":0,"event_name":"Upgrade Shrine","floor":19,"gold_loss":0,"cards_upgraded":["Reprogram"]},{"damage_healed":0,"gold_gain":0,"player_choice":"Bought 0 Potions","damage_taken":0,"max_hp_gain":0,"max_hp_loss":0,"event_name":"The Woman in Blue","floor":31,"gold_loss":0},{"damage_healed":0,"gold_gain":0,"player_choice":"Copied","damage_taken":0,"max_hp_gain":0,"max_hp_loss":0,"event_name":"Duplicator","floor":44,"gold_loss":0,"cards_obtained":["All For One"]}],"is_beta":false,"boss_relics":[{"not_picked":["Velvet Choker","Fusion Hammer"],"picked":"Tiny House"},{"not_picked":["Inserter","REME_DemonsWealth"],"picked":"REME_LowDesire"}],"items_purged_floors":[22,38,42],"is_endless":false,"potions_floor_spawned":[4,5,14,18,23,27,29,33,35,37,39,41,45,47,54],"ascension_level":1}}