{"host":"mqhvlr3kpxebko0t","time":1608374168,"event":{"mods":["AchievementEnabler","BaseMod","Colored Map","Colored Powertips","Keyboard Shortcuts","Minty Spire (QoL Compilation)","StSLib","SuperFastMode"],"gold_per_floor":[109,184,184,200,200,275,300,311,82,82,94,111,122,122,139,139,139,139],"floor_reached":17,"playtime":173,"items_purged":["Strike_G"],"score":221,"play_id":"ef78b981-77c1-4f8e-93c8-455938518646","local_time":"20201219193608","is_ascension_mode":true,"campfire_choices":[{"floor":14,"key":"REST"},{"data":"Bouncing Flask","floor":16,"key":"SMITH"}],"circlet_count":0,"master_deck":["AscendersBane","Strike_G","Strike_G","Strike_G","Defend_G","Defend_G","Defend_G","Defend_G","Defend_G","Survivor","Neutralize","Dagger Spray","Footwork","Bouncing Flask+1","Tactician","Burst","Cloak And Dagger","Calculated Gamble"],"relics":["Ring of the Snake","NeowsBlessing","Gremlin Horn","Smiling Mask"],"acts_visited":["Exordium"],"potions_floor_usage":[12],"damage_taken":[{"damage":0.0,"enemies":"2 Louse","floor":1.0,"turns":1.0},{"damage":0.0,"enemies":"Small Slimes","floor":4.0,"turns":1.0},{"damage":0,"enemies":"Gremlin Nob","floor":7,"turns":1},{"damage":2,"enemies":"Exordium Wildlife","floor":8,"turns":3},{"damage":20,"enemies":"3 Louse","floor":11,"turns":3},{"damage":3,"enemies":"Blue Slaver","floor":12,"turns":3},{"damage":3,"enemies":"Exordium Thugs","floor":13,"turns":6},{"damage":3,"enemies":"Looter","floor":15,"turns":5},{"damage":0,"enemies":"Slime Boss","floor":17,"turns":1}],"seed_played":"8215717803498161675","potions_obtained":[{"floor":1.0,"key":"FearPotion"},{"floor":7,"key":"Block Potion"}],"is_trial":false,"path_per_floor":["M","?","?","M","M","?","E","M","$","T","M","M","M","R","M","R","B"],"character_chosen":"THE_SILENT","items_purchased":["Footwork","Bouncing Flask"],"campfire_rested":1,"item_purchase_floors":[9,9],"current_hp_per_floor":[63,52,45,45,45,38,38,36,36,36,16,13,10,31,28,28,28,28],"gold":139,"neow_bonus":"THREE_ENEMY_KILL","is_daily":false,"chose_seed":false,"campfire_upgraded":1,"win_rate":0.0,"timestamp":1608374168,"path_taken":["M","?","?","M","M","?","E","M","$","T","M","?","M","R","M","R","BOSS"],"items_purchased_type":["Card","Card"],"build_version":"2020-12-13","purchased_purges":1,"victory":false,"max_hp_per_floor":[70,70,70,70,70,70,70,70,70,70,70,70,70,70,70,70,70,70],"card_choices":[{"not_picked":["Heel Hook","Cloak And Dagger"],"picked":"Dagger Spray","floor":1.0},{"not_picked":["Slice","Quick Slash","Poisoned Stab"],"picked":"SKIP","floor":4.0},{"not_picked":["Infinite Blades","Dodge and Roll","Underhanded Strike"],"picked":"SKIP","floor":7},{"not_picked":["Underhanded Strike","Acrobatics","Leg Sweep"],"picked":"SKIP","floor":8},{"not_picked":["All Out Attack","Acrobatics"],"picked":"Tactician","floor":11},{"not_picked":["Sucker Punch","Crippling Poison"],"picked":"Burst","floor":12},{"not_picked":["Dagger Throw","Poisoned Stab"],"picked":"Cloak And Dagger","floor":13},{"not_picked":["Quick Slash","Slice"],"picked":"Calculated Gamble","floor":15}],"player_experience":650292,"relics_obtained":[{"floor":7,"key":"Gremlin Horn"},{"floor":10,"key":"Smiling Mask"}],"event_choices":[{"damage_healed":0.0,"max_hp_gain":0.0,"max_hp_loss":0.0,"gold_gain":75.0,"event_name":"World of Goop","player_choice":"Gather Gold","floor":2.0,"gold_loss":0.0,"damage_taken":11.0},{"cards_removed":["Strike_G"],"damage_healed":0.0,"max_hp_gain":0.0,"max_hp_loss":0.0,"gold_gain":0.0,"event_name":"Golden Wing","player_choice":"Card Removal","floor":3.0,"gold_loss":0.0,"damage_taken":7.0},{"damage_healed":0,"gold_gain":75,"player_choice":"Touch","damage_taken":7,"max_hp_gain":0,"max_hp_loss":0,"event_name":"FaceTrader","floor":6,"gold_loss":0}],"is_beta":false,"boss_relics":[],"items_purged_floors":[9],"is_endless":false,"potions_floor_spawned":[1,7],"killed_by":"Slime Boss","ascension_level":13}}