{"host":"25hwxgnshg5vqzox","time":1608411746,"event":{"mods":["BaseMod","Colored Map","Downfall","Googly Eyes","Highlight Path","Minty Spire (QoL Compilation)","Replay The Spire","StSLib"],"gold_per_floor":[111,111,130,59,69,69,79,98,177,210,210,210,245,260,260,356,356,370,255,272,372,392,417,417,432,432,432,432,432,432,452,452,548,548,564,614,614,631,646,646,417,417,441,469,469,480,480,7,7,7],"floor_reached":51,"playtime":3428,"items_purged":[],"score":738,"play_id":"f3eff5c5-6222-4d67-a30c-1a890ef0a5f3","local_time":"20201219210226","is_ascension_mode":true,"campfire_choices":[{"floor":6,"key":"REST"},{"floor":11,"key":"REST"},{"floor":15,"key":"REST"},{"floor":24,"key":"REST"},{"floor":28,"key":"REST"},{"floor":30,"key":"REST"},{"data":"Echo Form","floor":32,"key":"SMITH"},{"data":"Buffer","floor":40,"key":"SMITH"},{"data":"Electrodynamics","floor":42,"key":"SMITH"},{"data":"Defragment","floor":45,"key":"SMITH"},{"data":"Replay:SS_hec_4","floor":47,"key":"SMITH"},{"data":"Seek","floor":49,"key":"SMITH"}],"circlet_count":0,"master_deck":["Strike_B+1","Strike_B+1","Strike_B+1","Strike_B+1","Defend_B+1","Defend_B+1","Defend_B+1","Defend_B+1","Zap","Dualcast","Auto Shields+1","Reinforced Body","Defragment+1","Force Field","ReplayGash","Electrodynamics+1","Echo Form+1","Steam","Buffer+1","Barrage","Capacitor","Redo","Redo","Go for the Eyes","Ball Lightning","Leap","Conserve Battery+1","Cold Snap","Chill+1","Barrage+1","Storm+1","White Noise+1","Replay:SS_hec_4+1","All For One+1","Stack+1","Seek+1","Crow Ritual"],"relics":["Cracked Core","Replay:WaspNest","Ice Cream","Pen Nib","ReplayTheSpireMod:TigerMarble","Runic Pyramid","MealTicket","ReplayTheSpireMod:Shallot","ChewingGum","Replay:PocketPolymizer","Replay:Rubber Ducky","Oddly Smooth Stone","War Paint","Guide Book"],"acts_visited":["Exordium","TheCity","TheBeyond"],"potions_floor_usage":[13,20,23,23,50],"damage_taken":[{"damage":1,"enemies":"Jaw Worm","floor":1,"turns":4},{"damage":1,"enemies":"Cultist","floor":3,"turns":4},{"damage":1,"enemies":"Small Slimes","floor":5,"turns":3},{"damage":0,"enemies":"3 Louse","floor":7,"turns":5},{"damage":16,"enemies":"Large Slime","floor":8,"turns":6},{"damage":12,"enemies":"Lagavulin","floor":10,"turns":7},{"damage":28,"enemies":"Gremlin Nob","floor":13,"turns":5},{"damage":0,"enemies":"Exordium Wildlife","floor":14,"turns":3},{"damage":32,"enemies":"The Guardian","floor":16,"turns":9},{"damage":0,"enemies":"Chosen","floor":18,"turns":6},{"damage":13,"enemies":"2 Thieves","floor":20,"turns":3},{"damage":2,"enemies":"Snecko","floor":22,"turns":7},{"damage":57,"enemies":"Gremlin Leader","floor":23,"turns":7},{"damage":13,"enemies":"Shelled Parasite and Fungi","floor":25,"turns":7},{"damage":10,"enemies":"Centurion and Healer","floor":31,"turns":7},{"damage":27,"enemies":"Pondfish","floor":33,"turns":10},{"damage":0,"enemies":"3 Darklings","floor":35,"turns":5},{"damage":15,"enemies":"Mind Bloom Boss Battle","floor":36,"turns":6},{"damage":3,"enemies":"3 Shapes","floor":38,"turns":2},{"damage":0,"enemies":"3 Darklings","floor":39,"turns":6},{"damage":12,"enemies":"Nemesis","floor":44,"turns":7},{"damage":0,"enemies":"Sphere and 2 Shapes","floor":46,"turns":6},{"damage":22,"enemies":"Donu and Deca","floor":50,"turns":9}],"seed_played":"-26902032392051689","potions_obtained":[{"floor":1,"key":"SkillPotion"},{"floor":3,"key":"SpeedPotion"},{"floor":13,"key":"Block Potion"},{"floor":14,"key":"PowerPotion"},{"floor":22,"key":"PowerPotion"},{"floor":25,"key":"SteroidPotion"},{"floor":29,"key":"Toxic Potion"},{"floor":29,"key":"Reflective Coating"},{"floor":29,"key":"DuplicationPotion"}],"is_trial":false,"path_per_floor":["M","?","M","$","M","R","M","M","T","E","R","?","E","M","R","B",null,"M","$","M","?","M","E","R","M","T","?","R","?","R","M","R_BF","B",null,"M","?","?","M","M","R","$","R","T","E","R","M","R","$","R","B",null],"character_chosen":"DEFECT","items_purchased":["Defragment","Capacitor","Redo","Replay:Rubber Ducky","Replay:SS_hec_4","Guide Book","Seek","Crow Ritual"],"campfire_rested":6,"item_purchase_floors":[4,19,19,41,41,48,48,48],"current_hp_per_floor":[67,67,66,66,65,89,89,73,73,61,87,62,34,34,60,28,89,89,89,76,76,74,17,43,34,34,34,60,60,86,76,76,49,89,89,74,74,71,71,71,86,86,86,74,74,74,74,89,89,67],"gold":7,"neow_bonus":"TWENTY_PERCENT_HP_BONUS","is_daily":false,"chose_seed":false,"campfire_upgraded":6,"win_rate":0.0,"timestamp":1608411746,"path_taken":["M","?","?","$","M","R","M","?","T","E","R","?","E","M","R","BOSS","M","$","M","?","M","E","R","?","T","?","R","?","R","?","R_BF","BOSS","M","?","?","M","M","R","$","R","T","E","R","M","R","$","R","BOSS"],"items_purchased_type":["Card","Card","Card","Relic","Card","Relic","Card","Card"],"build_version":"2020-12-13","purchased_purges":0,"victory":true,"max_hp_per_floor":[89,89,89,89,89,89,89,89,89,89,89,89,89,89,89,89,89,89,89,89,89,89,89,89,89,89,89,89,89,89,89,89,89,89,89,89,89,89,89,89,89,89,89,89,89,89,89,89,89,89],"card_choices":[{"not_picked":["Hologram","Sweeping Beam"],"picked":"Auto Shields","floor":1},{"not_picked":["Scrape","Coolheaded"],"picked":"Reinforced Body","floor":3},{"not_picked":["Rebound","BasicCrystalCard"],"picked":"Force Field","floor":5},{"not_picked":["Cold Snap","Time Bomb"],"picked":"ReplayGash","floor":7},{"not_picked":["Crystallizer","Defragment"],"picked":"Electrodynamics","floor":8},{"not_picked":["Skim","ReplayTheSpireMod:Reroute Power","Rebound"],"picked":"SKIP","floor":10},{"not_picked":["Force Field","Barrage"],"picked":"Echo Form","floor":13},{"not_picked":["Force Field","Stack"],"picked":"Steam","floor":14},{"not_picked":["Multi-Cast","Electrodynamics"],"picked":"Buffer","floor":16},{"not_picked":["Panic Button+1","Hologram"],"picked":"Barrage","floor":18},{"not_picked":["ReplayTheSpireMod:Reroute Power","Compile Driver"],"picked":"Go for the Eyes","floor":20},{"not_picked":["Sweeping Beam","Stack"],"picked":"Ball Lightning","floor":22},{"not_picked":["Capacitor","Amplify"],"picked":"Leap","floor":23},{"not_picked":["Force Field","ReplaySort"],"picked":"Conserve Battery","floor":25},{"not_picked":["Panic Button","Sweeping Beam"],"picked":"Cold Snap","floor":31},{"not_picked":["Go for the Eyes","Streamline+1"],"picked":"Chill","floor":35},{"not_picked":["Undo+1","Streamline+1"],"picked":"Barrage+1","floor":36},{"not_picked":["Tempest+1","Beam Cell"],"picked":"Storm+1","floor":38},{"not_picked":["ReplayTheSpireMod:System Scan+1","Go for the Eyes+1"],"picked":"White Noise+1","floor":39},{"not_picked":["Undo","Steam+1"],"picked":"All For One","floor":44},{"not_picked":["BasicCrystalCard","ReplayTheSpireMod:GoodbyeWorld+1"],"picked":"Stack+1","floor":46}],"player_experience":21999,"relics_obtained":[{"floor":9,"key":"Replay:WaspNest"},{"floor":10,"key":"Ice Cream"},{"floor":13,"key":"ReplayTheSpireMod:TigerMarble"},{"floor":23,"key":"MealTicket"},{"floor":26,"key":"ReplayTheSpireMod:Shallot"},{"floor":36,"key":"Replay:PocketPolymizer"},{"floor":43,"key":"Oddly Smooth Stone"},{"floor":44,"key":"War Paint"}],"event_choices":[{"damage_healed":0,"gold_gain":0,"player_choice":"Bought 0 Potions","damage_taken":0,"max_hp_gain":0,"max_hp_loss":0,"event_name":"The Woman in Blue","floor":2,"gold_loss":0},{"damage_healed":0,"gold_gain":0,"player_choice":"Success","damage_taken":25,"relics_obtained":["Pen Nib"],"max_hp_gain":0,"max_hp_loss":0,"event_name":"Scrap Ooze","floor":12,"gold_loss":0},{"damage_healed":0,"gold_gain":100,"player_choice":"Pray","damage_taken":0,"max_hp_gain":0,"max_hp_loss":0,"event_name":"Golden Shrine","floor":21,"gold_loss":0},{"damage_healed":0,"gold_gain":0,"player_choice":"Simplicity","damage_taken":0,"max_hp_gain":0,"max_hp_loss":0,"event_name":"Back to Basics","floor":27,"gold_loss":0,"cards_upgraded":["Strike_B","Strike_B","Strike_B","Strike_B","Defend_B","Defend_B","Defend_B","Defend_B"]},{"damage_healed":0,"gold_gain":0,"player_choice":"Got Potions","damage_taken":0,"max_hp_gain":0,"max_hp_loss":0,"event_name":"Lab","floor":29,"gold_loss":0},{"damage_healed":0,"gold_gain":0,"player_choice":"Fight","damage_taken":0,"max_hp_gain":0,"max_hp_loss":0,"event_name":"MindBloom","floor":36,"gold_loss":0},{"damage_healed":0,"gold_gain":0,"player_choice":"Ignored","damage_taken":0,"max_hp_gain":0,"max_hp_loss":0,"event_name":"Tomb of Lord Red Mask","floor":37,"gold_loss":0}],"is_beta":false,"boss_relics":[{"not_picked":["Replay:Wanted Poster","Snecko Eye"],"picked":"Runic Pyramid"},{"not_picked":["Honey Jar","Velvet Choker"],"picked":"ChewingGum"}],"items_purged_floors":[],"is_endless":false,"potions_floor_spawned":[1,3,13,14,22,25,31,33,44,46],"ascension_level":1}}