{"host":"30jsp143e4v19aze","time":1608406401,"event":{"mods":["BaseMod","Colored Map","Highlight Path","Minty Spire (QoL Compilation)","Quick Restart","Relic Sorter","Relic Stats","Say the Spire","StSLib"],"gold_per_floor":[114,40,40,55,55,55,55,55,100,118,131,161,172,185,185,256,256,276,201,214,6,6,6],"floor_reached":22,"playtime":2456,"items_purged":["Strike_R"],"score":372,"play_id":"9d01842b-1fda-48fc-a690-e079d4ad0354","local_time":"20201219203321","is_ascension_mode":true,"campfire_choices":[{"data":"Fiend Fire","floor":6,"key":"SMITH"},{"data":"Battle Trance","floor":8,"key":"SMITH"},{"data":"True Grit","floor":15,"key":"SMITH"}],"circlet_count":0,"master_deck":["AscendersBane","Strike_R","Strike_R","Strike_R","Defend_R","Defend_R","Defend_R","Defend_R","Bash","Fiend Fire+1","Battle Trance+1","Feel No Pain","Pummel","True Grit+1","Feel No Pain","Barricade","Power Through","Corruption","Flame Barrier","Burning Pact","Shrug It Off"],"relics":["Burning Blood","Nunchaku","MealTicket","Mark of Pain"],"acts_visited":["Exordium","TheCity"],"potions_floor_usage":[11,12,22],"damage_taken":[{"damage":8,"enemies":"Small Slimes","floor":1,"turns":3},{"damage":2,"enemies":"2 Louse","floor":4,"turns":3},{"damage":0,"enemies":"Cultist","floor":10,"turns":2},{"damage":21,"enemies":"Gremlin Gang","floor":11,"turns":6},{"damage":7,"enemies":"Lagavulin","floor":12,"turns":4},{"damage":7,"enemies":"Large Slime","floor":13,"turns":3},{"damage":7,"enemies":"Looter","floor":14,"turns":3},{"damage":33,"enemies":"The Guardian","floor":16,"turns":26},{"damage":22,"enemies":"3 Byrds","floor":18,"turns":9},{"damage":39,"enemies":"Shell Parasite","floor":20,"turns":11},{"damage":30,"enemies":"3 Cultists","floor":22,"turns":5}],"seed_played":"5588595967094728852","potions_obtained":[{"floor":1,"key":"Block Potion"},{"floor":10,"key":"FearPotion"},{"floor":16,"key":"CultistPotion"}],"is_trial":false,"path_per_floor":["M","$","?","M","?","R","?","R","T","M","M","E","M","M","R","B",null,"M","?","M","$","M"],"character_chosen":"IRONCLAD","items_purchased":["Feel No Pain","Burning Pact","Shrug It Off"],"campfire_rested":0,"item_purchase_floors":[2,21,21],"current_hp_per_floor":[66,66,71,75,75,75,75,75,75,80,65,64,63,62,62,35,69,53,53,20,35,5,5],"gold":6,"neow_bonus":"THREE_RARE_CARDS","is_daily":false,"chose_seed":false,"campfire_upgraded":3,"win_rate":0.0,"timestamp":1608406401,"path_taken":["M","$","?","M","?","R","?","R","T","M","?","E","?","M","R","BOSS","M","?","M","$","M"],"items_purchased_type":["Card","Card","Card"],"build_version":"2020-12-13","purchased_purges":1,"victory":false,"max_hp_per_floor":[75,75,80,80,80,80,80,80,80,80,80,80,80,80,80,80,80,80,80,80,80,80,80],"relic_stats":{"Nunchaku":[9],"counters":[11,75],"MealTicket":15,"obtain_stats":[{"Nunchaku":9,"MealTicket":12,"Mark of Pain":17,"Burning Blood":0},{"Nunchaku":2,"MealTicket":5,"Mark of Pain":8,"Burning Blood":0},{"Nunchaku":6,"MealTicket":18,"Mark of Pain":50,"Burning Blood":0}],"Burning Blood":59},"card_choices":[{"not_picked":["Double Tap","Exhume"],"picked":"Fiend Fire","floor":0},{"not_picked":["Pommel Strike","Shrug It Off"],"picked":"Battle Trance","floor":1},{"not_picked":["Armaments","Perfected Strike","Iron Wave"],"picked":"SKIP","floor":4},{"not_picked":["Seeing Red","Clash"],"picked":"True Grit","floor":10},{"not_picked":["Carnage","Warcry"],"picked":"Feel No Pain","floor":11},{"not_picked":["Immolate","Clash"],"picked":"Barricade","floor":12},{"not_picked":["Thunderclap","Carnage","Perfected Strike"],"picked":"SKIP","floor":13},{"not_picked":["Cleave","Uppercut"],"picked":"Power Through","floor":14},{"not_picked":["Immolate","Limit Break"],"picked":"Corruption","floor":16},{"not_picked":["Disarm","Thunderclap"],"picked":"Flame Barrier","floor":18},{"not_picked":["Havoc","Anger","True Grit"],"picked":"SKIP","floor":20}],"player_experience":2937278,"relics_obtained":[{"floor":9,"key":"Nunchaku"},{"floor":12,"key":"MealTicket"}],"event_choices":[{"damage_healed":0,"gold_gain":0,"player_choice":"Donut","damage_taken":0,"max_hp_gain":5,"max_hp_loss":0,"event_name":"Big Fish","floor":3,"gold_loss":0},{"damage_healed":0,"gold_gain":0,"player_choice":"Leave","damage_taken":0,"max_hp_gain":0,"max_hp_loss":0,"event_name":"The Cleric","floor":5,"gold_loss":0},{"damage_healed":0,"gold_gain":0,"cards_transformed":["Strike_R"],"player_choice":"Transformed","damage_taken":0,"max_hp_gain":0,"max_hp_loss":0,"event_name":"Transmorgrifier","floor":7,"gold_loss":0,"cards_obtained":["Pummel"]},{"cards_removed":["Injury"],"damage_healed":0,"gold_gain":0,"player_choice":"Gave Gold","damage_taken":0,"max_hp_gain":0,"max_hp_loss":0,"event_name":"Beggar","floor":19,"gold_loss":75}],"is_beta":false,"boss_relics":[{"not_picked":["Tiny House","Runic Dome"],"picked":"Mark of Pain"}],"items_purged_floors":[21],"is_endless":false,"potions_floor_spawned":[1,10,16],"killed_by":"3 Cultists","ascension_level":20}}