{"host":"4kgga43fr9t628g1","time":1608369438,"event":{"mods":["Act Like it!","BaseMod","Gensokyo","MarisaÅiñ∂âJÅ@ñÇóùçπÅj","Minty Spire (QoL Compilation)","StSLib","everything is the same but u backflip on backflip"],"gold_per_floor":[111,111,36,52,0,25,25,59,59,59,88,88,88,0,0,77,77,77,77,77,27,27,27,27],"floor_reached":23,"playtime":1054,"items_purged":["Defend_R"],"score":435,"play_id":"ed796190-ea31-4f62-9b26-07ba901878aa","local_time":"20201219011718","is_ascension_mode":true,"campfire_choices":[{"floor":7,"key":"REST"},{"data":"Armaments","floor":10,"key":"SMITH"},{"floor":15,"key":"REST"}],"circlet_count":0,"master_deck":["AscendersBane","Defend_R+1","Defend_R","Defend_R+1","Bash","Pommel Strike","Armaments+1","Demon Form","Sword Boomerang","Metallicize","Limit Break","Shrug It Off+1","Bite","Bite","Bite","Bite","Bite","Thunderclap"],"relics":["Burning Blood","Ancient Tea Set","Gambling Chip","StrikeDummy","Letter Opener","War Paint","Ectoplasm"],"acts_visited":["Exordium","TheCity"],"potions_floor_usage":[6,8,16,22,23],"damage_taken":[{"damage":9,"enemies":"Jaw Worm","floor":1,"turns":4},{"damage":0,"enemies":"2 Louse","floor":4,"turns":3},{"damage":62,"enemies":"3 Sentries","floor":6,"turns":13},{"damage":8,"enemies":"Gremlin Nob","floor":8,"turns":3},{"damage":20,"enemies":"3 Sentries","floor":11,"turns":5},{"damage":26,"enemies":"Hexaghost","floor":16,"turns":7},{"damage":18,"enemies":"Shell Parasite","floor":18,"turns":4},{"damage":1,"enemies":"3 Byrds","floor":19,"turns":7},{"damage":9,"enemies":"3 Cultists","floor":22,"turns":5},{"damage":67,"enemies":"Book of Stabbing","floor":23,"turns":4}],"seed_played":"2655409656798989658","potions_obtained":[{"floor":4,"key":"Dexterity Potion"},{"floor":6,"key":"BlessingOfTheForge"},{"floor":11,"key":"DistilledChaos"},{"floor":16,"key":"Swift Potion"},{"floor":19,"key":"PowerPotion"}],"is_trial":false,"path_per_floor":["M","?","$","M","?","E","R","E","T","R","E","?","?","$","R","B",null,"M","M","?","?","M","E"],"character_chosen":"IRONCLAD","items_purchased":["Metallicize"],"campfire_rested":2,"item_purchase_floors":[14],"current_hp_per_floor":[65,65,65,71,71,15,37,35,35,35,21,21,21,21,43,23,62,50,55,52,52,52,0,0],"gold":27,"neow_bonus":"RANDOM_COMMON_RELIC","is_daily":false,"chose_seed":false,"campfire_upgraded":1,"win_rate":0.0,"timestamp":1608369438,"path_taken":["M","?","$","M","?","E","R","E","T","R","E","?","?","$","R","BOSS","M","M","?","?","?","E"],"items_purchased_type":["Card"],"build_version":"2020-12-13","purchased_purges":1,"victory":false,"max_hp_per_floor":[75,75,75,75,75,75,75,75,75,75,75,75,75,75,75,75,75,75,75,52,52,52,52,52],"card_choices":[{"not_picked":["Headbutt","Ghostly Armor"],"picked":"Pommel Strike","floor":1},{"not_picked":["Ghostly Armor","Sentinel"],"picked":"Armaments","floor":4},{"not_picked":["Entrench","Wild Strike","Evolve"],"picked":"SKIP","floor":6},{"not_picked":["Barricade","Burning Pact"],"picked":"Demon Form","floor":8},{"not_picked":["Headbutt","Havoc"],"picked":"Sword Boomerang","floor":11},{"not_picked":["Brutality","Corruption"],"picked":"Limit Break","floor":16},{"not_picked":["Havoc","Sever Soul"],"picked":"Shrug It Off+1","floor":18},{"not_picked":["Shrug It Off","Combust","Armaments"],"picked":"SKIP","floor":19},{"not_picked":["Anger","Clash"],"picked":"Thunderclap","floor":22}],"player_experience":816408,"relics_obtained":[{"floor":6,"key":"Gambling Chip"},{"floor":8,"key":"StrikeDummy"},{"floor":9,"key":"Letter Opener"},{"floor":11,"key":"War Paint"}],"event_choices":[{"damage_healed":0,"gold_gain":0,"player_choice":"Ignored","damage_taken":0,"max_hp_gain":0,"max_hp_loss":0,"event_name":"Liars Game","floor":2,"gold_loss":0},{"damage_healed":0,"gold_gain":0,"player_choice":"Left Gold","damage_taken":0,"max_hp_gain":0,"max_hp_loss":0,"event_name":"World of Goop","floor":5,"gold_loss":52},{"cards_removed":["Strike_R"],"damage_healed":0,"gold_gain":0,"player_choice":"Forget","damage_taken":0,"max_hp_gain":0,"max_hp_loss":0,"event_name":"Living Wall","floor":12,"gold_loss":0},{"damage_healed":0,"gold_gain":0,"player_choice":"Ignored","damage_taken":0,"max_hp_gain":0,"max_hp_loss":0,"event_name":"Shining Light","floor":13,"gold_loss":0},{"damage_healed":0,"gold_gain":0,"player_choice":"Became a vampire","damage_taken":0,"max_hp_gain":0,"max_hp_loss":23,"event_name":"Vampires","floor":20,"gold_loss":0,"cards_obtained":["Bite","Bite","Bite","Bite","Bite"]},{"damage_healed":0,"gold_gain":100,"player_choice":"Bet on Murderer","damage_taken":0,"max_hp_gain":0,"max_hp_loss":0,"event_name":"The Joust","floor":21,"gold_loss":50}],"is_beta":false,"boss_relics":[{"not_picked":["Black Star","Fusion Hammer"],"picked":"Ectoplasm"}],"items_purged_floors":[3],"is_endless":false,"potions_floor_spawned":[4,6,11,16,19],"killed_by":"Book of Stabbing","ascension_level":20}}