{"host":"1mxf43y0hzpoj3pg","time":1608376023,"event":{"mods":["AchievementEnabler","BaseMod","BetterRewards","Colored Map","Conspire","Downfall","Hubris","Minty Spire (QoL Compilation)","Permanent Neow","Replay The Spire","Shop Mod","StSLib","The Jungle"],"gold_per_floor":[99,113,113,113,133,133,158,158,193,118,137,150,2,2,20,123,123,123,157,257,269,296,296,342,76,106,31,41,56,56,56,71,176,176,176,195,209,222,236,236,281,206,224,204,216,401,417,517,534,534,534,559,209,209,209],"floor_reached":56,"playtime":5696,"items_purged":["Slimebound:Strike_Slimebound","Slimebound:Strike_Slimebound","Slimebound:Defend_Slimebound"],"score":1463,"play_id":"ab2a521c-651f-4734-9946-05070006341f","local_time":"20201219060703","is_ascension_mode":true,"campfire_choices":[{"floor":1,"key":"RECALL"},{"data":"Slimebound:Split","floor":6,"key":"SMITH"},{"data":"Slimebound:CorrosiveSpit","floor":8,"key":"SMITH"},{"data":"Slimebound:SplitLeeching","floor":10,"key":"SMITH"},{"data":"Slimebound:DivideAndConquer","floor":18,"key":"SMITH"},{"data":"Slimebound:SlimeTap","floor":23,"key":"SMITH"},{"data":"Slimebound:SpikyOuterGoop","floor":27,"key":"SMITH"},{"data":"Slimebound:Overexert","floor":35,"key":"SMITH"},{"data":"Slimebound:SplitMire","floor":40,"key":"SMITH"},{"data":"Slimebound:LeechEnergy","floor":42,"key":"SMITH"},{"data":"Slimebound:SpikyOuterGoop","floor":54,"key":"SMITH"}],"circlet_count":0,"master_deck":["Slimebound:Strike_Slimebound","Slimebound:Defend_Slimebound","Slimebound:Defend_Slimebound+1","Slimebound:Defend_Slimebound","Slimebound:Split+1","Slimebound:CorrosiveSpit+1","Slimebound:SplitLeeching+1","Slimebound:SlimeTap+1","Slimebound:ItLooksTasty","Slimebound:DivideAndConquer+1","Slimebound:GrowthPunch","Slimebound:SpikyOuterGoop+1","Slimebound:GrowthPunch","Slimebound:FirmFortitude+1","Slimebound:SplitBruiser","Slimebound:OneTwoCombo","Slimebound:Replication+1","Slimebound:LeechEnergy+1","Slimebound:Nibble+1","Slimebound:SplitBruiser","Slimebound:RallyTheTroops+1","Slimebound:ItLooksTasty","Slimebound:SplitBruiser","Slimebound:Overexert+1","Slimebound:SplitMire+1","Slimebound:OneTwoCombo","Slimebound:RejuvenatingLick+1","Slimebound:ItLooksTasty","Slimebound:SplitBruiser+1","Slimebound:SpikyOuterGoop+1","Slimebound:MinionMaster+1","Slimebound:SplitMire","Slimebound:SplitMire+1","Slimebound:Replication+1","Slimebound:SlimeBarrage+1","Slimebound:SplitMire+1"],"relics":["Slimebound:AbsorbEndCombat","hubris:Icosahedron","Slimebound:AggressiveSlimeRelic","Happy Flower","downfall:HeartBlessingRed","Black Star","Gremlin Food","Omamori","Bottled Tornado","Toy Ornithopter","Replay:Baseball","MawBank","BargainBundle","CaptainsWheel","Replay:Accelerometer","downfall:HeartBlessingGreen","hubris:Towel","conspire:TopHat","hubris:Stopwatch","downfall:HeartBlessingBlue","Pen Nib","Thread and Needle","White Beast Statue","hubris:MysteriousPyramids","ReplayFunnel","Guide Book"],"acts_visited":["Exordium","TheCity","TheBeyond","TheEnding"],"potions_floor_usage":[16,20,20,25,26,33,38,46,48,55],"damage_taken":[{"damage":10,"enemies":"Jaw Worm","floor":2,"turns":4},{"damage":8,"enemies":"Small Slimes","floor":5,"turns":4},{"damage":30,"enemies":"3 Sentries","floor":9,"turns":6},{"damage":17,"enemies":"2 Louse","floor":11,"turns":2},{"damage":16,"enemies":"Large Slime","floor":12,"turns":3},{"damage":16,"enemies":"downfall:FleeingMerchant","floor":13,"turns":4},{"damage":12,"enemies":"2 Fungi Beasts","floor":15,"turns":2},{"damage":32,"enemies":"downfall:Silent","floor":16,"turns":6},{"damage":29,"enemies":"Gremlin Leader","floor":19,"turns":5},{"damage":23,"enemies":"Colosseum Nobs","floor":20,"turns":3},{"damage":25,"enemies":"Shell Parasite","floor":21,"turns":4},{"damage":57,"enemies":"Slavers","floor":22,"turns":6},{"damage":11,"enemies":"downfall:FleeingMerchant","floor":25,"turns":4},{"damage":37,"enemies":"Book of Stabbing","floor":26,"turns":4},{"damage":12,"enemies":"Spheric Guardian","floor":28,"turns":2},{"damage":24,"enemies":"Chosen and Byrds","floor":29,"turns":3},{"damage":12,"enemies":"3 Cultists","floor":32,"turns":2},{"damage":19,"enemies":"downfall:Watcher","floor":33,"turns":5},{"damage":20,"enemies":"3 Darklings","floor":36,"turns":2},{"damage":19,"enemies":"Orb Walker","floor":37,"turns":2},{"damage":18,"enemies":"3 Darklings","floor":38,"turns":3},{"damage":22,"enemies":"Writhing Mass","floor":39,"turns":4},{"damage":39,"enemies":"Jaw Worm Horde","floor":43,"turns":3},{"damage":36,"enemies":"Reptomancer","floor":44,"turns":4},{"damage":24,"enemies":"4 Shapes","floor":45,"turns":3},{"damage":20,"enemies":"downfall:FleeingMerchant","floor":46,"turns":3},{"damage":28,"enemies":"Spire Growth","floor":47,"turns":3},{"damage":22,"enemies":"downfall:LadyInBlue","floor":48,"turns":2},{"damage":20,"enemies":"Maw","floor":49,"turns":3},{"damage":24,"enemies":"downfall:Defect","floor":50,"turns":4},{"damage":61,"enemies":"downfall:CharBossMerchant","floor":52,"turns":6},{"damage":70,"enemies":"downfall:NeowBoss","floor":55,"turns":15}],"seed_played":"-4738079185563808766","potions_obtained":[{"floor":2,"key":"Energy Potion"},{"floor":5,"key":"Slimebound:SlimyTonguePotion"},{"floor":11,"key":"Energy Potion"},{"floor":16,"key":"Strength Potion"},{"floor":29,"key":"Slimebound:SlimedPotion"},{"floor":38,"key":"Energy Potion"},{"floor":44,"key":"BlessingOfTheForge"},{"floor":45,"key":"DuplicationPotion"},{"floor":47,"key":"SpeedPotion"},{"floor":48,"key":"Regen Potion"},{"floor":48,"key":"ColorlessPotion"}],"is_trial":false,"path_per_floor":["R_BF","M","?","?","M","R","T","R","E","R","M","M","$","?","M","B",null,"R","E","?","M","E","R","T","$","E","R","M","M","?","?","M","B",null,"R_BF","M","M","M","M","R","T","R","M","E","M","$","M","?","M","B",null,"E","$","R","B",null],"character_chosen":"SLIMEBOUND","items_purchased":["Slimebound:SpikyOuterGoop","Slimebound:GrowthPunch","BargainBundle","Slimebound:RallyTheTroops","Slimebound:ItLooksTasty","Slimebound:SplitBruiser","Fire Potion","Fire Potion","SpeedPotion","Slimebound:SplitMire","Guide Book","DistilledChaos"],"campfire_rested":0,"item_purchase_floors":[13,13,25,25,25,25,25,25,25,46,53,53],"current_hp_per_floor":[66,66,66,66,66,66,66,66,52,52,47,59,66,66,66,66,66,66,66,62,66,41,41,41,66,57,57,62,62,62,62,66,66,66,66,66,55,66,66,66,66,76,61,72,76,64,72,76,76,72,76,76,76,76,66],"gold":209,"neow_bonus":"TEN_PERCENT_HP_BONUS","is_daily":false,"chose_seed":false,"campfire_upgraded":10,"win_rate":0.0,"timestamp":1608376023,"path_taken":["R_BF","M","?","?","M","R","T","R","E","R","M","M","?","?","M","BOSS","R","E","?","M","E","R","T","$","E","R","M","M","?","?","M","BOSS","R_BF","M","M","?","M","R","T","R","M","E","M","$","M","?","M","BOSS","E","$","R","BOSS"],"items_purchased_type":["Card","Card","Relic","Card","Card","Card","Potion","Potion","Potion","Card","Relic","Potion"],"build_version":"2020-12-13","purchased_purges":3,"victory":true,"max_hp_per_floor":[66,66,66,66,66,66,66,66,66,66,66,66,66,66,66,66,66,66,66,66,66,66,66,66,66,66,66,66,66,66,66,66,66,66,66,66,66,66,66,66,66,76,76,76,76,76,76,76,76,76,76,76,76,76,76],"card_choices":[{"not_picked":["Slimebound:SplitBruiser","Slimebound:SlimeBrawl"],"picked":"Slimebound:SplitLeeching","floor":2},{"not_picked":["Slimebound:Replication","Slimebound:ProtectTheBoss"],"picked":"Slimebound:SlimeTap","floor":5},{"not_picked":["Slimebound:LeechingTouch","Slimebound:LeadByExample"],"picked":"Slimebound:ItLooksTasty","floor":9},{"not_picked":["Slimebound:SplitLeeching","Slimebound:Dissolve"],"picked":"Slimebound:DivideAndConquer","floor":11},{"not_picked":["Slimebound:SamplingLick","Slimebound:WasteNot"],"picked":"Slimebound:GrowthPunch","floor":12},{"not_picked":["Slimebound:ComboTackle","Slimebound:Recollect","Slimebound:SamplingLick"],"picked":"SKIP","floor":13},{"not_picked":["Slimebound:FinishingTackle","Slimebound:MinionMaster"],"picked":"Slimebound:SplitBruiser","floor":15},{"not_picked":["Slimebound:RallyTheTroops","Slimebound:MinionMaster"],"picked":"Slimebound:OneTwoCombo","floor":16},{"not_picked":["Slimebound:Chomp","Slimebound:ComboTackle"],"picked":"Slimebound:Replication+1","floor":19},{"not_picked":["Slimebound:SlimeBrawl","Slimebound:LeechingTouch"],"picked":"Slimebound:LeechEnergy","floor":21},{"not_picked":["Slimebound:PressTheAttack","Slimebound:Schlurp"],"picked":"Slimebound:Nibble+1","floor":22},{"not_picked":["Slimebound:SlimeTap","Slimebound:Repurpose"],"picked":"Slimebound:SplitBruiser","floor":25},{"not_picked":["Slimebound:HauntingLick","Slimebound:LeechingTouch","Slimebound:Schlurp+1"],"picked":"SKIP","floor":26},{"not_picked":["Slimebound:SlimeBarrage+1","Slimebound:SplitAcid"],"picked":"Slimebound:Overexert","floor":28},{"not_picked":["Slimebound:Grow+1","Slimebound:TongueLash","Slimebound:FormOfPuddle"],"picked":"SKIP","floor":29},{"not_picked":["Slimebound:LeechEnergy","Slimebound:Schlurp"],"picked":"Slimebound:SplitMire","floor":32},{"not_picked":["Slimebound:RallyTheTroops","Slimebound:Recycling"],"picked":"Slimebound:OneTwoCombo","floor":33},{"not_picked":["Slimebound:ComboTackle","Slimebound:AcidTongue+1"],"picked":"Slimebound:RejuvenatingLick+1","floor":36},{"not_picked":["Slimebound:Schlurp+1","Slimebound:ComboTackle+1","Slimebound:DivideAndConquer+1"],"picked":"SKIP","floor":37},{"not_picked":["Slimebound:LeechingTouch+1","Slimebound:SplitBruiser"],"picked":"Slimebound:ItLooksTasty","floor":38},{"not_picked":["Slimebound:ComboTackle","Slimebound:Gluttony+1"],"picked":"Slimebound:SplitBruiser+1","floor":39},{"not_picked":["Slimebound:BestDefense","Slimebound:FirmFortitude+1","Slimebound:FinishingTackle"],"picked":"SKIP","floor":43},{"not_picked":["Slimebound:SamplingLick","Slimebound:DouseInSlime"],"picked":"Slimebound:SpikyOuterGoop","floor":44},{"not_picked":["Slimebound:SamplingLick","Slimebound:Dissolve+1","Slimebound:GoopSpray"],"picked":"SKIP","floor":45},{"not_picked":["Slimebound:DivideAndConquer+1","Slimebound:FinishingTackle+1"],"picked":"Slimebound:MinionMaster","floor":46},{"not_picked":["Slimebound:ProtectTheBoss+1","Slimebound:GoopTackle+1"],"picked":"Slimebound:SplitMire+1","floor":47},{"not_picked":["Slimebound:Nibble+1","Slimebound:GoopSpray"],"picked":"Slimebound:Replication+1","floor":48},{"not_picked":["Slimebound:RollThrough+1","Slimebound:Chomp+1"],"picked":"Slimebound:SlimeBarrage+1","floor":49},{"not_picked":["Slimebound:SplitBruiser+1","Slimebound:Schlurp"],"picked":"Slimebound:SplitMire+1","floor":52}],"player_experience":200336,"relics_obtained":[{"floor":7,"key":"Slimebound:AggressiveSlimeRelic"},{"floor":9,"key":"Happy Flower"},{"floor":19,"key":"Gremlin Food"},{"floor":19,"key":"Omamori"},{"floor":20,"key":"Bottled Tornado"},{"floor":22,"key":"Toy Ornithopter"},{"floor":22,"key":"Replay:Baseball"},{"floor":24,"key":"MawBank"},{"floor":26,"key":"CaptainsWheel"},{"floor":26,"key":"Replay:Accelerometer"},{"floor":44,"key":"Pen Nib"},{"floor":44,"key":"Thread and Needle"},{"floor":48,"key":"White Beast Statue"},{"floor":52,"key":"hubris:MysteriousPyramids"},{"floor":52,"key":"ReplayFunnel"}],"event_choices":[],"is_beta":false,"boss_relics":[{"not_picked":["Slimebound:AbsorbEndCombatUpgraded","hubris:TerracottaHorce"],"picked":"Black Star"},{"not_picked":["Pandora\u0027s Box","Replay:Wanted Poster"],"picked":"hubris:Stopwatch"}],"items_purged_floors":[25,46,53],"is_endless":false,"potions_floor_spawned":[2,5,11,12,16,20,29,32,38,44,45,47,49,52],"ascension_level":1}}