{"host":"phzz6vgtixj4nwio","time":1608383195,"event":{"mods":["BaseMod","GifTheSpireLib","Minty Spire (QoL Compilation)","StSLib","The Animator"],"gold_per_floor":[118,134,134,154,32,32,56,56,81,81,95,95,113,133,133,228,228,274,285,315,342,257,257,274,284,284,284,294,294,294],"floor_reached":29,"playtime":1874,"items_purged":["animator:Strike_FullmetalAlchemist"],"score":246,"play_id":"bd1643c6-fc44-48f1-b524-e270ecc9fbcc","local_time":"20201219130635","is_ascension_mode":false,"campfire_choices":[{"floor":6,"key":"RECALL"},{"data":"animator:ElricEdward","floor":10,"key":"SMITH"},{"data":"animator:ElricEdward","floor":12,"key":"SMITH"},{"floor":15,"key":"REST"},{"floor":23,"key":"REST"}],"circlet_count":0,"master_deck":["animator:Strike","animator:Strike","animator:Strike","animator:Defend","animator:Defend","animator:Defend+1","animator:ElricEdward+1","animator:ElricAlphonse+1","animator:ElricEdward+1","animator:WinryRockbell","animator:MaesHughes","animator:Sora","animator:ElricAlphonse","animator:Aisha","animator:Scar+1","animator:Kuroyukihime","animator:Geryuganshoop","animator:Scar"],"relics":["animator:LivingPicture","animator:TheMissingPiece","War Paint","animator:HolyGrailRelic","Red Mask","InkBottle","Shovel"],"acts_visited":["Exordium","TheCity"],"potions_floor_usage":[14,16,16,28],"damage_taken":[{"damage":8,"enemies":"Small Slimes","floor":1,"turns":4},{"damage":1,"enemies":"Cultist","floor":2,"turns":4},{"damage":3,"enemies":"Jaw Worm","floor":4,"turns":5},{"damage":10,"enemies":"Large Slime","floor":7,"turns":8},{"damage":4,"enemies":"Blue Slaver","floor":11,"turns":4},{"damage":5,"enemies":"Lots of Slimes","floor":13,"turns":3},{"damage":13,"enemies":"2 Fungi Beasts","floor":14,"turns":3},{"damage":37,"enemies":"Hexaghost","floor":16,"turns":12},{"damage":37,"enemies":"2 Thieves","floor":18,"turns":4},{"damage":4,"enemies":"Shell Parasite","floor":19,"turns":5},{"damage":28,"enemies":"Masked Bandits","floor":20,"turns":7},{"damage":0,"enemies":"Snecko","floor":21,"turns":7},{"damage":15,"enemies":"Centurion and Healer","floor":24,"turns":5},{"damage":19,"enemies":"Sentry and Sphere","floor":25,"turns":6},{"damage":2,"enemies":"Snecko","floor":28,"turns":5},{"damage":5,"enemies":"Centurion and Healer","floor":29,"turns":1}],"seed_played":"-8792713491141841663","potions_obtained":[{"floor":1,"key":"AttackPotion"},{"floor":2,"key":"Swift Potion"},{"floor":7,"key":"SteroidPotion"},{"floor":11,"key":"Dexterity Potion"},{"floor":20,"key":"Fire Potion"},{"floor":24,"key":"SteroidPotion"},{"floor":25,"key":"BlessingOfTheForge"},{"floor":28,"key":"ColorlessPotion"}],"is_trial":false,"path_per_floor":["M","M","$","M","$","R","M","?","T","R","M","R","M","M","R","B",null,"M","M","?","M","?","R","M","M","T","?","M","M"],"character_chosen":"THE_ANIMATOR","items_purchased":["animator:ElricEdward"],"campfire_rested":2,"item_purchase_floors":[5],"current_hp_per_floor":[58,57,57,54,54,54,44,44,44,44,40,40,36,23,43,6,75,38,34,8,10,10,33,20,3,3,3,1,0,0],"gold":294,"neow_bonus":"UPGRADE_CARD","is_daily":false,"chose_seed":false,"campfire_upgraded":2,"win_rate":0.0,"timestamp":1608383195,"path_taken":["M","M","$","M","$","R","M","?","T","R","?","R","M","M","R","BOSS","M","?","?","M","?","R","M","M","T","?","M","M"],"items_purchased_type":["Card"],"build_version":"2020-12-13","purchased_purges":1,"victory":false,"max_hp_per_floor":[66,66,66,66,66,66,66,66,66,66,66,66,67,67,67,67,75,75,75,77,79,79,79,81,83,83,83,83,83,83],"card_choices":[{"not_picked":["animator:Ain","animator:GuildGirl","animator:LeleiLaLalena"],"picked":"SKIP","floor":1},{"not_picked":["animator:Kuribayashi","animator:Laby","animator:TsurugaMeisai"],"picked":"SKIP","floor":2},{"not_picked":["animator:Shichika","animator:Tet","animator:Elsword"],"picked":"SKIP","floor":4},{"not_picked":["animator:MaesHughes","animator:RoyMustang"],"picked":"animator:WinryRockbell","floor":7},{"not_picked":["animator:Lu","animator:Shichika","animator:Saitama"],"picked":"SKIP","floor":11},{"not_picked":["animator:Ain","animator:Geryuganshoop"],"picked":"animator:MaesHughes","floor":13},{"not_picked":["animator:RoryMercury","animator:TsurugaMeisai","animator:Kuribayashi"],"picked":"SKIP","floor":14},{"not_picked":["animator:Boros","animator:Saitama"],"picked":"animator:Sora","floor":16},{"not_picked":["animator:Gluttony","animator:ElricEdward"],"picked":"animator:ElricAlphonse","floor":18},{"not_picked":["animator:Geryuganshoop","animator:DwarfShaman+1","animator:Priestess"],"picked":"SKIP","floor":19},{"not_picked":["animator:UneriGinkaku","animator:DolaCouronne"],"picked":"animator:Aisha","floor":20},{"not_picked":["animator:DolaStephanie+1","animator:Priestess"],"picked":"animator:Scar+1","floor":21},{"not_picked":["animator:DwarfShaman","animator:ChlammyZell","animator:UneriGinkaku+1"],"picked":"SKIP","floor":24},{"not_picked":["animator:Add","animator:Elsword"],"picked":"animator:Raven","floor":25},{"not_picked":["animator:Biyorigo","animator:LizardPriest+1"],"picked":"animator:Scar","floor":28}],"player_experience":587347,"relics_obtained":[{"floor":9,"key":"War Paint"},{"floor":20,"key":"Red Mask"},{"floor":26,"key":"Shovel"}],"event_choices":[{"damage_healed":0,"gold_gain":0,"cards_transformed":["animator:Defend_FullmetalAlchemist"],"player_choice":"Transformed","damage_taken":0,"max_hp_gain":0,"max_hp_loss":0,"event_name":"Transmorgrifier","floor":8,"gold_loss":0,"cards_obtained":["animator:Lelouch"]},{"damage_healed":0,"gold_gain":0,"player_choice":"Fought Bandits","damage_taken":0,"max_hp_gain":0,"max_hp_loss":0,"event_name":"Masked Bandits","floor":20,"gold_loss":0},{"damage_healed":0,"gold_gain":0,"player_choice":"Obtained Relic","damage_taken":0,"relics_obtained":["InkBottle"],"max_hp_gain":0,"max_hp_loss":0,"event_name":"Addict","floor":22,"gold_loss":85},{"damage_healed":0,"gold_gain":0,"cards_transformed":["animator:Lelouch","animator:Raven"],"player_choice":"Became Test Subject","damage_taken":0,"max_hp_gain":0,"max_hp_loss":0,"event_name":"Drug Dealer","floor":27,"gold_loss":0,"cards_obtained":["animator:Kuroyukihime","animator:Geryuganshoop"]}],"is_beta":false,"boss_relics":[{"not_picked":["Busted Crown","Mark of Pain"],"picked":"animator:HolyGrailRelic"}],"items_purged_floors":[5],"is_endless":false,"potions_floor_spawned":[1,2,7,11,20,24,25,28],"killed_by":"Centurion and Healer","ascension_level":0}}