{"host":"pz1ko3gi7nsxydm3","time":1608337245,"event":{"mods":["AchievementEnabler","Act Like it!","BaseMod","Better Note","Better Third Choice","Colored Map","Downfall","Hallownest","Hermit","Hubris","Infinite Spire","Minty Spire (QoL Compilation)","Rare Cards Sparkle","Replay The Spire","StSLib","The Bug Knight","The Jungle","??????REMEMod"],"gold_per_floor":[117,192,192,206,28,28,28,45,45,57,57,57,67,13,13,13,13],"floor_reached":16,"playtime":615,"items_purged":[],"score":90,"play_id":"8f9dc8f5-e923-40ea-90fa-5678ab546aa9","local_time":"20201219002045","is_ascension_mode":false,"campfire_choices":[{"data":"WindmillStrike","floor":6,"key":"SMITH"},{"floor":15,"key":"REST"}],"circlet_count":0,"master_deck":["Strike_P","Strike_P","Strike_P","Strike_P","Defend_P","Defend_P","Defend_P","Defend_P","Eruption","Vigilance","Blasphemy+1","WindmillStrike+1","Replay:Hum","Ragnarok+1","Swivel","Apotheosis","ClearTheMind","Replay:ManipulateFuture","InnerPeace","TalkToTheHand","TalkToTheHand"],"relics":["PureWater","REME_ComplimentaryCards","Quantum Egg"],"acts_visited":["Exordium"],"potions_floor_usage":[],"damage_taken":[{"damage":14.0,"enemies":"Small Slimes","floor":1.0,"turns":4.0},{"damage":6,"enemies":"Jaw Worm","floor":4,"turns":4},{"damage":0,"enemies":"2 Louse","floor":8,"turns":1},{"damage":0,"enemies":"Looter","floor":10,"turns":2},{"damage":0,"enemies":"3 Louse","floor":13,"turns":1},{"damage":99999,"enemies":"The Guardian","floor":16,"turns":3}],"seed_played":"6311516784876474412","potions_obtained":[{"floor":8,"key":"Strength Potion"},{"floor":10,"key":"Energy Potion"},{"floor":13,"key":"PowerPotion"}],"is_trial":false,"path_per_floor":["M","?","?","M","$","R","T","M","T","M","?","$","M","$","R_BF","B"],"character_chosen":"WATCHER","items_purchased":["Ragnarok+1","Swivel","TalkToTheHand"],"campfire_rested":1,"item_purchase_floors":[5,5,14],"current_hp_per_floor":[58,47,47,41,41,41,41,41,41,41,41,41,41,41,62,0,0],"gold":13,"neow_bonus":"ONE_RANDOM_RARE_CARD","is_daily":false,"chose_seed":false,"campfire_upgraded":1,"win_rate":0.0,"timestamp":1608337245,"path_taken":["M","?","?","M","$","R","?","M","T","M","?","$","M","?","R_BF","BOSS"],"items_purchased_type":["Card","Card","Card"],"build_version":"2020-12-13","purchased_purges":0,"victory":false,"max_hp_per_floor":[72,72,72,72,72,72,72,72,72,72,72,72,72,72,72,72,72],"card_choices":[{"not_picked":["CutThroughFate","Halt"],"picked":"WindmillStrike","floor":1.0},{"not_picked":["Vengeance","Collect"],"picked":"Replay:Hum","floor":4},{"not_picked":["FollowUp","EmptyBody"],"picked":"ClearTheMind","floor":8},{"not_picked":["Tantrum","FlyingSleeves"],"picked":"Replay:ManipulateFuture","floor":10},{"not_picked":["Nirvana","FlyingSleeves"],"picked":"InnerPeace","floor":13}],"player_experience":86857,"relics_obtained":[{"floor":9,"key":"Quantum Egg"}],"event_choices":[{"damage_healed":0.0,"max_hp_gain":0.0,"max_hp_loss":0.0,"gold_gain":75.0,"event_name":"betterThird:BetterGoop","player_choice":"Gold","floor":2.0,"gold_loss":0.0,"damage_taken":11.0}],"is_beta":false,"boss_relics":[],"items_purged_floors":[],"is_endless":false,"potions_floor_spawned":[8,10,13],"killed_by":"The Guardian","ascension_level":0}}