{"host":"7l2t4psy44vpcd9q","time":1608388302,"event":{"mods":["AchievementEnabler","BaseMod","DeckTracker","Minty Spire (QoL Compilation)","SuperFastMode"],"gold_per_floor":[109,109,109,122,136,169,16,16,16],"floor_reached":8,"playtime":293,"items_purged":["Strike_P"],"score":109,"play_id":"5378d3aa-7c3f-48aa-89df-4ab235fd449e","local_time":"20201219233142","is_ascension_mode":true,"campfire_choices":[],"circlet_count":0,"master_deck":["AscendersBane","Strike_P","Strike_P","Strike_P","Defend_P","Defend_P","Defend_P","Defend_P","Eruption","Vigilance","BowlingBash","MentalFortress","EmptyFist","FollowUp","WreathOfFlame","Worship","Adaptation"],"relics":["PureWater","NeowsBlessing","Prayer Wheel","InkBottle","Gremlin Horn"],"acts_visited":["Exordium"],"potions_floor_usage":[8],"damage_taken":[{"damage":0,"enemies":"Jaw Worm","floor":1,"turns":1},{"damage":0,"enemies":"Cultist","floor":4,"turns":1},{"damage":0,"enemies":"2 Louse","floor":5,"turns":1},{"damage":17,"enemies":"3 Sentries","floor":6,"turns":10},{"damage":12,"enemies":"Gremlin Nob","floor":8,"turns":4}],"seed_played":"1135445830715997860","potions_obtained":[{"floor":6,"key":"EssenceOfSteel"}],"is_trial":false,"path_per_floor":["M","?","T","M","M","E","$","E"],"character_chosen":"WATCHER","items_purchased":["Adaptation"],"campfire_rested":0,"item_purchase_floors":[7],"current_hp_per_floor":[61,43,43,43,43,26,26,14,14],"gold":16,"neow_bonus":"THREE_ENEMY_KILL","is_daily":false,"chose_seed":false,"campfire_upgraded":0,"win_rate":0.0,"timestamp":1608388302,"path_taken":["M","?","?","?","?","E","$","E"],"items_purchased_type":["Card"],"build_version":"2020-12-13","purchased_purges":1,"victory":false,"max_hp_per_floor":[68,68,68,68,68,68,68,68,68],"card_choices":[{"not_picked":["Protect","SashWhip"],"picked":"BowlingBash","floor":1},{"not_picked":["Pray","Consecrate"],"picked":"MentalFortress","floor":4},{"not_picked":["ThirdEye","FollowUp"],"picked":"EmptyFist","floor":4},{"not_picked":["Halt","Crescendo"],"picked":"FollowUp","floor":5},{"not_picked":["Prostrate","Wireheading"],"picked":"WreathOfFlame","floor":5},{"not_picked":["Fasting2","FollowUp"],"picked":"Worship","floor":6}],"player_experience":1103743,"relics_obtained":[{"floor":3,"key":"InkBottle"},{"floor":6,"key":"Gremlin Horn"}],"event_choices":[{"damage_healed":0,"gold_gain":0,"player_choice":"Success","damage_taken":18,"relics_obtained":["Prayer Wheel"],"max_hp_gain":0,"max_hp_loss":0,"event_name":"Scrap Ooze","floor":2,"gold_loss":0}],"is_beta":false,"boss_relics":[],"items_purged_floors":[7],"is_endless":false,"potions_floor_spawned":[6],"killed_by":"Gremlin Nob","ascension_level":19}}