{"host":"79pwvnyrdes6uj7k","time":1608410861,"event":{"mods":["2.2 Compatiblity","Astrologer","BaseMod","Beaked The Cultist","Colored Powertips","Downfall","Exacting","Friendly Minions","HexUI Lib","Highlight Path","Hubris","Infinite Spire","Mad Scientist","Mimic Mod","Minty Spire (QoL Compilation)","Random Character Button","Replay The Spire","Reworked Bosses","Shop Mod","Somnambulant","StSLib","The Cursed","The Disciple","The Factory","The Judge","The Jungle","The Poker Player","The Runesmith","TheHeartMod"],"gold_per_floor":[99,99,111,111,142,167,179,116,171,183,214,267,279,52,65,65,65],"floor_reached":16,"playtime":1196,"items_purged":[],"score":110,"play_id":"9df25da4-80bf-4962-aa6e-8b1f5181944d","local_time":"20201219144741","is_ascension_mode":false,"campfire_choices":[{"floor":8,"key":"REST"},{"floor":10,"key":"REST"}],"circlet_count":0,"master_deck":["sneckomod:Strike","sneckomod:Defend","sneckomod:Defend","sneckomod:TailWhip","sneckomod:SnekBite+1","sneckomod:Unknown","sneckomod:Unknown","sneckomod:UnknownClassGREEN","sneckomod:DiceBlock","sneckomod:UnknownStrike","sneckomod:SoulRoll","sneckomod:SerpentMind","sneckomod:QuickBite","sneckomod:Mudshield","sneckomod:Mudshield"],"relics":["Empty Cage","hubris:64BitClover","downfall:HeartBlessingBlue","Replay:Wax Seal","MerchantsRug"],"acts_visited":["Exordium"],"potions_floor_usage":[11,15,16,16],"damage_taken":[{"damage":6,"enemies":"Jaw Worm","floor":3,"turns":2},{"damage":0,"enemies":"Small Slimes","floor":5,"turns":3},{"damage":56,"enemies":"3 Sentries","floor":6,"turns":11},{"damage":62,"enemies":"Gremlin Nob","floor":9,"turns":6},{"damage":0,"enemies":"2 Louse","floor":11,"turns":1},{"damage":10,"enemies":"Lots of Slimes","floor":12,"turns":4},{"damage":0,"enemies":"downfall:FleeingMerchant","floor":14,"turns":4},{"damage":38,"enemies":"Exordium Thugs","floor":15,"turns":5},{"damage":4,"enemies":"downfall:Watcher","floor":16,"turns":2}],"seed_played":"-3037303035327005561","potions_obtained":[{"floor":6,"key":"Explosive Potion"},{"floor":6,"key":"sneckomod:MuddlingPotion"},{"floor":11,"key":"Ancient Potion"},{"floor":15,"key":"sneckomod:MuddlingPotion"}],"is_trial":false,"path_per_floor":["R","?","M","T","M","E","T","R","E","R","M","M","?","$","M","B"],"character_chosen":"THE_SNECKO","items_purchased":["MerchantsRug","sneckomod:Mudshield"],"campfire_rested":2,"item_purchase_floors":[14,14],"current_hp_per_floor":[90,90,84,84,84,28,28,68,6,36,36,41,41,41,3,0,0],"gold":65,"neow_bonus":"BOSS_RELIC","is_daily":false,"chose_seed":false,"campfire_upgraded":0,"win_rate":0.0,"timestamp":1608410861,"path_taken":["R","?","?","?","M","E","T","R","E","R","M","?","?","?","M","BOSS"],"items_purchased_type":["Relic","Card"],"build_version":"2020-12-13","purchased_purges":0,"victory":false,"max_hp_per_floor":[90,90,90,90,90,90,90,100,100,100,100,100,100,100,100,100,100],"card_choices":[{"not_picked":["sneckomod:UnknownClassSLIMEBOUND","sneckomod:DiceBlock"],"picked":"sneckomod:UnknownClassWORDO_MOD_COLOR","floor":3},{"not_picked":["sneckomod:UnknownWeak","sneckomod:UnknownEthereal"],"picked":"sneckomod:UnknownClassGREEN","floor":5},{"not_picked":["sneckomod:SoulDraw","sneckomod:UnknownCommonSkill"],"picked":"sneckomod:DiceBlock","floor":6},{"not_picked":["sneckomod:UnknownClassPOKER_PLAYER_GRAY","sneckomod:UnknownClassMAD_SCIENCE"],"picked":"sneckomod:UnknownStrike","floor":9},{"not_picked":["sneckomod:UnknownStrike","sneckomod:ImprovisedGuard"],"picked":"sneckomod:SoulRoll","floor":11},{"not_picked":["sneckomod:UnknownCommonSkill","sneckomod:Nope"],"picked":"sneckomod:SerpentMind","floor":12},{"not_picked":["sneckomod:UnknownClassWORDO_MOD_COLOR","sneckomod:DefensiveFlair"],"picked":"sneckomod:QuickBite","floor":14},{"not_picked":["sneckomod:UnknownWeak","sneckomod:UnknownVulnerable","sneckomod:DefensiveFlair"],"picked":"SKIP","floor":15}],"player_experience":306909,"relics_obtained":[{"floor":6,"key":"MawBank"},{"floor":7,"key":"hubris:64BitClover"},{"floor":9,"key":"Replay:Wax Seal"}],"event_choices":[{"damage_healed":0,"gold_gain":0,"player_choice":"Upgraded","damage_taken":0,"max_hp_gain":0,"max_hp_loss":0,"event_name":"Upgrade Shrine","floor":2,"gold_loss":0,"cards_upgraded":["sneckomod:SnekBite"]},{"cards_removed":["sneckomod:UnknownClassWORDO_MOD_COLOR"],"damage_healed":0,"gold_gain":0,"player_choice":"Purged","damage_taken":0,"max_hp_gain":0,"max_hp_loss":0,"event_name":"Purifier","floor":13,"gold_loss":0}],"is_beta":false,"boss_relics":[],"items_purged_floors":[],"is_endless":false,"potions_floor_spawned":[6,11,15],"killed_by":"downfall:Watcher","ascension_level":0}}