{"host":"44og2uqm53oex657","time":1608337943,"event":{"mods":["AchievementEnabler","Act Like it!","BaseMod","DeckTracker","Gensokyo","Koishi","Marisa????????","Minty Spire (QoL Compilation)","StSLib"],"gold_per_floor":[118,131,143,143,17,17,47,59,59,73,83,116,116,134,134,208,208,225,38,38,218,237,237,237,237],"floor_reached":24,"playtime":986,"items_purged":["Strike_MRS","Strike_MRS"],"score":416,"play_id":"25e14892-c4af-43e5-9321-1fb3ed305fee","local_time":"20201218163223","is_ascension_mode":true,"campfire_choices":[{"data":"MysteriousBeam","floor":6.0,"key":"SMITH"},{"data":"MagicChant","floor":13.0,"key":"SMITH"},{"floor":15.0,"key":"REST"},{"data":"MilkyWay","floor":23,"key":"SMITH"}],"circlet_count":0,"master_deck":["AscendersBane","Strike_MRS","Defend_MRS","Defend_MRS","Defend_MRS","Defend_MRS","MasterSpark","UpSweep","6A","DarkMatter","6A","MysteriousBeam+1","MilkyWay+1","UnstableBomb","MagicChant+1","Singularity","EarthLightRay","PowerUp"],"relics":["MiniHakkero","Darkstone Periapt","StrikeDummy","Ornamental Fan","Busted Crown"],"acts_visited":["Exordium","TheCity"],"potions_floor_usage":[24],"damage_taken":[{"damage":0.0,"enemies":"Cultist","floor":1.0,"turns":3.0},{"damage":7.0,"enemies":"Small Slimes","floor":2.0,"turns":3.0},{"damage":3.0,"enemies":"2 Louse","floor":3.0,"turns":3.0},{"damage":2.0,"enemies":"3 Sentries","floor":7.0,"turns":8.0},{"damage":0.0,"enemies":"Blue Slaver","floor":8.0,"turns":4.0},{"damage":10.0,"enemies":"Gremlin Gang","floor":10.0,"turns":4.0},{"damage":9.0,"enemies":"3 Louse","floor":11.0,"turns":2.0},{"damage":8.0,"enemies":"Gremlin Nob","floor":12.0,"turns":3.0},{"damage":2.0,"enemies":"Large Slime","floor":14.0,"turns":6.0},{"damage":14,"enemies":"The Guardian","floor":16,"turns":11},{"damage":15,"enemies":"Chosen","floor":18,"turns":5},{"damage":13,"enemies":"2 Thieves","floor":22,"turns":5},{"damage":35,"enemies":"Gremlin Leader","floor":24,"turns":2}],"seed_played":"-8957774819855918588","potions_obtained":[{"floor":2.0,"key":"CultistPotion"},{"floor":7.0,"key":"Weak Potion"},{"floor":12.0,"key":"Ancient Potion"},{"floor":22,"key":"LiquidBronze"}],"is_trial":false,"path_per_floor":["M","M","M","?","$","R","E","M","T","M","M","E","R","M","R","B",null,"M","$","?","?","M","R","E"],"character_chosen":"MARISA","items_purchased":["MysteriousBeam","EarthLightRay"],"campfire_rested":1,"item_purchase_floors":[5,19],"current_hp_per_floor":[59,52,49,49,49,49,47,47,47,37,28,20,20,18,43,29,70,55,55,55,36,27,27,0,0],"gold":237,"neow_bonus":"TWENTY_PERCENT_HP_BONUS","is_daily":false,"chose_seed":false,"campfire_upgraded":3,"win_rate":0.0,"timestamp":1608337943,"path_taken":["M","M","M","?","$","R","E","M","T","?","?","E","R","M","R","BOSS","M","$","?","?","?","R","E"],"items_purchased_type":["Card","Card"],"build_version":"2020-12-13","purchased_purges":2,"victory":false,"max_hp_per_floor":[84,84,84,84,84,84,84,84,84,84,84,84,84,84,84,84,84,84,84,84,84,84,84,84,84],"card_choices":[{"not_picked":["IllusionStar","GrandCross"],"picked":"6A","floor":1.0},{"not_picked":["Acceleration","ManaConvection"],"picked":"DarkMatter","floor":2.0},{"not_picked":["GalacticHalo","MachineGunSpark"],"picked":"6A","floor":3.0},{"not_picked":["EarthLightRay","DoubleSpark"],"picked":"MilkyWay","floor":7.0},{"not_picked":["GrandCross","MysteriousBeam"],"picked":"UnstableBomb","floor":8.0},{"not_picked":["BigCrunch","GalacticHalo","WitchOfGreed"],"picked":"SKIP","floor":10.0},{"not_picked":["AsteroidBelt","LuminesStrike"],"picked":"MagicChant","floor":11.0},{"not_picked":["OrrerysSun","6A","EnergyFlow"],"picked":"SKIP","floor":12.0},{"not_picked":["SuperPerseids","6A"],"picked":"Singularity","floor":14.0},{"not_picked":["AsteroidBelt"],"picked":"SKIP","floor":18},{"not_picked":["Acceleration"],"picked":"SKIP","floor":22}],"player_experience":670881,"relics_obtained":[{"floor":7.0,"key":"Darkstone Periapt"},{"floor":9.0,"key":"StrikeDummy"},{"floor":12.0,"key":"Ornamental Fan"}],"event_choices":[{"cards_removed":["Strike_MRS"],"damage_healed":0.0,"max_hp_gain":0.0,"max_hp_loss":0.0,"gold_gain":0.0,"event_name":"Bonfire Elementals","player_choice":"Offered Basic","floor":4.0,"gold_loss":0.0,"damage_taken":0.0},{"damage_healed":0,"gold_gain":0,"player_choice":"Read","damage_taken":0,"max_hp_gain":0,"max_hp_loss":0,"event_name":"The Library","floor":20,"gold_loss":0,"cards_obtained":["PowerUp"]},{"damage_healed":0,"gold_gain":180,"player_choice":"GOLD GOLD ","damage_taken":19,"max_hp_gain":0,"max_hp_loss":0,"event_name":"Knowing Skull","floor":21,"potions_obtained":[],"gold_loss":0,"cards_obtained":[]}],"is_beta":false,"boss_relics":[{"not_picked":["BewitchedHakkero","Coffee Dripper"],"picked":"Busted Crown"}],"items_purged_floors":[5,19],"is_endless":false,"potions_floor_spawned":[2,7,11,12,22],"killed_by":"Gremlin Leader","ascension_level":20}}