{"host":"p245q48pmopyklqs","time":1608357061,"event":{"mods":["AchievementEnabler","BaseMod","DeckTracker","Minty Spire (QoL Compilation)","Relic Stats","Slay-I","StSLib","SuperFastMode"],"gold_per_floor":[119,119,119,138,148,148,178,178,201,219,219,247,247,15,15,89,89,104,104,117,133,148,148,180,70,70,87,87,137,172,190,190,264,264,274,274,291,302,302,302],"floor_reached":39,"playtime":3470,"items_purged":[],"score":862,"play_id":"e704361d-fddb-4a35-b4d5-34a3812cfda7","local_time":"20201219145101","is_ascension_mode":true,"campfire_choices":[{"data":"Defragment","floor":6.0,"key":"SMITH"},{"data":"Zap","floor":8.0,"key":"SMITH"},{"data":"Dualcast","floor":11.0,"key":"SMITH"},{"data":"Defragment","floor":15.0,"key":"SMITH"},{"data":"Consume","floor":23.0,"key":"SMITH"},{"data":"White Noise","floor":28.0,"key":"SMITH"},{"data":"Force Field","floor":32.0,"key":"SMITH"}],"circlet_count":0,"master_deck":["AscendersBane","Defend_B","Defend_B","Defend_B","Defend_B","Zap+1","Dualcast+1","Ball Lightning","Defragment+1","Cold Snap","Glacier","Self Repair","Compile Driver","Defragment+1","Finesse+1","Electrodynamics","Skim","White Noise+1","Consume+1","Capacitor","Electrodynamics","Force Field+1","Seek","Coolheaded","Chill","Glacier"],"relics":["Cracked Core","PreservedInsect","Smiling Mask","DataDisk","Lizard Tail","Inserter","Bronze Scales","Torii","Girya","Runic Pyramid"],"acts_visited":["Exordium","TheCity","TheBeyond"],"potions_floor_usage":[39],"damage_taken":[{"damage":2.0,"enemies":"Cultist","floor":1.0,"turns":4.0},{"damage":8.0,"enemies":"Small Slimes","floor":4.0,"turns":3.0},{"damage":2.0,"enemies":"2 Louse","floor":5.0,"turns":3.0},{"damage":6.0,"enemies":"3 Sentries","floor":7.0,"turns":4.0},{"damage":3.0,"enemies":"Exordium Thugs","floor":10.0,"turns":4.0},{"damage":8.0,"enemies":"Gremlin Nob","floor":12.0,"turns":3.0},{"damage":11.0,"enemies":"Slime Boss","floor":16.0,"turns":11.0},{"damage":0.0,"enemies":"3 Byrds","floor":18.0,"turns":2.0},{"damage":4.0,"enemies":"Spheric Guardian","floor":20.0,"turns":5.0},{"damage":28.0,"enemies":"Snake Plant","floor":21.0,"turns":4.0},{"damage":3.0,"enemies":"Snecko","floor":22.0,"turns":6.0},{"damage":29.0,"enemies":"Slavers","floor":24.0,"turns":2.0},{"damage":9.0,"enemies":"Centurion and Healer","floor":27.0,"turns":6.0},{"damage":19.0,"enemies":"Gremlin Leader","floor":30.0,"turns":4.0},{"damage":7.0,"enemies":"3 Cultists","floor":31.0,"turns":3.0},{"damage":15.0,"enemies":"Collector","floor":33.0,"turns":6.0},{"damage":8.0,"enemies":"3 Darklings","floor":35.0,"turns":3.0},{"damage":12.0,"enemies":"Orb Walker","floor":37.0,"turns":3.0},{"damage":19.0,"enemies":"Writhing Mass","floor":38.0,"turns":6.0},{"damage":75,"enemies":"Transient","floor":39,"turns":5}],"seed_played":"-7176320858466091404","potions_obtained":[{"floor":1.0,"key":"DistilledChaos"},{"floor":4.0,"key":"LiquidMemories"},{"floor":18.0,"key":"EssenceOfSteel"},{"floor":21.0,"key":"Fire Potion"},{"floor":22.0,"key":"Regen Potion"},{"floor":27.0,"key":"SpeedPotion"},{"floor":31.0,"key":"DistilledChaos"},{"floor":38.0,"key":"Regen Potion"}],"is_trial":false,"path_per_floor":["M","?","?","M","M","R","E","R","T","M","R","E","?","$","R","B",null,"M","?","M","M","M","R","E","?","T","M","R","?","E","M","R","B",null,"M","?","M","M","M"],"character_chosen":"DEFECT","items_purchased":["Compile Driver","Defragment","Finesse"],"campfire_rested":0,"item_purchase_floors":[14,14,14],"current_hp_per_floor":[62,41,41,33,31,31,25,25,25,22,22,21,21,21,21,17,58,65,65,68,47,51,51,29,29,29,27,27,27,27,27,27,19,58,50,40,28,16,0,0],"gold":302,"neow_bonus":"RANDOM_COMMON_RELIC","is_daily":false,"chose_seed":false,"campfire_upgraded":7,"win_rate":0.0,"timestamp":1608357061,"path_taken":["M","?","?","M","M","R","E","R","T","?","R","E","?","?","R","BOSS","M","?","?","M","M","R","E","?","T","?","R","?","E","M","R","BOSS","M","?","M","M","M"],"items_purchased_type":["Card","Card","Card"],"build_version":"2020-12-13","purchased_purges":0,"victory":false,"max_hp_per_floor":[71,71,71,71,71,71,71,71,71,71,71,71,71,71,71,71,71,71,71,71,71,71,71,71,71,71,71,71,71,71,71,71,71,71,71,71,71,71,71,71],"relic_stats":{"Lizard Tail":35,"Inserter":[27],"Torii":9,"counters":[20,87],"Bronze Scales":[105],"PreservedInsect":143,"Smiling Mask":0,"obtain_stats":[{"Girya":30,"DataDisk":9,"Lizard Tail":12,"Inserter":17,"Torii":26,"Bronze Scales":24,"PreservedInsect":0,"Cracked Core":0,"Smiling Mask":7,"Runic Pyramid":34},{"Girya":14,"DataDisk":4,"Lizard Tail":6,"Inserter":7,"Torii":12,"Bronze Scales":12,"PreservedInsect":0,"Cracked Core":0,"Smiling Mask":4,"Runic Pyramid":16},{"Girya":61,"DataDisk":14,"Lizard Tail":21,"Inserter":32,"Torii":51,"Bronze Scales":51,"PreservedInsect":0,"Cracked Core":0,"Smiling Mask":14,"Runic Pyramid":70}]},"card_choices":[{"not_picked":["Steam Power","Streamline"],"picked":"Ball Lightning","floor":1.0},{"not_picked":["Static Discharge","Coolheaded","Rebound"],"picked":"SKIP","floor":4.0},{"not_picked":["Compile Driver","Undo"],"picked":"Cold Snap","floor":5.0},{"not_picked":["FTL","Go for the Eyes"],"picked":"Glacier","floor":7.0},{"not_picked":["Defragment","Reinforced Body"],"picked":"Self Repair","floor":10.0},{"not_picked":["Gash","Sunder","Consume"],"picked":"SKIP","floor":12.0},{"not_picked":["All For One","Buffer"],"picked":"Electrodynamics","floor":16.0},{"not_picked":["Ball Lightning","Leap","Aggregate"],"picked":"SKIP","floor":18.0},{"not_picked":["Barrage","Sweeping Beam"],"picked":"White Noise","floor":20.0},{"not_picked":["Steam+1","Conserve Battery","Ball Lightning"],"picked":"SKIP","floor":21.0},{"not_picked":["Steam Power+1","White Noise+1"],"picked":"Consume","floor":22.0},{"not_picked":["Heatsinks","Cold Snap","Barrage+1"],"picked":"SKIP","floor":24.0},{"not_picked":["Skim","Ball Lightning"],"picked":"Capacitor","floor":27.0},{"not_picked":["Undo","Lockon"],"picked":"Electrodynamics","floor":30.0},{"not_picked":["Heatsinks","Leap"],"picked":"Force Field","floor":31.0},{"not_picked":["Creative AI","All For One"],"picked":"Seek","floor":33.0},{"not_picked":["BootSequence","Redo"],"picked":"Coolheaded","floor":35.0},{"not_picked":["Beam Cell","Rebound"],"picked":"Chill","floor":37.0},{"not_picked":["Hologram+1","Rip and Tear"],"picked":"Glacier","floor":38.0}],"player_experience":2312049,"relics_obtained":[{"floor":7.0,"key":"Smiling Mask"},{"floor":9.0,"key":"DataDisk"},{"floor":12.0,"key":"Lizard Tail"},{"floor":24.0,"key":"Bronze Scales"},{"floor":26.0,"key":"Torii"},{"floor":30.0,"key":"Girya"}],"event_choices":[{"damage_healed":0.0,"max_hp_gain":0.0,"max_hp_loss":0.0,"gold_gain":0.0,"event_name":"Shining Light","player_choice":"Entered Light","floor":2.0,"gold_loss":0.0,"damage_taken":21.0,"cards_upgraded":["Strike_B","Strike_B"]},{"damage_healed":0.0,"max_hp_gain":0.0,"max_hp_loss":0.0,"gold_gain":0.0,"cards_transformed":["Strike_B"],"event_name":"Transmorgrifier","player_choice":"Transformed","floor":3.0,"gold_loss":0.0,"damage_taken":0.0,"cards_obtained":["Defragment"]},{"cards_removed":["Strike_B"],"damage_healed":0.0,"max_hp_gain":0.0,"max_hp_loss":0.0,"gold_gain":0.0,"event_name":"Bonfire Elementals","player_choice":"Offered Basic","floor":13.0,"gold_loss":0.0,"damage_taken":0.0},{"damage_healed":0.0,"max_hp_gain":0.0,"max_hp_loss":0.0,"gold_gain":0.0,"cards_transformed":["Strike_B"],"event_name":"Transmorgrifier","player_choice":"Transformed","floor":19.0,"gold_loss":0.0,"damage_taken":0.0,"cards_obtained":["Skim"]},{"cards_removed":["Strike_B"],"damage_healed":0.0,"max_hp_gain":0.0,"max_hp_loss":0.0,"gold_gain":0.0,"event_name":"Designer","player_choice":"Upgrade and Remove","floor":25.0,"gold_loss":110.0,"damage_taken":0.0,"cards_upgraded":["Finesse"]},{"damage_healed":0.0,"max_hp_gain":0.0,"max_hp_loss":0.0,"gold_gain":50.0,"event_name":"Nest","player_choice":"Stole From Cult","floor":29.0,"gold_loss":0.0,"damage_taken":0.0},{"damage_healed":0.0,"max_hp_gain":0.0,"max_hp_loss":0.0,"gold_gain":0.0,"event_name":"SensoryStone","player_choice":"Memory 3","floor":36.0,"gold_loss":0.0,"damage_taken":10.0}],"is_beta":false,"boss_relics":[{"not_picked":["Tiny House","Coffee Dripper"],"picked":"Inserter"},{"not_picked":["Snecko Eye","Astrolabe"],"picked":"Runic Pyramid"}],"items_purged_floors":[],"is_endless":false,"potions_floor_spawned":[1,4,5,18,21,22,27,31,38],"killed_by":"Transient","ascension_level":20}}