{"host":"vxxgntm1odai56nh","time":1608391042,"event":{"mods":["AchievementEnabler","BaseMod","Colored Map","Colored Powertips","Highlight Path","Minty Spire (QoL Compilation)","Permanent Neow","Rare Cards Sparkle","Relic Stats","StSLib"],"gold_per_floor":[119,49,69,23,23,23,34,45,45,70,70,96,96,122,122,219,219,239,252,38,38,38,371,371,401,401,401,401,417,429,463,463,559,559,570,161,161,178,194,224,236,236,236,236,268,117,144,144,144,144],"floor_reached":51,"playtime":2854,"items_purged":["Parasite","Defend_P+1"],"score":1013,"play_id":"169dff97-66d7-433d-893b-dfda0166075e","local_time":"20201219101722","is_ascension_mode":true,"campfire_choices":[{"data":"Ragnarok","floor":6.0,"key":"SMITH"},{"floor":11.0,"key":"REST"},{"data":"1","floor":13.0,"key":"LIFT"},{"data":"2","floor":15.0,"key":"LIFT"},{"data":"3","floor":24.0,"key":"LIFT"},{"floor":27.0,"key":"REST"},{"data":"Eruption","floor":32.0,"key":"SMITH"},{"data":"ConjureBlade","floor":42.0,"key":"SMITH"},{"data":"Judgement","floor":44.0,"key":"SMITH"},{"data":"Wallop","floor":49.0,"key":"SMITH"}],"circlet_count":0,"master_deck":["Strike_P+1","Strike_P+1","Strike_P+1","Defend_P+1","Defend_P+1","Defend_P+1","Eruption+1","Vigilance","Ragnarok+1","FlurryOfBlows","Adaptation","Halt","EmptyBody","WaveOfTheHand+1","BowlingBash","InnerPeace","Judgement+1","Wallop+1","Vault","Vengeance+1","LessonLearned","SpiritShield+1","ConjureBlade+1","SandsOfTime+1","SandsOfTime+1"],"relics":["PureWater","FossilizedHelix","Girya","Oddly Smooth Stone","Strawberry","Snecko Eye","Old Coin","White Beast Statue","Bottled Tornado","Bag of Preparation","VioletLotus","ClockworkSouvenir","Dream Catcher","Shuriken","Molten Egg 2","Ancient Tea Set","Eternal Feather"],"acts_visited":["Exordium","TheCity","TheBeyond"],"potions_floor_usage":[50,50,50],"damage_taken":[{"damage":0.0,"enemies":"Cultist","floor":1.0,"turns":2.0},{"damage":12.0,"enemies":"Small Slimes","floor":3.0,"turns":2.0},{"damage":4.0,"enemies":"Jaw Worm","floor":7.0,"turns":2.0},{"damage":14.0,"enemies":"Large Slime","floor":8.0,"turns":3.0},{"damage":22.0,"enemies":"3 Sentries","floor":10.0,"turns":6.0},{"damage":6.0,"enemies":"Gremlin Nob","floor":12.0,"turns":4.0},{"damage":3.0,"enemies":"Lagavulin","floor":14.0,"turns":5.0},{"damage":34.0,"enemies":"Hexaghost","floor":16.0,"turns":12.0},{"damage":0.0,"enemies":"3 Byrds","floor":18.0,"turns":3.0},{"damage":11.0,"enemies":"2 Thieves","floor":19.0,"turns":2.0},{"damage":7.0,"enemies":"Slavers","floor":23.0,"turns":3.0},{"damage":13.0,"enemies":"Book of Stabbing","floor":25.0,"turns":5.0},{"damage":0.0,"enemies":"Shelled Parasite and Fungi","floor":29.0,"turns":3.0},{"damage":0.0,"enemies":"3 Cultists","floor":30.0,"turns":3.0},{"damage":0.0,"enemies":"Slavers","floor":31.0,"turns":1.0},{"damage":27.0,"enemies":"Champ","floor":33.0,"turns":8.0},{"damage":0.0,"enemies":"3 Darklings","floor":35.0,"turns":2.0},{"damage":0.0,"enemies":"Orb Walker","floor":38.0,"turns":2.0},{"damage":0.0,"enemies":"Sphere and 2 Shapes","floor":39.0,"turns":3.0},{"damage":0.0,"enemies":"Nemesis","floor":40.0,"turns":4.0},{"damage":24.0,"enemies":"Writhing Mass","floor":41.0,"turns":5.0},{"damage":0.0,"enemies":"Giant Head","floor":45.0,"turns":6.0},{"damage":0.0,"enemies":"Reptomancer","floor":47.0,"turns":6.0},{"damage":56,"enemies":"Donu and Deca","floor":50,"turns":11}],"seed_played":"4792251412303587670","potions_obtained":[{"floor":7.0,"key":"LiquidMemories"},{"floor":10.0,"key":"Energy Potion"},{"floor":14.0,"key":"SkillPotion"},{"floor":23.0,"key":"DuplicationPotion"},{"floor":25.0,"key":"Explosive Potion"},{"floor":29.0,"key":"SneckoOil"},{"floor":30.0,"key":"BlessingOfTheForge"},{"floor":31.0,"key":"Block Potion"},{"floor":33.0,"key":"LiquidBronze"},{"floor":35.0,"key":"Ancient Potion"},{"floor":39.0,"key":"ColorlessPotion"},{"floor":40.0,"key":"PowerPotion"},{"floor":41.0,"key":"BlessingOfTheForge"},{"floor":45.0,"key":"SpeedPotion"},{"floor":47.0,"key":"DistilledChaos"}],"is_trial":false,"path_per_floor":["M","$","M","$","?","R","M","M","T","E","R","E","R","E","R","B",null,"M","M","$","?","?","E","R","E","T","R","?","M","M","E","R","B",null,"M","$","?","M","M","E","M","R","T","R","E","$","E","?","R","B",null],"character_chosen":"WATCHER","items_purchased":["Adaptation","EmptyBody","Vault","ConjureBlade","ClockworkSouvenir","Ancient Tea Set"],"campfire_rested":2,"item_purchase_floors":[2,4,20,36,36,46],"current_hp_per_floor":[72,72,60,60,60,60,56,42,42,20,41,35,35,39,39,5,79,79,68,68,68,68,61,61,48,48,70,70,70,70,70,70,43,76,76,76,76,76,76,76,52,52,52,52,52,52,52,52,67,11],"gold":144,"neow_bonus":"THREE_RARE_CARDS","is_daily":false,"chose_seed":false,"campfire_upgraded":5,"win_rate":0.0,"timestamp":1608391042,"path_taken":["M","$","M","$","?","R","M","M","T","E","R","E","R","E","R","BOSS","M","M","$","?","?","E","R","E","T","R","?","M","M","E","R","BOSS","M","$","?","?","M","E","M","R","T","R","E","$","E","?","R","BOSS"],"items_purchased_type":["Card","Card","Card","Card","Relic","Relic"],"build_version":"2020-12-13","purchased_purges":2,"victory":true,"max_hp_per_floor":[72,72,72,72,72,72,72,72,72,72,72,72,72,79,79,79,79,79,79,76,76,76,76,76,76,76,76,76,76,76,76,76,76,76,76,76,76,76,76,76,76,76,76,76,76,76,76,72,72,72],"relic_stats":{"Dream Catcher":0,"counters":[24,103],"Shuriken":[3],"Snecko Eye":[106,110,131,149],"Eternal Feather":15,"VioletLotus":[2],"Bag of Preparation":[18],"obtain_stats":[{"Girya":10,"Oddly Smooth Stone":12,"Eternal Feather":47,"Bag of Preparation":31,"Bottled Tornado":26,"Ancient Tea Set":46,"White Beast Statue":25,"Old Coin":23,"ClockworkSouvenir":36,"Dream Catcher":40,"Shuriken":43,"Strawberry":14,"Snecko Eye":17,"Molten Egg 2":45,"VioletLotus":34,"PureWater":0,"FossilizedHelix":9},{"Girya":5,"Oddly Smooth Stone":6,"Eternal Feather":23,"Bag of Preparation":15,"Bottled Tornado":12,"Ancient Tea Set":22,"White Beast Statue":12,"Old Coin":11,"ClockworkSouvenir":17,"Dream Catcher":20,"Shuriken":21,"Strawberry":7,"Snecko Eye":8,"Molten Egg 2":22,"VioletLotus":16,"PureWater":0,"FossilizedHelix":4},{"Girya":15,"Oddly Smooth Stone":19,"Eternal Feather":92,"Bag of Preparation":56,"Bottled Tornado":49,"Ancient Tea Set":86,"White Beast Statue":49,"Old Coin":44,"ClockworkSouvenir":66,"Dream Catcher":75,"Shuriken":80,"Strawberry":24,"Snecko Eye":36,"Molten Egg 2":86,"VioletLotus":64,"PureWater":0,"FossilizedHelix":9}]},"card_choices":[{"not_picked":["DeusExMachina","DevaForm"],"picked":"Ragnarok","floor":0.0},{"not_picked":["Collect","Evaluate"],"picked":"FlurryOfBlows","floor":1.0},{"not_picked":["LikeWater","WaveOfTheHand"],"picked":"Halt","floor":3.0},{"not_picked":["FollowUp","PathToVictory","EmptyMind"],"picked":"SKIP","floor":7.0},{"not_picked":["PathToVictory","CrushJoints","DeceiveReality"],"picked":"SKIP","floor":8.0},{"not_picked":["FlurryOfBlows","Crescendo"],"picked":"BowlingBash","floor":10.0},{"not_picked":["Alpha","EmptyBody","Pray"],"picked":"SKIP","floor":12.0},{"not_picked":["FollowUp","JustLucky"],"picked":"InnerPeace","floor":14.0},{"not_picked":["Brilliance","Ragnarok"],"picked":"Judgement","floor":16.0},{"not_picked":["FollowUp+1","CrushJoints","Halt+1"],"picked":"SKIP","floor":18.0},{"not_picked":["FollowUp","EmptyFist"],"picked":"Wallop","floor":19.0},{"not_picked":["Consecrate","CutThroughFate","FlyingSleeves"],"picked":"SKIP","floor":23.0},{"not_picked":["FlyingSleeves","Vengeance+1","CarveReality"],"picked":"SKIP","floor":25.0},{"not_picked":["CrushJoints","LikeWater","Prostrate+1"],"picked":"SKIP","floor":29.0},{"not_picked":["SashWhip","EmptyFist","EmptyBody+1"],"picked":"SKIP","floor":30.0},{"not_picked":["PathToVictory","Vengeance+1"],"picked":"LessonLearned","floor":31.0},{"not_picked":["Vault","Alpha"],"picked":"SpiritShield","floor":33.0},{"not_picked":["Halt+1","Consecrate","Protect"],"picked":"SKIP","floor":35.0},{"not_picked":["SashWhip","Consecrate+1","CrushJoints+1"],"picked":"SKIP","floor":38.0},{"not_picked":["Adaptation+1","Collect","FlyingSleeves+1"],"picked":"SKIP","floor":39.0},{"not_picked":["Weave","SashWhip","EmptyBody"],"picked":"SKIP","floor":40.0},{"not_picked":["PathToVictory+1","LikeWater"],"picked":"SandsOfTime+1","floor":41.0},{"not_picked":["Wallop+1","WindmillStrike+1"],"picked":"SandsOfTime+1","floor":45.0},{"not_picked":["FlyingSleeves+1","Halt+1","JustLucky+1"],"picked":"SKIP","floor":47.0}],"player_experience":132287,"relics_obtained":[{"floor":9.0,"key":"FossilizedHelix"},{"floor":10.0,"key":"Girya"},{"floor":12.0,"key":"Oddly Smooth Stone"},{"floor":14.0,"key":"Strawberry"},{"floor":23.0,"key":"Old Coin"},{"floor":25.0,"key":"White Beast Statue"},{"floor":26.0,"key":"Bottled Tornado"},{"floor":31.0,"key":"Bag of Preparation"},{"floor":40.0,"key":"Dream Catcher"},{"floor":43.0,"key":"Shuriken"},{"floor":45.0,"key":"Molten Egg 2"},{"floor":47.0,"key":"Eternal Feather"}],"event_choices":[{"damage_healed":0.0,"max_hp_gain":0.0,"max_hp_loss":0.0,"gold_gain":0.0,"cards_transformed":["Strike_P"],"event_name":"Transmorgrifier","player_choice":"Transformed","floor":5.0,"gold_loss":0.0,"damage_taken":0.0,"cards_obtained":["WaveOfTheHand"]},{"damage_healed":0.0,"max_hp_gain":0.0,"max_hp_loss":0.0,"gold_gain":0.0,"event_name":"Back to Basics","player_choice":"Simplicity","floor":21.0,"gold_loss":0.0,"damage_taken":0.0,"cards_upgraded":["Strike_P","Strike_P","Strike_P","Defend_P","Defend_P","Defend_P","Defend_P"]},{"damage_healed":0.0,"max_hp_gain":0.0,"max_hp_loss":0.0,"gold_gain":0.0,"event_name":"The Library","player_choice":"Read","floor":22.0,"gold_loss":0.0,"damage_taken":0.0,"cards_obtained":["Vengeance"]},{"damage_healed":0.0,"max_hp_gain":0.0,"max_hp_loss":0.0,"gold_gain":0.0,"event_name":"The Woman in Blue","player_choice":"Bought 0 Potions","floor":28.0,"gold_loss":0.0,"damage_taken":0.0},{"damage_healed":0.0,"max_hp_gain":0.0,"max_hp_loss":0.0,"gold_gain":0.0,"event_name":"SecretPortal","player_choice":"Ignored","floor":37.0,"gold_loss":0.0,"damage_taken":0.0},{"damage_healed":0.0,"max_hp_gain":0.0,"max_hp_loss":4.0,"gold_gain":0.0,"event_name":"Winding Halls","player_choice":"Max HP","floor":48.0,"gold_loss":0.0,"damage_taken":0.0}],"is_beta":false,"boss_relics":[{"not_picked":["Empty Cage","Pandora\u0027s Box"],"picked":"Snecko Eye"},{"not_picked":["Sozu","SacredBark"],"picked":"VioletLotus"}],"items_purged_floors":[20,36],"is_endless":false,"potions_floor_spawned":[7,10,14,23,25,29,30,31,33,35,38,39,40,41,45,47],"ascension_level":3}}