{"host":"1s2i2u841ofwoqaa","time":1608362633,"event":{"mods":["AchievementEnabler","Aspiration","BaseMod","Better Third Choice","Colored Powertips","Downfall","Hubris","Minty Spire (QoL Compilation)","StSLib","SuperFastMode","The Animator"],"gold_per_floor":[99,115,146,71,90,90,90,100,144,144,193,193,222,222,250,358,358,358,397,424,424,447,472,496,421,446,486,162,182,182,202,226,337,337,262,262,272,298,323,323,377,418,307,333,345,345,364,213,234,234,234,234,234],"floor_reached":52,"playtime":3434,"items_purged":["champ:Strike","champ:GutPunch"],"score":791,"play_id":"1f164b79-8345-4a83-ae33-11eab4f2fa0b","local_time":"20201219202353","is_ascension_mode":false,"campfire_choices":[{"floor":1,"key":"RECALL"},{"data":"champ:Taunt","floor":4,"key":"SMITH"},{"data":"champ:Duel","floor":10,"key":"SMITH"},{"data":"champ:SkillfulDodge","floor":18,"key":"SMITH"},{"data":"champ:TornadoPunch","floor":21,"key":"SMITH"},{"data":"champ:EnGarde","floor":25,"key":"SMITH"},{"data":"champ:StrikeOfGenius","floor":35,"key":"SMITH"},{"data":"champ:IronFortress","floor":40,"key":"SMITH"}],"circlet_count":0,"master_deck":["champ:Strike","champ:Strike","champ:Defend","champ:Defend","champ:Defend","champ:Defend","champ:Execute","champ:Taunt+1","champ:IgnorePain+1","champ:Encircle","champ:TornadoPunch+1","champ:Duel+1","champ:FlashCut","champ:BringItOn","champ:SkillfulDodge+1","champ:LastStand+1","champ:EnGarde+1","champ:TornadoPunch+1","champ:Improvising","champ:Haymaker","champ:Riposte","champ:TornadoPunch+1","champ:CrookedStrike","champ:ShieldWall","champ:RecklessLeap","champ:IronFortress+1","champ:StrikeOfGenius+1","champ:BladeFlurry+1","champ:IronFortress+1","champ:VampiricStrike","champ:FocusedDefense+1"],"relics":["champ:ChampionCrown","Anchor","downfall:HeartBlessingRed","hubris:SphereOfDissonance","CeramicFish","Strawberry","Coffee Dripper","champ:FightingForDummies","downfall:HeartBlessingBlue","Toy Ornithopter","champ:BerserkersGuideToSlaughter","expansioncontent:StudyCardRelic","downfall:HeartBlessingGreen","Smiling Mask","Vajra","Membership Card","PreservedInsect","hubris:PeanutButter","hubris:ToyBattleship","Lantern","hubris:SlimyHat"],"acts_visited":["Exordium","TheCity","TheBeyond","TheEnding"],"potions_floor_usage":[16,23,31,33,33,42],"damage_taken":[{"damage":15,"enemies":"Cultist","floor":2,"turns":6},{"damage":53,"enemies":"Gremlin Nob","floor":3,"turns":6},{"damage":4,"enemies":"Jaw Worm","floor":5,"turns":2},{"damage":2,"enemies":"2 Louse","floor":8,"turns":2},{"damage":11,"enemies":"Lagavulin","floor":9,"turns":4},{"damage":10,"enemies":"Exordium Thugs","floor":13,"turns":2},{"damage":0,"enemies":"Gremlin Gang","floor":15,"turns":2},{"damage":20,"enemies":"downfall:Silent","floor":16,"turns":9},{"damage":14,"enemies":"Book of Stabbing","floor":19,"turns":6},{"damage":16,"enemies":"3 Byrds","floor":20,"turns":5},{"damage":9,"enemies":"Shell Parasite","floor":22,"turns":3},{"damage":33,"enemies":"Shelled Parasite and Fungi","floor":23,"turns":3},{"damage":11,"enemies":"Snecko","floor":26,"turns":4},{"damage":16,"enemies":"Slavers","floor":27,"turns":6},{"damage":5,"enemies":"downfall:FleeingMerchant","floor":28,"turns":4},{"damage":8,"enemies":"Chosen and Byrds","floor":29,"turns":5},{"damage":0,"enemies":"Cultist and Chosen","floor":31,"turns":3},{"damage":8,"enemies":"Shelled Parasite and Fungi","floor":32,"turns":3},{"damage":81,"enemies":"downfall:Defect","floor":33,"turns":11},{"damage":5,"enemies":"3 Shapes","floor":37,"turns":3},{"damage":2,"enemies":"Orb Walker","floor":38,"turns":3},{"damage":19,"enemies":"4 Shapes","floor":39,"turns":3},{"damage":49,"enemies":"Nemesis","floor":42,"turns":5},{"damage":5,"enemies":"downfall:FleeingMerchant","floor":43,"turns":4},{"damage":16,"enemies":"Giant Head","floor":44,"turns":7},{"damage":18,"enemies":"Spire Growth","floor":45,"turns":3},{"damage":16,"enemies":"3 Darklings","floor":47,"turns":6},{"damage":0,"enemies":"Jaw Worm Horde","floor":49,"turns":3},{"damage":8,"enemies":"downfall:Ironclad","floor":50,"turns":10},{"damage":120,"enemies":"downfall:CharBossMerchant","floor":52,"turns":8}],"seed_played":"8555150502434013178","potions_obtained":[{"floor":2,"key":"Swift Potion"},{"floor":13,"key":"hexamod:EctoCoolerPotion"},{"floor":16,"key":"ColorlessPotion"},{"floor":22,"key":"Explosive Potion"},{"floor":23,"key":"Swift Potion"},{"floor":29,"key":"Weak Potion"},{"floor":31,"key":"EssenceOfSteel"},{"floor":32,"key":"champ:CounterPotion"},{"floor":39,"key":"AttackPotion"},{"floor":42,"key":"SpeedPotion"},{"floor":44,"key":"champ:CounterPotion"},{"floor":46,"key":"Explosive Potion"}],"is_trial":false,"path_per_floor":["R","M","E","R","M","?","T","M","E","R","T","?","M","?","M","B",null,"R","E","M","R","M","M","T","R","M","E","$","M","?","M","M","B",null,"R","?","M","M","M","R","T","E","$","E","M","?","M","$","M","B",null,"E"],"character_chosen":"THE_CHAMP","items_purchased":["champ:BerserkersGuideToSlaughter","champ:CrookedStrike","champ:ShieldWall","Membership Card","PreservedInsect","hubris:PeanutButter","PowerPotion","Lantern","hubris:SlimyHat"],"campfire_rested":0,"item_purchase_floors":[28,28,28,43,43,43,43,48,48],"current_hp_per_floor":[90,83,42,42,42,42,42,42,43,43,50,55,55,55,55,40,102,102,95,85,85,83,54,54,64,70,61,61,53,53,58,68,34,112,112,112,112,110,96,96,96,84,112,112,109,109,110,110,112,112,112,0,0],"gold":234,"neow_bonus":"ONE_RANDOM_RARE_CARD","is_daily":false,"chose_seed":false,"campfire_upgraded":7,"win_rate":0.0,"timestamp":1608362633,"path_taken":["R","M","E","R","M","?","T","M","E","R","?","?","M","?","M","BOSS","R","E","M","R","M","M","T","R","M","E","$","M","?","?","M","BOSS","R","?","?","M","M","R","T","E","?","E","M","?","?","$","M","BOSS","E"],"items_purchased_type":["Relic","Card","Card","Relic","Relic","Relic","Potion","Relic","Relic"],"build_version":"2020-12-13","purchased_purges":2,"victory":false,"max_hp_per_floor":[90,90,90,90,90,90,90,90,90,90,97,102,102,102,102,102,102,102,102,102,102,102,102,102,112,112,112,112,112,112,112,112,112,112,112,112,112,112,112,112,112,112,112,112,112,112,112,112,112,112,112,112,112],"card_choices":[{"not_picked":["champ:FocusedGladiator","champ:BladeFlurry"],"picked":"champ:Encircle","floor":2},{"not_picked":["champ:PerfectedStrike","champ:FightOn"],"picked":"champ:GutPunch","floor":3},{"not_picked":["champ:FocusedBerserking","champ:DefensiveShout"],"picked":"champ:TornadoPunch","floor":5},{"not_picked":["champ:StanceDance","champ:Encircle"],"picked":"champ:Duel","floor":8},{"not_picked":["champ:Haymaker","champ:RisingSlash"],"picked":"champ:FlashCut","floor":9},{"not_picked":["champ:CalledShot","champ:Encircle"],"picked":"champ:BringItOn","floor":13},{"not_picked":["champ:BerserkersShout","champ:FanOfKnives"],"picked":"champ:SkillfulDodge","floor":15},{"not_picked":["champ:VampiricStrike","champ:CrownThrow"],"picked":"champ:LastStand","floor":16},{"not_picked":["champ:BerserkersShout","champ:Encircle"],"picked":"champ:EnGarde","floor":19},{"not_picked":["champ:Shatter","champ:BringItOn"],"picked":"champ:TornadoPunch+1","floor":20},{"not_picked":["champ:DefensiveShout","champ:Encircle"],"picked":"champ:Improvising","floor":22},{"not_picked":["champ:RisingSlash","champ:FalseCounter"],"picked":"champ:Haymaker","floor":23},{"not_picked":["champ:TornadoPunch","champ:StanceDance"],"picked":"champ:Riposte","floor":26},{"not_picked":["champ:EnragedBash","champ:CrookedStrike"],"picked":"champ:TornadoPunch+1","floor":27},{"not_picked":["champ:GutPunch","champ:PreciseThrust","champ:FanOfKnives"],"picked":"SKIP","floor":28},{"not_picked":["champ:FanOfKnives","champ:FightOn","champ:EnragedBash+1"],"picked":"SKIP","floor":29},{"not_picked":["champ:CalledShot","champ:CrookedStrike"],"picked":"champ:RecklessLeap","floor":31},{"not_picked":["champ:FocusedGladiator","champ:PerfectedStrike"],"picked":"champ:IronFortress","floor":32},{"not_picked":["champ:SteelEdge","champ:IgnorePain"],"picked":"champ:StrikeOfGenius","floor":33},{"not_picked":["champ:Haymaker+1","champ:EndlessRage","champ:Circumvent"],"picked":"SKIP","floor":37},{"not_picked":["champ:DefensiveShout+1","champ:TornadoPunch"],"picked":"champ:BladeFlurry+1","floor":38},{"not_picked":["champ:PerfectedStrike+1","champ:RisingSlash+1"],"picked":"champ:IronFortress+1","floor":39},{"not_picked":["champ:EnGarde","champ:ShieldWall+1"],"picked":"champ:VampiricStrike","floor":42},{"not_picked":["champ:AdrenalArmor","champ:DefensiveShout","champ:StanceDance+1"],"picked":"SKIP","floor":43},{"not_picked":["champ:IgnorePain","champ:TornadoPunch","champ:Circumvent+1"],"picked":"SKIP","floor":44},{"not_picked":["champ:RisingSlash+1","champ:FlashCut+1","champ:BladeFlurry+1"],"picked":"SKIP","floor":45},{"not_picked":["champ:PreciseThrust+1","champ:FalseCounter","champ:FanOfKnives+1"],"picked":"SKIP","floor":47},{"not_picked":["champ:DefensiveShout+1","champ:Backstep"],"picked":"champ:FocusedDefense+1","floor":49}],"player_experience":455440,"relics_obtained":[{"floor":3,"key":"Anchor"},{"floor":7,"key":"hubris:SphereOfDissonance"},{"floor":9,"key":"CeramicFish"},{"floor":11,"key":"Strawberry"},{"floor":19,"key":"champ:FightingForDummies"},{"floor":27,"key":"Toy Ornithopter"},{"floor":41,"key":"Smiling Mask"},{"floor":42,"key":"Vajra"},{"floor":44,"key":"hubris:ToyBattleship"}],"event_choices":[{"damage_healed":0,"gold_gain":0,"player_choice":"Grow","damage_taken":0,"max_hp_gain":0,"max_hp_loss":0,"event_name":"Living Wall","floor":6,"gold_loss":0,"cards_upgraded":["champ:IgnorePain"]},{"damage_healed":0,"gold_gain":0,"player_choice":"Donut","damage_taken":0,"max_hp_gain":5,"max_hp_loss":0,"event_name":"Big Fish","floor":12,"gold_loss":0},{"cards_removed":["champ:Strike"],"damage_healed":0,"gold_gain":0,"player_choice":"Card Removal","damage_taken":0,"max_hp_gain":0,"max_hp_loss":0,"event_name":"The Cleric","floor":14,"gold_loss":0},{"damage_healed":0,"gold_gain":0,"player_choice":"Forge","damage_taken":0,"max_hp_gain":0,"max_hp_loss":0,"event_name":"Accursed Blacksmith","floor":36,"gold_loss":0,"cards_upgraded":["champ:LastStand"]},{"damage_healed":0,"gold_gain":0,"player_choice":"Got Potions","damage_taken":0,"max_hp_gain":0,"max_hp_loss":0,"event_name":"Lab","floor":46,"gold_loss":0}],"is_beta":false,"boss_relics":[{"not_picked":["hubris:BlackHole","aspiration:PoetsPen_weak"],"picked":"Coffee Dripper"},{"not_picked":["Tiny House","aspiration:SilentSkillbook"],"picked":"expansioncontent:StudyCardRelic"}],"items_purged_floors":[28,43],"is_endless":false,"potions_floor_spawned":[2,13,16,22,23,29,31,32,39,42,44],"killed_by":"downfall:CharBossMerchant","ascension_level":0}}