{"host":"Squid","time":1608406701,"event":{"mods":["BaseMod","Minty Spire (QoL Compilation)","StSLib"],"gold_per_floor":[117,117,127,143,108,108,138,138,162,162,179,189,221,236,236,338,338,356,135,150,170,269,298,298,314,314,339,353,372,403,421,421,421,421],"floor_reached":33,"playtime":1831,"items_purged":["Strike_B"],"score":482,"play_id":"59edbdd3-6cdc-4af7-ba76-60151a375d2e","local_time":"20201219143821","is_ascension_mode":true,"campfire_choices":[{"data":"White Noise","floor":6.0,"key":"SMITH"},{"data":"Ball Lightning","floor":8.0,"key":"SMITH"},{"data":"Zap","floor":10.0,"key":"SMITH"},{"floor":15.0,"key":"REST"},{"floor":24,"key":"REST"},{"floor":32,"key":"REST"}],"circlet_count":0,"master_deck":["AscendersBane","Strike_B","Defend_B","Defend_B","Defend_B","Zap+1","Dualcast","BootSequence","Compile Driver","White Noise+1","Ball Lightning+1","Genetic Algorithm","Turbo","Amplify","Cold Snap","Biased Cognition","Defragment","Storm","Reinforced Body","Turbo+1","Coolheaded","Aggregate+1","Force Field+1","Coolheaded","Steam Power","Hologram"],"relics":["Cracked Core","Dead Branch","Toy Ornithopter","Orichalcum","Regal Pillow","Empty Cage","Mummified Hand","White Beast Statue","Ornamental Fan"],"acts_visited":["Exordium","TheCity"],"potions_floor_usage":[23,23,27,30,33,33,33],"damage_taken":[{"damage":0.0,"enemies":"2 Louse","floor":1.0,"turns":3.0},{"damage":2.0,"enemies":"Jaw Worm","floor":3.0,"turns":4.0},{"damage":0.0,"enemies":"Small Slimes","floor":4.0,"turns":2.0},{"damage":17.0,"enemies":"Gremlin Nob","floor":7.0,"turns":4.0},{"damage":0.0,"enemies":"Exordium Wildlife","floor":11.0,"turns":4.0},{"damage":11.0,"enemies":"Exordium Thugs","floor":12.0,"turns":5.0},{"damage":14.0,"enemies":"Lagavulin","floor":13.0,"turns":7.0},{"damage":5.0,"enemies":"2 Fungi Beasts","floor":14.0,"turns":3.0},{"damage":20.0,"enemies":"Hexaghost","floor":16.0,"turns":12.0},{"damage":23,"enemies":"Shell Parasite","floor":18,"turns":4},{"damage":0,"enemies":"Chosen","floor":20,"turns":4},{"damage":0,"enemies":"3 Cultists","floor":21,"turns":4},{"damage":24,"enemies":"Book of Stabbing","floor":23,"turns":4},{"damage":0,"enemies":"Centurion and Healer","floor":25,"turns":8},{"damage":16,"enemies":"Slavers","floor":27,"turns":5},{"damage":10,"enemies":"Snecko","floor":28,"turns":5},{"damage":0,"enemies":"Sentry and Sphere","floor":29,"turns":4},{"damage":2,"enemies":"Book of Stabbing","floor":30,"turns":5},{"damage":15,"enemies":"Snake Plant","floor":31,"turns":3},{"damage":80,"enemies":"Champ","floor":33,"turns":12}],"seed_played":"846935897759289562","potions_obtained":[{"floor":1.0,"key":"Explosive Potion"},{"floor":4.0,"key":"BlessingOfTheForge"},{"floor":13.0,"key":"Weak Potion"},{"floor":18,"key":"DuplicationPotion"},{"floor":20,"key":"AttackPotion"},{"floor":23,"key":"Dexterity Potion"},{"floor":28,"key":"GamblersBrew"},{"floor":29,"key":"Swift Potion"},{"floor":30,"key":"GamblersBrew"},{"floor":31,"key":"EssenceOfSteel"}],"is_trial":false,"path_per_floor":["M","?","M","M","?","R","E","R","T","R","M","M","E","M","R","B",null,"M","$","M","M","?","E","R","M","T","E","M","M","E","M","R","B"],"character_chosen":"DEFECT","items_purchased":["Storm","Reinforced Body"],"campfire_rested":3,"item_purchase_floors":[19,19],"current_hp_per_floor":[50,43,41,41,59,59,42,42,42,42,42,31,17,12,49,34,65,42,42,42,42,42,28,65,65,65,54,44,44,47,32,69,0,0],"gold":421,"neow_bonus":"ONE_RARE_RELIC","is_daily":false,"chose_seed":false,"campfire_upgraded":3,"win_rate":0.0,"timestamp":1608406701,"path_taken":["M","?","M","M","?","R","E","R","T","R","M","M","E","M","R","BOSS","M","$","M","M","?","E","R","M","T","E","M","M","E","M","R","BOSS"],"items_purchased_type":["Card","Card"],"build_version":"2020-12-18","purchased_purges":1,"victory":false,"max_hp_per_floor":[75,75,75,75,75,75,75,75,75,75,75,75,75,75,75,75,75,75,75,75,75,75,75,75,75,75,75,75,75,75,75,75,75,75],"card_choices":[{"not_picked":["Leap","Steam Power"],"picked":"BootSequence","floor":1.0},{"not_picked":["Rebound","Go for the Eyes"],"picked":"Compile Driver","floor":3.0},{"not_picked":["Undo","Fusion"],"picked":"White Noise","floor":4.0},{"not_picked":["Capacitor","Double Energy"],"picked":"Ball Lightning","floor":7.0},{"not_picked":["Go for the Eyes","Double Energy"],"picked":"Genetic Algorithm","floor":11.0},{"not_picked":["Sweeping Beam","Buffer"],"picked":"Turbo","floor":12.0},{"not_picked":["Turbo","Beam Cell"],"picked":"Amplify","floor":13.0},{"not_picked":["Steam Power","Gash"],"picked":"Cold Snap","floor":14.0},{"not_picked":["Rainbow","Reboot"],"picked":"Biased Cognition","floor":16.0},{"not_picked":["Go for the Eyes","Compile Driver"],"picked":"Defragment","floor":18},{"not_picked":["Rip and Tear","Doom and Gloom"],"picked":"Turbo+1","floor":20},{"not_picked":["Beam Cell","Scrape"],"picked":"Coolheaded","floor":21},{"not_picked":["Scrape","Sweeping Beam","Tempest"],"picked":"SKIP","floor":23},{"not_picked":["Coolheaded","Leap+1"],"picked":"Aggregate+1","floor":25},{"not_picked":["Melter","Barrage"],"picked":"Force Field+1","floor":27},{"not_picked":["Barrage+1","Gash"],"picked":"Coolheaded","floor":28},{"not_picked":["Blizzard","Cold Snap","Reprogram+1"],"picked":"SKIP","floor":29},{"not_picked":["Streamline","Conserve Battery"],"picked":"Steam Power","floor":30},{"not_picked":["Sweeping Beam","Melter"],"picked":"Hologram","floor":31}],"player_experience":834412,"relics_obtained":[{"floor":7.0,"key":"Toy Ornithopter"},{"floor":9.0,"key":"Orichalcum"},{"floor":13.0,"key":"Regal Pillow"},{"floor":23,"key":"Mummified Hand"},{"floor":27,"key":"White Beast Statue"},{"floor":30,"key":"Ornamental Fan"}],"event_choices":[{"cards_removed":["Defend_B"],"damage_healed":0.0,"max_hp_gain":0.0,"max_hp_loss":0.0,"gold_gain":0.0,"event_name":"Golden Wing","player_choice":"Card Removal","floor":2.0,"gold_loss":0.0,"damage_taken":7.0},{"damage_healed":18.0,"max_hp_gain":0.0,"max_hp_loss":0.0,"gold_gain":0.0,"event_name":"The Cleric","player_choice":"Healed","floor":5.0,"gold_loss":35.0,"damage_taken":0.0},{"damage_healed":0,"gold_gain":99,"player_choice":"Stole From Cult","damage_taken":0,"max_hp_gain":0,"max_hp_loss":0,"event_name":"Nest","floor":22,"gold_loss":0}],"is_beta":true,"boss_relics":[{"not_picked":["Ectoplasm","Tiny House"],"picked":"Empty Cage"}],"items_purged_floors":[19],"is_endless":false,"potions_floor_spawned":[1,4,13,18,20,23,28,29,30,31],"killed_by":"Champ","ascension_level":10}}