{"host":"allmbduy0wevzqlm","time":1608349913,"event":{"mods":["2.2 Compatiblity","AchievementEnabler","BaseMod","DeckTracker","Highlight Path","Minty Spire (QoL Compilation)","Quick Restart","everything is the same but u backflip on backflip"],"gold_per_floor":[109,120,45,64,164,164,197,216,216,232,232,246,246,3,3,3,3],"floor_reached":16,"playtime":834,"items_purged":["Strike_R","Strike_R"],"score":102,"play_id":"cf8cc050-bdb3-4323-b704-afc8a4a12c1b","local_time":"20201219125153","is_ascension_mode":false,"campfire_choices":[{"data":"Flash of Steel","floor":6,"key":"SMITH"},{"data":"Seeing Red","floor":13,"key":"SMITH"},{"data":"Bash","floor":15,"key":"SMITH"}],"circlet_count":0,"master_deck":["Strike_R","Strike_R","Strike_R","Defend_R","Defend_R","Defend_R","Defend_R","Bash+1","Flash of Steel+1","Seeing Red+1"],"relics":["Burning Blood","InkBottle","Singing Bowl","Anchor"],"acts_visited":["Exordium"],"potions_floor_usage":[7,7],"damage_taken":[{"damage":6,"enemies":"Cultist","floor":1,"turns":3},{"damage":3,"enemies":"Small Slimes","floor":2,"turns":3},{"damage":3,"enemies":"2 Louse","floor":4,"turns":3},{"damage":44,"enemies":"3 Sentries","floor":7,"turns":10},{"damage":10,"enemies":"Looter","floor":8,"turns":3},{"damage":3,"enemies":"Lots of Slimes","floor":10,"turns":4},{"damage":6,"enemies":"Blue Slaver","floor":12,"turns":4},{"damage":46,"enemies":"Slime Boss","floor":16,"turns":9}],"seed_played":"6284051133767450682","potions_obtained":[{"floor":2,"key":"Regen Potion"},{"floor":4,"key":"Dexterity Potion"}],"is_trial":false,"path_per_floor":["M","M","$","M","?","R","E","M","T","M","?","M","R","$","R","B"],"character_chosen":"IRONCLAD","items_purchased":["Anchor"],"campfire_rested":0,"item_purchase_floors":[14],"current_hp_per_floor":[80,80,80,80,80,80,57,53,53,58,58,60,60,60,60,14,14],"gold":3,"neow_bonus":"RANDOM_COLORLESS","is_daily":false,"chose_seed":false,"campfire_upgraded":3,"win_rate":0.0,"timestamp":1608349913,"path_taken":["M","M","$","M","?","R","E","?","T","M","?","M","R","$","R","BOSS"],"items_purchased_type":["Relic"],"build_version":"2020-12-13","purchased_purges":2,"victory":false,"max_hp_per_floor":[80,80,80,80,80,80,80,80,80,82,82,84,84,84,84,84,84],"card_choices":[{"not_picked":["Trip","Mind Blast"],"picked":"Flash of Steel","floor":0},{"not_picked":["Clothesline","Sword Boomerang","Perfected Strike"],"picked":"SKIP","floor":1},{"not_picked":["Shrug It Off","Headbutt","Pommel Strike"],"picked":"SKIP","floor":2},{"not_picked":["Sentinel","Warcry","Pummel"],"picked":"SKIP","floor":4},{"not_picked":["Dark Embrace","Thunderclap"],"picked":"Seeing Red","floor":7},{"not_picked":["Blood for Blood","Anger","Metallicize"],"picked":"SKIP","floor":8},{"not_picked":["Flex","Infernal Blade","Sentinel"],"picked":"Singing Bowl","floor":10},{"not_picked":["Body Slam","Searing Blow","Intimidate"],"picked":"Singing Bowl","floor":12}],"player_experience":268655,"relics_obtained":[{"floor":7,"key":"InkBottle"},{"floor":9,"key":"Singing Bowl"}],"event_choices":[{"damage_healed":0,"gold_gain":100,"player_choice":"Pray","damage_taken":0,"max_hp_gain":0,"max_hp_loss":0,"event_name":"Golden Shrine","floor":5,"gold_loss":0},{"damage_healed":0,"gold_gain":0,"player_choice":"0 cards matched","damage_taken":0,"max_hp_gain":0,"max_hp_loss":0,"event_name":"Match and Keep!","floor":11,"gold_loss":0,"cards_obtained":[]}],"is_beta":false,"boss_relics":[],"items_purged_floors":[3,14],"is_endless":false,"potions_floor_spawned":[2,4],"killed_by":"Slime Boss","ascension_level":0}}