{"host":"a5e2zwd8c2ad7the","time":1608388974,"event":{"mods":["Act Like it!","BaseMod","Colored Map","Hallownest","Minty Spire (QoL Compilation)","Quick Restart","Replay The Spire","StSLib","The Bug Knight","The Jungle"],"gold_per_floor":[119,49,49,49,49,79,79,114,114,125,78,78,105,118,118,118,118],"floor_reached":16,"playtime":424,"items_purged":[],"score":156,"play_id":"8ba9da6c-b97d-45b1-b108-edc71aa978a9","local_time":"20201219224254","is_ascension_mode":false,"campfire_choices":[{"data":"HollowMod:HowlingWraiths","floor":7,"key":"SMITH"},{"floor":12,"key":"DIG"},{"floor":15,"key":"DIG"}],"circlet_count":0,"master_deck":["HollowMod:NailStrikeStart","HollowMod:NailStrikeStart","HollowMod:NailStrikeStart","HollowMod:NailStrikeStart","HollowMod:QuickDashStart","HollowMod:QuickDashStart","HollowMod:QuickDashStart","HollowMod:QuickDashStart","HollowMod:FocusHealStart","HollowMod:PogoStrike","HollowMod:HowlingWraiths+1","HollowMod:SoulVessel","HollowMod:LifebloodCocoon","HollowMod:CycloneSlash","HollowMod:SoulSplash","HollowMod:SoulVessel"],"relics":["HollowMod:VesselMask","NeowsBlessing","Hallownest:StagBellRelic1","Ice Cream","Divine Protection","Pocketwatch","Shovel","Tiny Chest","Dream Catcher","HollowMod:PaleOreRelic"],"acts_visited":["Hallownest:Greenpath"],"potions_floor_usage":[16,16],"damage_taken":[{"damage":0,"enemies":"Hallownest:monsterHuskWarrior","floor":1,"turns":1},{"damage":0,"enemies":"Hallownest:eliteVengeflyKing","floor":6,"turns":1},{"damage":0,"enemies":"Hallownest:eliteCrystalGuardian","floor":8,"turns":1},{"damage":3,"enemies":"Hallownest:2_Baldur","floor":10,"turns":2},{"damage":0,"enemies":"Hallownest:2_MossCreeps","floor":14,"turns":3},{"damage":78,"enemies":"Hallownest:BossHornet","floor":16,"turns":10}],"seed_played":"-2399060501904199103","potions_obtained":[{"floor":6,"key":"SkillPotion"},{"floor":10,"key":"ColorlessPotion"}],"is_trial":false,"path_per_floor":["M","?","$","?","T","E","R","E","T","M","$","R","T","M","R","B"],"character_chosen":"THE_BUGKNIGHT","items_purchased":["HollowMod:SoulSplash"],"campfire_rested":0,"item_purchase_floors":[11],"current_hp_per_floor":[75,75,75,75,75,75,75,75,75,72,72,72,72,72,72,0,0],"gold":118,"neow_bonus":"THREE_ENEMY_KILL","is_daily":false,"chose_seed":false,"campfire_upgraded":1,"win_rate":0.0,"timestamp":1608388974,"path_taken":["M","?","$","?","?","E","R","E","T","?","?","R","?","M","R","BOSS"],"items_purchased_type":["Card"],"build_version":"2020-12-13","purchased_purges":0,"victory":false,"max_hp_per_floor":[75,75,75,75,75,75,75,75,75,75,75,75,75,75,75,75,75],"card_choices":[{"not_picked":["HollowMod:DoubleDash","HollowMod:InfectedCysts"],"picked":"HollowMod:HowlingWraiths","floor":1},{"not_picked":["HollowMod:MothsMistake","HollowMod:GoodIntentions"],"picked":"HollowMod:SoulVessel","floor":6},{"not_picked":["HollowMod:CoiledNail","HollowMod:ZotesMagnificence"],"picked":"HollowMod:LifebloodCocoon","floor":8},{"not_picked":["HollowMod:RecoilStrike","HollowMod:HeavyBlow"],"picked":"HollowMod:CycloneSlash","floor":10},{"not_picked":["HollowMod:InfectedAttack","HollowMod:InfectedCysts"],"picked":"HollowMod:SoulVessel","floor":14}],"player_experience":26841,"relics_obtained":[{"floor":5,"key":"Ice Cream"},{"floor":6,"key":"Divine Protection"},{"floor":8,"key":"Pocketwatch"},{"floor":9,"key":"Shovel"},{"floor":12,"key":"Tiny Chest"},{"floor":13,"key":"Dream Catcher"},{"floor":15,"key":"HollowMod:PaleOreRelic"}],"event_choices":[],"is_beta":false,"boss_relics":[],"items_purged_floors":[],"is_endless":false,"potions_floor_spawned":[6,10],"killed_by":"Hallownest:BossHornet","ascension_level":0}}