{"host":"pz1ko3gi7nsxydm3","time":1608353874,"event":{"mods":["AchievementEnabler","Act Like it!","BaseMod","Better Note","Better Third Choice","Colored Map","Downfall","Hallownest","Hermit","Hubris","Infinite Spire","Minty Spire (QoL Compilation)","Rare Cards Sparkle","Replay The Spire","StSLib","The Bug Knight","The Jungle","??????REMEMod"],"gold_per_floor":[115,115,215,233,246,246,96,130,130,130,150,179,179,190,190,286,286,302,29,49,0,100,100,100],"floor_reached":23,"playtime":1460,"items_purged":[],"score":209,"play_id":"8e6f15a9-c7bb-45ca-9c44-1fb922545796","local_time":"20201219045754","is_ascension_mode":true,"campfire_choices":[{"floor":6,"key":"REST"},{"floor":10,"key":"REST"},{"floor":13,"key":"REST"},{"data":"Echo Form","floor":15,"key":"SMITH"}],"circlet_count":0,"master_deck":["Strike_G","Strike_G","Strike_G","Strike_G","Strike_G","Defend_G","Defend_G","Defend_G","Defend_G","Defend_G","Survivor","Neutralize","Echo Form+1","REME_CopyPotion","Dagger Spray","Quick Slash","Bane","REME_GreenPollution","Calculated Gamble","Underhanded Strike","Deadly Poison","REME_ShadowStrike","Catalyst","REME_ShadowForm","Acrobatics","hubris:SlightOfHand","Secret Technique","Acrobatics","Crippling Poison+1","ReplayTheSpireMod:Splinters","Prepared","Flying Knee"],"relics":["Ring of the Snake","REME_ComplimentaryCards","hubris:Towel","WingedGreaves","Snake Skull","Runic Pyramid","Blood Vial"],"acts_visited":["Exordium","TheCity"],"potions_floor_usage":[16,18,20],"damage_taken":[{"damage":11,"enemies":"Jaw Worm","floor":1,"turns":6},{"damage":6,"enemies":"Cultist","floor":4,"turns":4},{"damage":12,"enemies":"2 Louse","floor":5,"turns":2},{"damage":14,"enemies":"3 Sentries","floor":8,"turns":4},{"damage":22,"enemies":"Looter","floor":11,"turns":5},{"damage":6,"enemies":"Lagavulin","floor":12,"turns":5},{"damage":1,"enemies":"Exordium Thugs","floor":14,"turns":3},{"damage":59,"enemies":"Slime Boss","floor":16,"turns":7},{"damage":41,"enemies":"2 Thieves","floor":18,"turns":5},{"damage":17,"enemies":"Spheric Guardian","floor":20,"turns":4},{"damage":22,"enemies":"REME_1_Revenger","floor":23,"turns":3}],"seed_played":"513631876078924507","potions_obtained":[{"floor":1,"key":"Strength Potion"},{"floor":8,"key":"champ:CounterPotion"},{"floor":14,"key":"AttackPotion"},{"floor":18,"key":"Venom Potion"}],"is_trial":false,"path_per_floor":["M","?","?","M","M","R","$","E","T","R","M","E","R","M","R","B",null,"M","$","M","?","?","E"],"character_chosen":"THE_SILENT","items_purchased":["REME_GreenPollution","Calculated Gamble","hubris:SlightOfHand","Secret Technique","Acrobatics"],"campfire_rested":3,"item_purchase_floors":[7,7,19,19,19],"current_hp_per_floor":[59,59,59,53,41,62,62,48,48,69,47,41,62,61,61,2,70,29,29,12,12,12,0,0],"gold":100,"neow_bonus":"ONE_RANDOM_RARE_CARD","is_daily":false,"chose_seed":false,"campfire_upgraded":1,"win_rate":0.0,"timestamp":1608353874,"path_taken":["M","?","?","?","M","R","$","E","T","R","M","E","R","M","R","BOSS","M","$","M","?","?","E"],"items_purchased_type":["Card","Card","Card","Card","Card"],"build_version":"2020-12-13","purchased_purges":0,"victory":false,"max_hp_per_floor":[70,70,70,70,70,70,70,70,70,70,70,70,70,70,70,70,70,70,70,70,70,70,70,70],"card_choices":[{"not_picked":["Flying Knee","Prepared"],"picked":"Dagger Spray","floor":1},{"not_picked":["Well Laid Plans","Acrobatics"],"picked":"Quick Slash","floor":4},{"not_picked":["Skewer","Prepared"],"picked":"Bane","floor":5},{"not_picked":["Well Laid Plans","Blade Dance"],"picked":"Underhanded Strike","floor":8},{"not_picked":["Deflect","Prepared"],"picked":"Deadly Poison","floor":11},{"not_picked":["Dagger Spray","Cloak And Dagger"],"picked":"REME_ShadowStrike","floor":12},{"not_picked":["Underhanded Strike","Blade Dance"],"picked":"Catalyst","floor":14},{"not_picked":["Phantasmal Killer","Atom Bomb"],"picked":"REME_ShadowForm","floor":16},{"not_picked":["Cloak And Dagger","Predator"],"picked":"Acrobatics","floor":18},{"not_picked":["Eviscerate","Catalyst"],"picked":"Crippling Poison+1","floor":20},{"not_picked":["Leg Sweep","hubris:TrickCloak"],"picked":"Prepared","floor":22},{"not_picked":["Underhanded Strike+1","hubris:Sniper+1"],"picked":"Flying Knee","floor":22}],"player_experience":87472,"relics_obtained":[{"floor":8,"key":"WingedGreaves"},{"floor":12,"key":"Snake Skull"},{"floor":22,"key":"Blood Vial"}],"event_choices":[{"damage_healed":0,"gold_gain":100,"player_choice":"Gold","damage_taken":0,"max_hp_gain":0,"max_hp_loss":0,"event_name":"Wheel of Change","floor":3,"gold_loss":0},{"damage_healed":0,"gold_gain":0,"player_choice":"Paid Fearfully","damage_taken":0,"max_hp_gain":0,"max_hp_loss":0,"event_name":"Masked Bandits","floor":21,"gold_loss":49}],"is_beta":false,"boss_relics":[{"not_picked":["hubris:BlackHole","REME_DuelDisc"],"picked":"Runic Pyramid"}],"items_purged_floors":[],"is_endless":false,"potions_floor_spawned":[1,8,14,18],"killed_by":"REME_1_Revenger","ascension_level":1}}