{"host":"qgwlv9366poilr0p","time":1608368830,"event":{"mods":["Aspiration","BaseMod","Better Match","Better Note","Colored Powertips","Conspire","Dota2Spire","Friendly Minions","Halation","Hubris","Infinite Spire","JesterMod","Minty Spire (QoL Compilation)","Relic Stats","Replay The Spire","Shop Mod","StSLib","The Blue Laboratory","Wandering Minibosses","vexMod"],"gold_per_floor":[111,111,122,122,134,134,134,146,171,171,186,197,223,236,236,331,381,397,128,128,139,64,96,96,96,96,125,137,149,149,149,149,245,245,259,159,159,159,159,203,125,154,154,184,115,127,127,127,127,187],"floor_reached":51,"playtime":4414,"items_purged":["jesterMod:Strike","jesterMod:Strike","jesterMod:Strike+1","jesterMod:BoilDown"],"score":761,"play_id":"43b816eb-34ec-42cf-916b-1f774fc551af","local_time":"20201219100710","is_ascension_mode":false,"campfire_choices":[{"data":"infinitespire:DeathsTouch","floor":6,"key":"SMITH"},{"data":"jesterMod:Exasperation","floor":10,"key":"SMITH"},{"data":"jesterMod:Sickle","floor":15,"key":"SMITH"},{"data":"jesterMod:Momentum","floor":25,"key":"SMITH"},{"floor":32,"key":"REST"},{"data":"jesterMod:Prankster","floor":47,"key":"SMITH"},{"data":"jesterMod:Haste","floor":49,"key":"SMITH"}],"circlet_count":0,"master_deck":["jesterMod:Sickle+1","jesterMod:Defend","jesterMod:Defend","jesterMod:Defend","jesterMod:Defend","jesterMod:Dodge","jesterMod:SmokeScreen","infinitespire:DeathsTouch+1","jesterMod:Precipitation+1","jesterMod:Frenzy","jesterMod:Exasperation+1","jesterMod:Precipitation+1","jesterMod:Precipitation+1","jesterMod:Momentum+1","jesterMod:Precipitation+1","jesterMod:Contradiction+1","jesterMod:Haste+1","jesterMod:Prankster+1","jesterMod:SelfMockery","jesterMod:Dodge","jesterMod:Overthink","jesterMod:Disposophobia+1","jesterMod:DancingMad+1","jesterMod:Swiftness","jesterMod:Haste","jesterMod:TrickyDodge+1"],"relics":["jesterMod:JesterCap","aspiration:Nostalgia","infinitespire:DarkRift","Strawberry","Mirror","Tiny House","Dota2Spire:ArcaneBoots","Sundial","Question Card","Eternal Feather","Replay:Bottled Eggs","conspire:GlowingRock","Coffee Dripper","wanderingMiniBosses:OtherGremlinHorn","halation:PapillonHeart","vexMod:GhostlyGear","infinitespire:FocusingShard","Dota2Spire:HandOfMidas","Dota2Spire:Mjollnir","hubris:Towel"],"acts_visited":["Exordium","TheCity","TheBeyond"],"potions_floor_usage":[8,13,13,14,16,21,23,23,29,29,50],"damage_taken":[{"damage":0,"enemies":"Cultist","floor":1,"turns":3},{"damage":17,"enemies":"2 Louse","floor":3,"turns":6},{"damage":2,"enemies":"conspire:RoseBush","floor":5,"turns":3},{"damage":8,"enemies":"Blue Slaver","floor":8,"turns":3},{"damage":5,"enemies":"Looter","floor":11,"turns":3},{"damage":10,"enemies":"3 Louse","floor":12,"turns":3},{"damage":0,"enemies":"3 Sentries","floor":13,"turns":8},{"damage":13,"enemies":"Large Slime","floor":14,"turns":5},{"damage":36,"enemies":"Hexaghost","floor":16,"turns":10},{"damage":0,"enemies":"Spheric Guardian","floor":18,"turns":3},{"damage":25,"enemies":"3 Byrds","floor":21,"turns":7},{"damage":9,"enemies":"Replay:Snechameleon","floor":23,"turns":6},{"damage":32,"enemies":"Nightmare","floor":27,"turns":7},{"damage":9,"enemies":"Centurion and Healer","floor":28,"turns":5},{"damage":1,"enemies":"Snake Plant","floor":29,"turns":4},{"damage":20,"enemies":"conspire:MysteriousRune","floor":33,"turns":6},{"damage":5,"enemies":"3 Shapes","floor":35,"turns":5},{"damage":1,"enemies":"R_Hoarder","floor":40,"turns":5},{"damage":0,"enemies":"conspire:MimicChest","floor":42,"turns":3},{"damage":0,"enemies":"infinitespire:Three Voidlings","floor":44,"turns":3},{"damage":1,"enemies":"3 Darklings","floor":46,"turns":3},{"damage":21,"enemies":"Awakened One","floor":50,"turns":7}],"seed_played":"196205624675211048","potions_obtained":[{"floor":3,"key":"Fire Potion"},{"floor":5,"key":"Weak Potion"},{"floor":7,"key":"blueLaboratory:EmptyBottle"},{"floor":7,"key":"blueLaboratory:StoneskinPotion"},{"floor":12,"key":"Reflective Coating"},{"floor":13,"key":"GamblersBrew"},{"floor":16,"key":"blueLaboratory:PyrophylliteBrew"},{"floor":17,"key":"EssenceOfSteel"},{"floor":21,"key":"Dota2Spire:Clarity"},{"floor":23,"key":"SkillPotion"},{"floor":29,"key":"Block Potion"},{"floor":42,"key":"Dexterity Potion"}],"is_trial":false,"path_per_floor":["M","?","M","?","M","R","?","M","T","R","M","M","E","M","R","B",null,"M","$","?","M","?","E","T","R","T","NM","M","M","?","AVR","R","B",null,"M","$","?","?","AVR","E","$","?","T","?","$","M","R","?","R","B",null],"character_chosen":"THE_JESTER","items_purchased":["Dota2Spire:ArcaneBoots","jesterMod:Precipitation","jesterMod:Swiftness","jesterMod:Haste"],"campfire_rested":1,"item_purchase_floors":[19,19,41,45],"current_hp_per_floor":[70,53,36,70,68,68,68,60,67,67,62,52,52,39,39,3,82,82,82,82,57,57,48,48,48,48,16,7,6,6,6,42,22,82,77,77,77,77,77,76,76,76,76,76,76,75,78,78,78,57],"gold":187,"neow_bonus":"NOSTALGIA","is_daily":false,"chose_seed":false,"campfire_upgraded":6,"win_rate":0.0,"timestamp":1608368830,"path_taken":["M","?","M","?","?","R","?","M","T","R","M","?","E","M","R","BOSS","M","$","?","M","?","E","?","R","T","NM","?","M","?","AVR","R","BOSS","M","$","?","?","AVR","E","?","?","T","?","?","?","R","?","R","BOSS"],"items_purchased_type":["Relic","Card","Card","Card"],"build_version":"2020-12-13","purchased_purges":4,"victory":true,"max_hp_per_floor":[70,70,70,70,70,70,70,70,77,77,77,77,77,77,77,77,82,82,82,82,82,82,82,82,82,82,82,82,82,82,82,82,82,82,82,82,82,78,78,78,78,78,78,78,78,78,78,78,78,78],"relic_stats":{"counters":[22,108],"Sundial":[24],"Eternal Feather":15,"Question Card":11,"obtain_stats":[{"Dota2Spire:HandOfMidas":42,"halation:PapillonHeart":38,"Tiny House":17,"aspiration:Nostalgia":0,"Eternal Feather":26,"jesterMod:JesterCap":0,"infinitespire:FocusingShard":40,"wanderingMiniBosses:OtherGremlinHorn":35,"hubris:Towel":48,"Question Card":24,"halation:StarCompass":37,"vexMod:GhostlyGear":39,"infinitespire:DarkRift":0,"conspire:GlowingRock":31,"Sundial":23,"Strawberry":9,"Dota2Spire:Mjollnir":43,"Coffee Dripper":34,"Dota2Spire:ArcaneBoots":19,"Replay:Bottled Eggs":27,"Mirror":13},{"Dota2Spire:HandOfMidas":19,"halation:PapillonHeart":17,"Tiny House":9,"aspiration:Nostalgia":0,"Eternal Feather":12,"jesterMod:JesterCap":0,"infinitespire:FocusingShard":18,"wanderingMiniBosses:OtherGremlinHorn":17,"hubris:Towel":21,"Question Card":12,"halation:StarCompass":17,"vexMod:GhostlyGear":17,"infinitespire:DarkRift":0,"conspire:GlowingRock":15,"Sundial":12,"Strawberry":4,"Dota2Spire:Mjollnir":19,"Coffee Dripper":16,"Dota2Spire:ArcaneBoots":10,"Replay:Bottled Eggs":13,"Mirror":7},{"Dota2Spire:HandOfMidas":95,"halation:PapillonHeart":87,"Tiny House":44,"aspiration:Nostalgia":0,"Eternal Feather":60,"jesterMod:JesterCap":0,"infinitespire:FocusingShard":92,"wanderingMiniBosses:OtherGremlinHorn":87,"hubris:Towel":101,"Question Card":60,"halation:StarCompass":87,"vexMod:GhostlyGear":87,"infinitespire:DarkRift":0,"conspire:GlowingRock":76,"Sundial":60,"Strawberry":15,"Dota2Spire:Mjollnir":95,"Coffee Dripper":82,"Dota2Spire:ArcaneBoots":47,"Replay:Bottled Eggs":67,"Mirror":29}]},"card_choices":[{"not_picked":["jesterMod:Loot","jesterMod:RecklessStrike"],"picked":"jesterMod:SmokeScreen","floor":1},{"not_picked":["ReplayTheSpireMod:Echoes of Time","ReplayTheSpireMod:??????????????????????"],"picked":"infinitespire:DeathsTouch","floor":2},{"not_picked":["jesterMod:Prankster","jesterMod:Tinker"],"picked":"jesterMod:Precipitation","floor":3},{"not_picked":["jesterMod:Anticipation","jesterMod:Loot"],"picked":"jesterMod:Frenzy","floor":5},{"not_picked":["jesterMod:QuickStrike","jesterMod:Tinker"],"picked":"jesterMod:Exasperation","floor":8},{"not_picked":["jesterMod:QuickStrike","jesterMod:Mending"],"picked":"jesterMod:Precipitation","floor":11},{"not_picked":["jesterMod:Talion","jesterMod:BouncingKnife"],"picked":"jesterMod:BoilDown","floor":12},{"not_picked":["jesterMod:Taunt","jesterMod:SelfMockery","jesterMod:Tinker"],"picked":"SKIP","floor":13},{"not_picked":["jesterMod:TrickyDodge","jesterMod:Hide"],"picked":"jesterMod:Precipitation","floor":14},{"not_picked":["jesterMod:Frustration","jesterMod:BoilDown"],"picked":"jesterMod:Momentum","floor":16},{"not_picked":["jesterMod:OblivionStrike+1","jesterMod:JackInTheBox","jesterMod:DaggerRain"],"picked":"SKIP","floor":18},{"not_picked":["jesterMod:Rebuff+1","jesterMod:Inspiration","jesterMod:JugglerBlade"],"picked":"SKIP","floor":21},{"not_picked":["jesterMod:Exasperation+1","jesterMod:FlameDance+1"],"picked":"jesterMod:Contradiction+1","floor":22},{"not_picked":["jesterMod:Discretion","jesterMod:BouncingKnife"],"picked":"jesterMod:Haste","floor":23},{"not_picked":["jesterMod:Hide","jesterMod:RecklessStrike","jesterMod:SmokeScreen"],"picked":"jesterMod:Prankster","floor":27},{"not_picked":["jesterMod:RecklessStrike+1","jesterMod:Mending","jesterMod:Trance","jesterMod:TrickyDodge"],"picked":"SKIP","floor":28},{"not_picked":["jesterMod:Contradiction","jesterMod:Tinker","jesterMod:JugglerBlade"],"picked":"jesterMod:SelfMockery","floor":29},{"not_picked":["jesterMod:ButterflyDance","jesterMod:HedgehogForm","jesterMod:ExperimentalTreatment"],"picked":"jesterMod:Overthink","floor":33},{"not_picked":["jesterMod:JackInTheBox","jesterMod:Taunt","jesterMod:SmokeScreen"],"picked":"jesterMod:Disposophobia+1","floor":35},{"not_picked":["jesterMod:QuickStrike+1","jesterMod:TrickyDodge","jesterMod:Pause"],"picked":"jesterMod:DancingMad+1","floor":40},{"not_picked":["jesterMod:OblivionStrike","jesterMod:Taunt","jesterMod:DaggerRain+1"],"picked":"jesterMod:TrickyDodge+1","floor":46}],"player_experience":1072217,"relics_obtained":[{"floor":9,"key":"Strawberry"},{"floor":13,"key":"Mirror"},{"floor":23,"key":"Sundial"},{"floor":24,"key":"Question Card"},{"floor":26,"key":"Eternal Feather"},{"floor":27,"key":"Replay:Bottled Eggs"},{"floor":35,"key":"wanderingMiniBosses:OtherGremlinHorn"},{"floor":40,"key":"infinitespire:FocusingShard"},{"floor":42,"key":"Dota2Spire:HandOfMidas"},{"floor":43,"key":"Dota2Spire:Mjollnir"}],"event_choices":[{"damage_healed":34,"gold_gain":0,"player_choice":"Full Heal","damage_taken":0,"max_hp_gain":0,"max_hp_loss":0,"event_name":"Wheel of Change","floor":4,"gold_loss":0},{"damage_healed":0,"gold_gain":0,"player_choice":"Got Potions","damage_taken":0,"max_hp_gain":0,"max_hp_loss":0,"event_name":"Lab","floor":7,"gold_loss":0},{"cards_removed":["jesterMod:Strike"],"damage_healed":0,"gold_gain":0,"player_choice":"Purged","damage_taken":0,"max_hp_gain":0,"max_hp_loss":0,"event_name":"Purifier","floor":20,"gold_loss":0},{"damage_healed":0,"gold_gain":0,"player_choice":"2","damage_taken":0,"max_hp_gain":0,"max_hp_loss":0,"event_name":"betterMatch:BetterMatch","floor":22,"gold_loss":0,"cards_obtained":["betterMatch:UncommonCard"]},{"damage_healed":0,"gold_gain":0,"player_choice":"Copied","damage_taken":0,"max_hp_gain":0,"max_hp_loss":0,"event_name":"Duplicator","floor":30,"gold_loss":0,"cards_obtained":["jesterMod:Dodge"]}],"is_beta":false,"boss_relics":[{"not_picked":["vexMod:MegatonBomb","aspiration:IroncladSkillbook"],"picked":"Tiny House"},{"not_picked":["aspiration:FutureDiary","jesterMod:LoadedDice"],"picked":"Coffee Dripper"}],"items_purged_floors":[19,31,36,39],"is_endless":false,"potions_floor_spawned":[3,5,12,13,16,21,23,29,42,44],"ascension_level":0}}