{"host":"qwttrqaysb380yri","time":1608362324,"event":{"mods":["BaseMod","Custom Start","Minty Spire (QoL Compilation)","Permanent Neow","Puzzle Mod","Relic Stats","StSLib","The Cursed","The Hierophant"],"gold_per_floor":[211,227,227,29,50,85,85,128,155,155,188,209,209,309,309,309,309],"floor_reached":16,"playtime":474,"items_purged":[],"score":189,"play_id":"15466e8a-6790-4c69-bd1e-acc46c5128cd","local_time":"20201219081844","is_ascension_mode":true,"campfire_choices":[{"floor":7,"key":"REST"},{"floor":13,"key":"REST"},{"floor":15,"key":"REST"}],"circlet_count":0,"master_deck":["AscendersBane","Strike_B","Strike_B","Strike_B","Strike_B","Defend_B","Defend_B","Defend_B","Defend_B","Zap","Dualcast","Cold Snap","Sweeping Beam","Gash","Ball Lightning","Gash","Glacier","Gash"],"relics":["Cracked Core","Golden Idol","ClockworkSouvenir","Strawberry","Smiling Mask","Vajra","Tiny Chest"],"acts_visited":["Exordium"],"potions_floor_usage":[11,11,11,11],"damage_taken":[{"damage":4,"enemies":"Jaw Worm","floor":1,"turns":4},{"damage":5,"enemies":"2 Louse","floor":2,"turns":3},{"damage":0,"enemies":"Cultist","floor":5,"turns":3},{"damage":43,"enemies":"Lagavulin","floor":6,"turns":8},{"damage":30,"enemies":"Gremlin Nob","floor":8,"turns":4},{"damage":2,"enemies":"Lagavulin","floor":11,"turns":5},{"damage":3,"enemies":"Blue Slaver","floor":12,"turns":4},{"damage":32,"enemies":"Hexaghost","floor":16,"turns":9}],"seed_played":"7407256451754122695","potions_obtained":[{"floor":6,"key":"Dexterity Potion"},{"floor":8,"key":"EntropicBrew"}],"is_trial":false,"path_per_floor":["M","M","?","$","M","E","R","E","T","?","E","M","R","?","R","B"],"character_chosen":"DEFECT","items_purchased":["ClockworkSouvenir","Gash"],"campfire_rested":3,"item_purchase_floors":[4,4],"current_hp_per_floor":[64,59,59,59,59,23,45,15,15,15,13,10,32,32,54,22,22],"gold":309,"neow_bonus":"HUNDRED_GOLD","is_daily":false,"chose_seed":false,"campfire_upgraded":0,"win_rate":0.0,"timestamp":1608362324,"path_taken":["M","M","?","$","M","E","R","E","T","?","E","M","R","?","R","BOSS"],"items_purchased_type":["Relic","Card"],"build_version":"2020-12-13","purchased_purges":0,"victory":false,"max_hp_per_floor":[75,75,69,69,69,76,76,76,76,76,76,76,76,76,76,76,76],"relic_stats":{"counters":[8,40],"Golden Idol":31,"Tiny Chest":0,"Smiling Mask":0,"obtain_stats":[{"Golden Idol":3,"Strawberry":6,"Vajra":9,"Tiny Chest":11,"Cracked Core":0,"Smiling Mask":8,"ClockworkSouvenir":4},{"Golden Idol":2,"Strawberry":4,"Vajra":5,"Tiny Chest":6,"Cracked Core":0,"Smiling Mask":5,"ClockworkSouvenir":2},{"Golden Idol":7,"Strawberry":18,"Vajra":22,"Tiny Chest":27,"Cracked Core":0,"Smiling Mask":22,"ClockworkSouvenir":7}]},"card_choices":[{"not_picked":["Gash","Stack"],"picked":"Cold Snap","floor":1},{"not_picked":["Coolheaded","Compile Driver"],"picked":"Sweeping Beam","floor":2},{"not_picked":["Conserve Battery","Barrage"],"picked":"Ball Lightning","floor":5},{"not_picked":["Fusion","Reboot"],"picked":"Gash","floor":6},{"not_picked":["Loop","Redo"],"picked":"Glacier","floor":8},{"not_picked":["Go for the Eyes","Reinforced Body"],"picked":"Gash","floor":11},{"not_picked":["Turbo","Storm","Barrage"],"picked":"SKIP","floor":12}],"player_experience":1887625,"relics_obtained":[{"floor":6,"key":"Strawberry"},{"floor":8,"key":"Smiling Mask"},{"floor":9,"key":"Vajra"},{"floor":11,"key":"Tiny Chest"}],"event_choices":[{"damage_healed":0,"gold_gain":0,"player_choice":"Lose Max HP","damage_taken":0,"relics_obtained":["Golden Idol"],"max_hp_gain":0,"max_hp_loss":6,"event_name":"Golden Idol","floor":3,"gold_loss":0},{"damage_healed":0,"gold_gain":0,"player_choice":"Ignored","damage_taken":0,"max_hp_gain":0,"max_hp_loss":0,"event_name":"Shining Light","floor":10,"gold_loss":0},{"damage_healed":0,"gold_gain":100,"player_choice":"Pray","damage_taken":0,"max_hp_gain":0,"max_hp_loss":0,"event_name":"Golden Shrine","floor":14,"gold_loss":0}],"is_beta":false,"boss_relics":[],"items_purged_floors":[],"is_endless":false,"potions_floor_spawned":[6,8],"killed_by":"Hexaghost","ascension_level":12}}