{"host":"gp6kafy53r5vaktt","time":1608405068,"event":{"mods":["BaseMod","Colored Map","Highlight Path","Minty Spire (QoL Compilation)"],"gold_per_floor":[111,128,128,128,144,172,172,203,272,272,242,260,270,280,280,379,379,394,410,410,320,336,364,364,399,423,423,437,450,450,463,463,463,463],"floor_reached":33,"playtime":2007,"items_purged":[],"score":340,"play_id":"2ee45ceb-5d97-4269-b513-0932f814c3f6","local_time":"20201219211108","is_ascension_mode":true,"campfire_choices":[{"data":"Dash","floor":7,"key":"SMITH"},{"data":"All Out Attack","floor":10,"key":"SMITH"},{"data":"Terror","floor":15,"key":"SMITH"},{"data":"Die Die Die","floor":24,"key":"SMITH"},{"floor":27,"key":"REST"},{"data":"Cloak And Dagger","floor":30,"key":"SMITH"},{"data":"Neutralize","floor":32,"key":"SMITH"}],"circlet_count":0,"master_deck":["Strike_G","Strike_G","Strike_G","Strike_G+1","Strike_G","Defend_G+1","Defend_G","Defend_G","Defend_G","Defend_G","Survivor","Neutralize+1","Slice+1","Dash+1","Dodge and Roll","All Out Attack+1","Escape Plan","Infinite Blades","Terror+1","Die Die Die+1","Calculated Gamble","Expertise","Predator","Cloak And Dagger+1"],"relics":["SlaversCollar","Du-Vu Doll","Dream Catcher","InkBottle","Pantograph","Sozu","Bottled Lightning","MealTicket","Akabeko"],"acts_visited":["Exordium","TheCity"],"potions_floor_usage":[6,16,16,33],"damage_taken":[{"damage":0,"enemies":"Small Slimes","floor":1,"turns":4},{"damage":6,"enemies":"Jaw Worm","floor":2,"turns":6},{"damage":2,"enemies":"Cultist","floor":5,"turns":3},{"damage":7,"enemies":"Lagavulin","floor":6,"turns":9},{"damage":0,"enemies":"3 Sentries","floor":8,"turns":5},{"damage":2,"enemies":"Gremlin Gang","floor":12,"turns":3},{"damage":0,"enemies":"3 Louse","floor":13,"turns":2},{"damage":0,"enemies":"2 Fungi Beasts","floor":14,"turns":3},{"damage":13,"enemies":"Hexaghost","floor":16,"turns":7},{"damage":1,"enemies":"3 Byrds","floor":18,"turns":4},{"damage":5,"enemies":"2 Thieves","floor":19,"turns":4},{"damage":16,"enemies":"Shelled Parasite and Fungi","floor":22,"turns":4},{"damage":21,"enemies":"Book of Stabbing","floor":23,"turns":5},{"damage":23,"enemies":"Gremlin Leader","floor":25,"turns":5},{"damage":5,"enemies":"Chosen and Byrds","floor":28,"turns":3},{"damage":3,"enemies":"Centurion and Healer","floor":29,"turns":4},{"damage":8,"enemies":"3 Cultists","floor":31,"turns":4},{"damage":51,"enemies":"Automaton","floor":33,"turns":6}],"seed_played":"3370516805895632533","potions_obtained":[{"floor":2,"key":"PowerPotion"},{"floor":5,"key":"SneckoOil"},{"floor":8,"key":"PowerPotion"},{"floor":11,"key":"Block Potion"},{"floor":11,"key":"FairyPotion"},{"floor":16,"key":"DuplicationPotion"}],"is_trial":false,"path_per_floor":["M","M","?","?","M","E","R","E","T","R","?","M","M","M","R","B",null,"M","M","?","?","M","E","R","E","T","R","M","M","R","M","R","B"],"character_chosen":"THE_SILENT","items_purchased":[],"campfire_rested":1,"item_purchase_floors":[],"current_hp_per_floor":[70,64,50,50,48,41,41,41,41,41,41,39,39,39,39,51,70,69,64,51,51,35,14,14,13,13,35,30,27,27,19,19,0,0],"gold":463,"neow_bonus":"BOSS_RELIC","is_daily":false,"chose_seed":false,"campfire_upgraded":6,"win_rate":0.0,"timestamp":1608405068,"path_taken":["M","M","?","?","M","E","R","E","T","R","?","M","?","M","R","BOSS","M","?","?","?","?","E","R","E","T","R","M","M","R","M","R","BOSS"],"items_purchased_type":[],"build_version":"2020-12-13","purchased_purges":0,"victory":false,"max_hp_per_floor":[70,70,70,70,70,70,70,70,70,70,70,70,70,70,70,70,70,70,70,75,75,75,75,75,75,75,75,75,75,75,75,75,75,75],"card_choices":[{"not_picked":["Finisher","Catalyst"],"picked":"Slice","floor":1},{"not_picked":["PiercingWail","Dodge and Roll"],"picked":"Dash","floor":2},{"not_picked":["Well Laid Plans","Flying Knee"],"picked":"Dodge and Roll","floor":5},{"not_picked":["Underhanded Strike","Expertise"],"picked":"All Out Attack","floor":6},{"not_picked":["Poisoned Stab","PiercingWail"],"picked":"Escape Plan","floor":8},{"not_picked":["Dagger Throw","PiercingWail","Dagger Spray"],"picked":"SKIP","floor":12},{"not_picked":["Escape Plan","Deadly Poison"],"picked":"Infinite Blades","floor":13},{"not_picked":["Outmaneuver","Underhanded Strike"],"picked":"Terror","floor":14},{"not_picked":["Storm of Steel","Grand Finale"],"picked":"Die Die Die","floor":16},{"not_picked":["Slice","PiercingWail","Underhanded Strike"],"picked":"SKIP","floor":18},{"not_picked":["Prepared","Underhanded Strike+1"],"picked":"Calculated Gamble","floor":19},{"not_picked":["Bane+1","Prepared","Outmaneuver"],"picked":"SKIP","floor":22},{"not_picked":["Blade Dance","PiercingWail"],"picked":"Expertise","floor":23},{"not_picked":["Skewer","Phantasmal Killer"],"picked":"Predator","floor":25},{"not_picked":["Dagger Spray","Flying Knee","Dagger Throw+1"],"picked":"SKIP","floor":28},{"not_picked":["Doppelganger","Blade Dance"],"picked":"Cloak And Dagger","floor":29},{"not_picked":["Blade Dance","Acrobatics","Deadly Poison"],"picked":"SKIP","floor":31}],"player_experience":61312,"relics_obtained":[{"floor":6,"key":"Dream Catcher"},{"floor":8,"key":"InkBottle"},{"floor":9,"key":"Pantograph"},{"floor":23,"key":"Bottled Lightning"},{"floor":25,"key":"MealTicket"},{"floor":26,"key":"Akabeko"}],"event_choices":[{"damage_healed":0,"gold_gain":0,"player_choice":"Entered Light","damage_taken":14,"max_hp_gain":0,"max_hp_loss":0,"event_name":"Shining Light","floor":3,"gold_loss":0,"cards_upgraded":["Slice","Defend_G"]},{"damage_healed":0,"gold_gain":0,"player_choice":"Box","damage_taken":0,"relics_obtained":["Du-Vu Doll"],"max_hp_gain":0,"max_hp_loss":0,"event_name":"Big Fish","floor":4,"gold_loss":0,"cards_obtained":["Regret"]},{"damage_healed":0,"gold_gain":0,"player_choice":"Bought 2 Potions","damage_taken":0,"max_hp_gain":0,"max_hp_loss":0,"event_name":"The Woman in Blue","floor":11,"gold_loss":0},{"damage_healed":0,"gold_gain":0,"player_choice":"Shed Blood","damage_taken":18,"max_hp_gain":5,"max_hp_loss":0,"event_name":"Forgotten Altar","floor":20,"gold_loss":0},{"cards_removed":["Regret"],"damage_healed":0,"gold_gain":0,"player_choice":"Upgrade and Remove","damage_taken":0,"max_hp_gain":0,"max_hp_loss":0,"event_name":"Designer","floor":21,"gold_loss":90,"cards_upgraded":["Strike_G"]}],"is_beta":false,"boss_relics":[{"not_picked":["Runic Pyramid","Cursed Key"],"picked":"Sozu"}],"items_purged_floors":[],"is_endless":false,"potions_floor_spawned":[2,5,8,16,18,23,29],"killed_by":"Automaton","ascension_level":1}}