{"host":"4id8injl4bo2b6ih","time":1608348141,"event":{"mods":["Act Like it!","BaseMod","Better Third Choice","Colored Map","Friendly Minions","Highlight Path","Minty Spire (QoL Compilation)","Robot Space Explorer","Spicy Shops","StSLib","The Dragon Tamer"],"gold_per_floor":[16,29,39,51,68,68,68,68,140,151,151,162,175,239,239,344,344,358,369,380,398,418,447,447,482,482,482,482,16,16,45,45,142,142,157,172,190,202,182,209,209,244,299,316,327,327,343,85,85,85],"floor_reached":51,"playtime":4480,"items_purged":["Parasite"],"score":815,"play_id":"2c8e0939-ba06-406f-b30c-bc31397539a1","local_time":"20201219042221","is_ascension_mode":false,"campfire_choices":[{"data":"RobotSpaceExplorer:StarDust","floor":6.0,"key":"SMITH"},{"data":"RobotSpaceExplorer:DoubleBlock","floor":8.0,"key":"SMITH"},{"floor":15.0,"key":"REST"},{"floor":24.0,"key":"REST"},{"data":"RobotSpaceExplorer:PowerCollector","floor":27.0,"key":"SMITH"},{"floor":30.0,"key":"REST"},{"data":"RobotSpaceExplorer:Blaster","floor":32.0,"key":"SMITH"},{"floor":41.0,"key":"REST"},{"data":"RobotSpaceExplorer:Multitool","floor":46.0,"key":"SMITH"},{"data":"RobotSpaceExplorer:FreezeRay","floor":49.0,"key":"SMITH"}],"circlet_count":0,"master_deck":["RobotSpaceExplorer:Strike","RobotSpaceExplorer:Strike","RobotSpaceExplorer:Strike+1","RobotSpaceExplorer:Defend","RobotSpaceExplorer:Defend+1","RobotSpaceExplorer:Defend","RobotSpaceExplorer:Scan","RobotSpaceExplorer:MiniLasers","RobotSpaceExplorer:GearShield","RobotSpaceExplorer:StarDust+1","RobotSpaceExplorer:DoubleBlock+1","RobotSpaceExplorer:GearShield","RobotSpaceExplorer:StunGrenade","RobotSpaceExplorer:FreezeRay+1","RobotSpaceExplorer:RigExplosive","RobotSpaceExplorer:Blaster+1","RobotSpaceExplorer:LaserBurst+1","RobotSpaceExplorer:IronShell+1","RobotSpaceExplorer:MiniBoosters","RobotSpaceExplorer:Fix+1","RobotSpaceExplorer:FreezeRay","RobotSpaceExplorer:PowerCollector+1","RobotSpaceExplorer:ShockKick+1","RobotSpaceExplorer:Discharger","RobotSpaceExplorer:Comet+1","RobotSpaceExplorer:Multitool+1","RobotSpaceExplorer:GlueShot+1","RobotSpaceExplorer:GearShield+1","RobotSpaceExplorer:PowerCollector+1","RobotSpaceExplorer:Pulsar+1","RobotSpaceExplorer:StunGrenade+1","RobotSpaceExplorer:MetalStrike+1","RobotSpaceExplorer:Fix+1","RobotSpaceExplorer:Discharger+1","RobotSpaceExplorer:StunGrenade+1"],"relics":["RobotSpaceExplorer:TurboCore","Sundial","Unceasing Top","Orichalcum","Bag of Preparation","Toxic Egg 2","War Paint","Membership Card","RobotSpaceExplorer:PlasmaHourglass","PreservedInsect","Whetstone","Du-Vu Doll","Empty Cage","Lantern","Nunchaku","MealTicket","Bag of Marbles","Anchor","Toolbox"],"acts_visited":["Exordium","TheCity","TheBeyond"],"potions_floor_usage":[50,50,50,50],"damage_taken":[{"damage":2.0,"enemies":"Jaw Worm","floor":1.0,"turns":4.0},{"damage":0.0,"enemies":"2 Louse","floor":2.0,"turns":2.0},{"damage":0.0,"enemies":"Small Slimes","floor":3.0,"turns":4.0},{"damage":0.0,"enemies":"3 Louse","floor":4.0,"turns":5.0},{"damage":13.0,"enemies":"Exordium Thugs","floor":5.0,"turns":7.0},{"damage":5.0,"enemies":"Exordium Wildlife","floor":10.0,"turns":4.0},{"damage":12.0,"enemies":"Blue Slaver","floor":12.0,"turns":5.0},{"damage":6.0,"enemies":"3 Louse","floor":13.0,"turns":4.0},{"damage":3.0,"enemies":"3 Sentries","floor":14.0,"turns":7.0},{"damage":0.0,"enemies":"The Guardian","floor":16.0,"turns":11.0},{"damage":2.0,"enemies":"Chosen","floor":18.0,"turns":3.0},{"damage":4.0,"enemies":"3 Byrds","floor":19.0,"turns":6.0},{"damage":12.0,"enemies":"Cultist and Chosen","floor":20.0,"turns":7.0},{"damage":40.0,"enemies":"3 Cultists","floor":21.0,"turns":7.0},{"damage":9.0,"enemies":"Snake Plant","floor":22.0,"turns":4.0},{"damage":25.0,"enemies":"Book of Stabbing","floor":23.0,"turns":8.0},{"damage":23.0,"enemies":"Gremlin Leader","floor":25.0,"turns":8.0},{"damage":2.0,"enemies":"Slavers","floor":31.0,"turns":4.0},{"damage":5.0,"enemies":"Collector","floor":33.0,"turns":7.0},{"damage":4.0,"enemies":"3 Shapes","floor":35.0,"turns":6.0},{"damage":25.0,"enemies":"3 Darklings","floor":36.0,"turns":4.0},{"damage":36.0,"enemies":"Jaw Worm Horde","floor":37.0,"turns":5.0},{"damage":0.0,"enemies":"Transient","floor":38.0,"turns":5.0},{"damage":30.0,"enemies":"Reptomancer","floor":40.0,"turns":5.0},{"damage":11.0,"enemies":"Giant Head","floor":42.0,"turns":6.0},{"damage":0.0,"enemies":"4 Shapes","floor":44.0,"turns":5.0},{"damage":2.0,"enemies":"Writhing Mass","floor":45.0,"turns":5.0},{"damage":2.0,"enemies":"3 Darklings","floor":47.0,"turns":5.0},{"damage":81,"enemies":"Awakened One","floor":50,"turns":20}],"seed_played":"-4105620475361284968","potions_obtained":[{"floor":1.0,"key":"Block Potion"},{"floor":5.0,"key":"Dexterity Potion"},{"floor":10.0,"key":"SkillPotion"},{"floor":13.0,"key":"EssenceOfSteel"},{"floor":19.0,"key":"Energy Potion"},{"floor":21.0,"key":"LiquidBronze"},{"floor":23.0,"key":"AttackPotion"},{"floor":31.0,"key":"AttackPotion"},{"floor":33.0,"key":"Weak Potion"},{"floor":39.0,"key":"Regen Potion"},{"floor":40.0,"key":"Ancient Potion"},{"floor":44.0,"key":"EssenceOfSteel"}],"is_trial":false,"path_per_floor":["M","M","M","M","M","R","$","R","T","M","?","M","M","?","R","B",null,"M","M","M","M","M","E","R","E","T","R","?","$","R","E","R","B",null,"M","M","M","M","?","E","R","E","T","M","M","R","M","$","R","B",null],"character_chosen":"RobotSpaceExplorer","items_purchased":["Membership Card","RobotSpaceExplorer:PlasmaHourglass","RobotSpaceExplorer:Discharger","PreservedInsect","Whetstone","Bag of Marbles","Anchor","Toolbox"],"campfire_rested":4,"item_purchase_floors":[29,29,29,29,29,48,48,48],"current_hp_per_floor":[87,87,87,87,74,74,74,74,74,69,74,62,56,53,81,81,94,92,88,76,36,33,14,42,25,25,25,25,25,53,57,57,58,94,92,67,37,43,43,27,55,50,50,56,60,60,64,79,79,10],"gold":85,"neow_bonus":"TWENTY_PERCENT_HP_BONUS","is_daily":false,"chose_seed":false,"campfire_upgraded":6,"win_rate":0.0,"timestamp":1608348141,"path_taken":["M","M","M","M","M","R","$","R","T","M","?","M","M","?","R","BOSS","M","M","M","M","M","E","R","E","T","R","?","$","R","E","R","BOSS","M","M","M","M","?","E","R","E","T","M","M","R","M","$","R","BOSS"],"items_purchased_type":["Relic","Relic","Card","Relic","Relic","Relic","Relic","Relic"],"build_version":"2020-12-13","purchased_purges":1,"victory":true,"max_hp_per_floor":[89,89,89,89,89,89,89,89,89,89,94,94,94,94,94,94,94,94,94,94,94,94,94,94,94,94,94,94,94,94,94,94,94,94,94,94,94,94,94,94,94,94,94,94,94,94,94,91,91,91],"card_choices":[{"not_picked":["RobotSpaceExplorer:ShovelStrike","RobotSpaceExplorer:Probe"],"picked":"RobotSpaceExplorer:GearShield","floor":1.0},{"not_picked":["RobotSpaceExplorer:StunGrenade","RobotSpaceExplorer:MetalStrike"],"picked":"RobotSpaceExplorer:StarDust","floor":2.0},{"not_picked":["RobotSpaceExplorer:ScrapMissile","RobotSpaceExplorer:ImprovisedAttack"],"picked":"RobotSpaceExplorer:DoubleBlock","floor":3.0},{"not_picked":["RobotSpaceExplorer:SurgingStrike","RobotSpaceExplorer:SwiftStep","RobotSpaceExplorer:Reload"],"picked":"SKIP","floor":4.0},{"not_picked":["RobotSpaceExplorer:Blitz","RobotSpaceExplorer:FranticSearch"],"picked":"RobotSpaceExplorer:GearShield","floor":5.0},{"not_picked":["RobotSpaceExplorer:SwiftStep","RobotSpaceExplorer:MakeshiftVolley"],"picked":"RobotSpaceExplorer:StunGrenade","floor":10.0},{"not_picked":["RobotSpaceExplorer:GearShield","RobotSpaceExplorer:Blaster"],"picked":"RobotSpaceExplorer:FreezeRay","floor":12.0},{"not_picked":["RobotSpaceExplorer:FrostMissile","RobotSpaceExplorer:ScrapMissile","RobotSpaceExplorer:Ammunition"],"picked":"SKIP","floor":13.0},{"not_picked":["RobotSpaceExplorer:ImprovisedAttack","RobotSpaceExplorer:Calculate"],"picked":"RobotSpaceExplorer:RigExplosive","floor":14.0},{"not_picked":["RobotSpaceExplorer:ChargingLaser","RobotSpaceExplorer:Scanner"],"picked":"RobotSpaceExplorer:Blaster","floor":16.0},{"not_picked":["RobotSpaceExplorer:Ammunition","RobotSpaceExplorer:FrostMissile"],"picked":"RobotSpaceExplorer:LaserBurst","floor":18.0},{"not_picked":["RobotSpaceExplorer:ScrapShield","RobotSpaceExplorer:Blitz"],"picked":"RobotSpaceExplorer:IronShell","floor":19.0},{"not_picked":["RobotSpaceExplorer:MakeshiftVolley","RobotSpaceExplorer:StunGrenade"],"picked":"RobotSpaceExplorer:MiniBoosters","floor":20.0},{"not_picked":["RobotSpaceExplorer:Pulsar","RobotSpaceExplorer:StunGrenade"],"picked":"RobotSpaceExplorer:Fix+1","floor":21.0},{"not_picked":["RobotSpaceExplorer:SlimeMissile+1","RobotSpaceExplorer:MiniDrones"],"picked":"RobotSpaceExplorer:FreezeRay","floor":22.0},{"not_picked":["RobotSpaceExplorer:DualCore","RobotSpaceExplorer:SwiftStep+1"],"picked":"RobotSpaceExplorer:PowerCollector","floor":23.0},{"not_picked":["RobotSpaceExplorer:MakeshiftVolley","RobotSpaceExplorer:RigExplosive+1"],"picked":"RobotSpaceExplorer:ShockKick+1","floor":25.0},{"not_picked":["RobotSpaceExplorer:FranticSearch+1","RobotSpaceExplorer:DoubleFind+1"],"picked":"RobotSpaceExplorer:Comet+1","floor":31.0},{"not_picked":["RobotSpaceExplorer:Explosion","RobotSpaceExplorer:Blaster"],"picked":"RobotSpaceExplorer:Multitool","floor":33.0},{"not_picked":["RobotSpaceExplorer:PowerGlove","RobotSpaceExplorer:SwiftStep+1"],"picked":"RobotSpaceExplorer:GlueShot+1","floor":35.0},{"not_picked":["RobotSpaceExplorer:ScrapMissile+1","RobotSpaceExplorer:Calculate+1"],"picked":"RobotSpaceExplorer:GearShield+1","floor":36.0},{"not_picked":["RobotSpaceExplorer:ScrapMissile","RobotSpaceExplorer:FrostMissile+1"],"picked":"RobotSpaceExplorer:PowerCollector+1","floor":37.0},{"not_picked":["RobotSpaceExplorer:SwiftStep+1","RobotSpaceExplorer:SurgingShield+1"],"picked":"RobotSpaceExplorer:Pulsar+1","floor":38.0},{"not_picked":["RobotSpaceExplorer:Counterblock+1","RobotSpaceExplorer:ScrapShield+1"],"picked":"RobotSpaceExplorer:StunGrenade+1","floor":40.0},{"not_picked":["RobotSpaceExplorer:Ammunition+1","RobotSpaceExplorer:SurgingStrike"],"picked":"RobotSpaceExplorer:MetalStrike+1","floor":42.0},{"not_picked":["RobotSpaceExplorer:FranticSearch+1","RobotSpaceExplorer:Ammunition+1"],"picked":"RobotSpaceExplorer:Fix+1","floor":44.0},{"not_picked":["RobotSpaceExplorer:Electropulse+1","RobotSpaceExplorer:MiniBoosters"],"picked":"RobotSpaceExplorer:Discharger+1","floor":45.0},{"not_picked":["RobotSpaceExplorer:MiniDrones+1","RobotSpaceExplorer:Accelerator"],"picked":"RobotSpaceExplorer:StunGrenade+1","floor":47.0}],"player_experience":320547,"relics_obtained":[{"floor":9.0,"key":"Sundial"},{"floor":14.0,"key":"Unceasing Top"},{"floor":23.0,"key":"Orichalcum"},{"floor":25.0,"key":"Bag of Preparation"},{"floor":26.0,"key":"Toxic Egg 2"},{"floor":31.0,"key":"Du-Vu Doll"},{"floor":40.0,"key":"Lantern"},{"floor":42.0,"key":"Nunchaku"},{"floor":43.0,"key":"MealTicket"}],"event_choices":[{"damage_healed":0.0,"max_hp_gain":5.0,"max_hp_loss":0.0,"gold_gain":0.0,"event_name":"Big Fish","player_choice":"Donut","floor":11.0,"gold_loss":0.0,"damage_taken":0.0},{"damage_healed":0.0,"max_hp_gain":0.0,"max_hp_loss":0.0,"gold_gain":0.0,"event_name":"Dead Adventurer","player_choice":"Searched \u00271\u0027 times","floor":14.0,"gold_loss":0.0,"damage_taken":0.0},{"damage_healed":0.0,"max_hp_gain":0.0,"max_hp_loss":0.0,"gold_gain":0.0,"event_name":"The Mausoleum","player_choice":"Opened","floor":28.0,"gold_loss":0.0,"damage_taken":0.0,"relics_obtained":["War Paint"]},{"damage_healed":0.0,"max_hp_gain":0.0,"max_hp_loss":0.0,"gold_gain":0.0,"event_name":"The Woman in Blue","player_choice":"Bought 1 Potion","floor":39.0,"gold_loss":0.0,"damage_taken":0.0}],"is_beta":false,"boss_relics":[{"not_picked":["SlaversCollar","Calling Bell"],"picked":"RobotSpaceExplorer:TurboCore"},{"not_picked":["Busted Crown","Sozu"],"picked":"Empty Cage"}],"items_purged_floors":[48],"is_endless":false,"potions_floor_spawned":[1,5,10,13,14,19,21,23,31,33,40,44,45],"ascension_level":0}}