{"host":"1a8vswsp13vmqqwt","time":1608394056,"event":{"mods":["AchievementEnabler","BaseMod","Hermit","Minty Spire (QoL Compilation)","StSLib"],"gold_per_floor":[367,146,173,196,49,58,83,108,183,183,204,245,245,270,270,377,377,406,427,42,63,63,63],"floor_reached":22,"playtime":739,"items_purged":["hermit:Strike_Hermit"],"score":215,"play_id":"6315dd80-f5dd-4ead-9cb4-061817cad970","local_time":"20201219190736","is_ascension_mode":false,"campfire_choices":[{"floor":6.0,"key":"REST"},{"data":"hermit:Determination","floor":10.0,"key":"SMITH"},{"data":"hermit:GoldenBullet","floor":15.0,"key":"SMITH"}],"circlet_count":0,"master_deck":["hermit:Strike_Hermit","hermit:Strike_Hermit","hermit:Strike_Hermit","hermit:Defend_Hermit","hermit:Defend_Hermit","hermit:Defend_Hermit","hermit:Defend_Hermit","hermit:Snapshot","hermit:Covet","Shame","hermit:NoHoldsBarred","hermit:Determination+1","hermit:TakeCover","hermit:Headshot","hermit:WideOpen","hermit:Desperado","hermit:RoundhouseKick","hermit:Deadeye","hermit:GoldenBullet+1","hermit:Reprieve","hermit:Roulette","hermit:Gestalt","hermit:Glare"],"relics":["hermit:ClaspedLocket","CeramicFish","Dream Catcher","Frozen Egg 2","Mango","Strawberry","hermit:Horseshoe"],"acts_visited":["TheCity"],"potions_floor_usage":[19,21,22],"damage_taken":[{"damage":2.0,"enemies":"2 Louse","floor":1.0,"turns":4.0},{"damage":10.0,"enemies":"Cultist","floor":3.0,"turns":4.0},{"damage":5.0,"enemies":"Jaw Worm","floor":4.0,"turns":4.0},{"damage":2.0,"enemies":"Blue Slaver","floor":7.0,"turns":2.0},{"damage":0.0,"enemies":"Exordium Wildlife","floor":8.0,"turns":2.0},{"damage":5.0,"enemies":"Looter","floor":11.0,"turns":3.0},{"damage":28.0,"enemies":"Lagavulin","floor":12.0,"turns":5.0},{"damage":0.0,"enemies":"Lots of Slimes","floor":14.0,"turns":1.0},{"damage":18,"enemies":"Slime Boss","floor":16,"turns":12},{"damage":41,"enemies":"2 Thieves","floor":18,"turns":4},{"damage":37,"enemies":"Shell Parasite","floor":19,"turns":7},{"damage":11,"enemies":"Centurion and Healer","floor":21,"turns":4},{"damage":10,"enemies":"Chosen and Byrds","floor":22,"turns":1}],"seed_played":"6819352907949410","potions_obtained":[{"floor":1.0,"key":"Fire Potion"},{"floor":3.0,"key":"CultistPotion"},{"floor":8.0,"key":"hermit:Tonic"}],"is_trial":false,"path_per_floor":["M","$","M","M","$","R","M","M","T","R","M","E","?","M","R","B",null,"M","M","$","M","M"],"character_chosen":"HERMIT","items_purchased":["hermit:Determination","CeramicFish","Dream Catcher","hermit:Horseshoe","PowerPotion"],"campfire_rested":1,"item_purchase_floors":[2,2,5,20,20],"current_hp_per_floor":[73,73,63,58,58,75,73,73,73,73,68,54,61,61,61,43,96,55,18,18,7,0,0],"gold":63,"neow_bonus":"TWO_FIFTY_GOLD","is_daily":false,"chose_seed":false,"campfire_upgraded":2,"win_rate":0.0,"timestamp":1608394056,"path_taken":["M","$","M","M","$","R","M","M","T","R","M","E","?","M","R","BOSS","M","M","$","M","?"],"items_purchased_type":["Card","Relic","Relic","Relic","Potion"],"build_version":"2020-12-13","purchased_purges":1,"victory":false,"max_hp_per_floor":[75,75,75,75,75,75,75,75,75,75,75,89,96,96,96,96,96,96,96,96,96,96,96],"card_choices":[{"not_picked":["hermit:LoneWolf","hermit:SprayPray"],"picked":"hermit:NoHoldsBarred","floor":1.0},{"not_picked":["hermit:Shortfuse","hermit:Quickdraw"],"picked":"hermit:TakeCover","floor":3.0},{"not_picked":["hermit:Shortfuse","hermit:Virtue"],"picked":"hermit:BodyArmor","floor":4.0},{"not_picked":["hermit:Coalescence","hermit:TrackingShot"],"picked":"hermit:Headshot","floor":6.0},{"not_picked":["hermit:TakeCover","hermit:Shortfuse"],"picked":"hermit:WideOpen","floor":7.0},{"not_picked":["hermit:Roulette","hermit:Scavenge"],"picked":"hermit:Desperado","floor":8.0},{"not_picked":["hermit:SprayPray","hermit:Spite"],"picked":"hermit:RoundhouseKick","floor":11.0},{"not_picked":["hermit:BigShot+1","hermit:HighCaliber"],"picked":"hermit:Deadeye","floor":12.0},{"not_picked":["hermit:Maintenance","hermit:Dive"],"picked":"hermit:GoldenBullet","floor":14.0},{"not_picked":["hermit:FromBeyond","hermit:Gambit"],"picked":"hermit:Reprieve","floor":16},{"not_picked":["hermit:SprayPray","hermit:WideOpen"],"picked":"hermit:Roulette","floor":18},{"not_picked":["hermit:Quickdraw","hermit:CalledShot"],"picked":"hermit:Gestalt","floor":19},{"not_picked":["hermit:BodyArmor","hermit:HeroicBravado"],"picked":"hermit:Glare","floor":21}],"player_experience":155558,"relics_obtained":[{"floor":9.0,"key":"Frozen Egg 2"},{"floor":12.0,"key":"Mango"}],"event_choices":[{"cards_removed":["hermit:BodyArmor"],"damage_healed":0.0,"max_hp_gain":0.0,"max_hp_loss":0.0,"gold_gain":0.0,"event_name":"WeMeetAgain","player_choice":"Gave Card","floor":13.0,"gold_loss":0.0,"damage_taken":0.0,"relics_obtained":["Strawberry"]}],"is_beta":false,"boss_relics":[{"not_picked":["Pandora\u0027s Box","Black Star"],"picked":"hermit:ClaspedLocket"}],"items_purged_floors":[20],"is_endless":false,"potions_floor_spawned":[1,3,8,16],"killed_by":"Chosen and Byrds","ascension_level":0}}