{"host":"aqym1xxr3lb31d9m","time":1608403013,"event":{"mods":["BaseMod","Block Reminder","Colored Map","Colored Powertips","DeckTracker","Highlight Path","Minty Spire (QoL Compilation)","Practice Mode","Quick Restart","Random Character Button","StSLib","SuperFastMode"],"gold_per_floor":[112,77,51,68,68,68,99,111,111,139,155,155,114,114,114,114,114],"floor_reached":16,"playtime":577,"items_purged":[],"score":216,"play_id":"c35b7f82-ff42-4e6c-974e-b649cc685de3","local_time":"20201220033653","is_ascension_mode":true,"campfire_choices":[{"data":"Deadly Poison","floor":6,"key":"SMITH"},{"data":"Neutralize","floor":12,"key":"SMITH"},{"floor":15,"key":"REST"}],"circlet_count":0,"master_deck":["AscendersBane","Strike_G","Strike_G","Strike_G","Strike_G","Defend_G","Defend_G","Defend_G","Defend_G","Defend_G","Survivor","Neutralize+1","Deadly Poison+1","Deflect","Leg Sweep","Blade Dance","Bane","Corpse Explosion","Poisoned Stab+1","Well Laid Plans"],"relics":["Ring of the Snake","FossilizedHelix","Darkstone Periapt","Molten Egg 2","Blue Candle"],"acts_visited":["Exordium"],"potions_floor_usage":[10,16],"damage_taken":[{"damage":0,"enemies":"2 Louse","floor":1,"turns":3},{"damage":0,"enemies":"Small Slimes","floor":4,"turns":4},{"damage":18,"enemies":"Lagavulin","floor":7,"turns":9},{"damage":0,"enemies":"Jaw Worm","floor":8,"turns":5},{"damage":14,"enemies":"3 Sentries","floor":10,"turns":13},{"damage":0,"enemies":"Blue Slaver","floor":11,"turns":3},{"damage":52,"enemies":"Slime Boss","floor":16,"turns":11}],"seed_played":"1735702023218020071","potions_obtained":[{"floor":7,"key":"Poison Potion"},{"floor":8,"key":"SteroidPotion"},{"floor":11,"key":"LiquidBronze"}],"is_trial":false,"path_per_floor":["M","?","$","M","?","R","E","M","T","E","M","R","$","?","R","B"],"character_chosen":"THE_SILENT","items_purchased":["Deflect","Well Laid Plans"],"campfire_rested":1,"item_purchase_floors":[3,13],"current_hp_per_floor":[44,60,60,60,53,53,35,35,35,21,21,21,21,26,47,0,0],"gold":114,"neow_bonus":"ONE_RARE_RELIC","is_daily":false,"chose_seed":false,"campfire_upgraded":2,"win_rate":0.0,"timestamp":1608403013,"path_taken":["M","?","$","M","?","R","E","M","T","E","M","R","?","?","R","BOSS"],"items_purchased_type":["Card","Card"],"build_version":"2020-12-13","purchased_purges":0,"victory":false,"max_hp_per_floor":[66,66,66,66,66,66,66,66,66,66,66,66,66,71,71,71,71],"card_choices":[{"not_picked":["Cloak And Dagger","Escape Plan"],"picked":"Deadly Poison","floor":1},{"not_picked":["Sucker Punch","Prepared"],"picked":"Leg Sweep","floor":4},{"not_picked":["Accuracy","Infinite Blades"],"picked":"Blade Dance","floor":7},{"not_picked":["Reflex","Blade Dance"],"picked":"Bane","floor":8},{"not_picked":["Bane+1","Blur"],"picked":"Corpse Explosion","floor":10},{"not_picked":["Predator+1","Deadly Poison"],"picked":"Poisoned Stab+1","floor":11}],"player_experience":3891353,"relics_obtained":[{"floor":7,"key":"Darkstone Periapt"},{"floor":9,"key":"Molten Egg 2"},{"floor":10,"key":"Blue Candle"}],"event_choices":[{"damage_healed":16,"gold_gain":0,"player_choice":"Healed","damage_taken":0,"max_hp_gain":0,"max_hp_loss":0,"event_name":"The Cleric","floor":2,"gold_loss":35},{"cards_removed":["Strike_G"],"damage_healed":0,"gold_gain":0,"player_choice":"Card Removal","damage_taken":7,"max_hp_gain":0,"max_hp_loss":0,"event_name":"Golden Wing","floor":5,"gold_loss":0},{"damage_healed":0,"gold_gain":0,"player_choice":"Donut","damage_taken":0,"max_hp_gain":5,"max_hp_loss":0,"event_name":"Big Fish","floor":14,"gold_loss":0}],"is_beta":false,"boss_relics":[],"items_purged_floors":[],"is_endless":false,"potions_floor_spawned":[7,8,11],"killed_by":"Slime Boss","ascension_level":20}}