{"host":"6fbjdsiu9jij34p7","time":1608392016,"event":{"mods":["2.2 Compatiblity","AchievementEnabler","BaseMod","Colored Map","DeckTracker","Highlight Path","Keyboard Shortcuts","Minty Spire (QoL Compilation)","Permanent Neow","Quick Restart","StSLib","SuperFastMode"],"gold_per_floor":[117,192,192,157,167,186,204,204,204,204,0,18,18,39,39,167,230,220,236,16,115,131,131,131,156,181,181,181,181,181],"floor_reached":29,"playtime":1114,"items_purged":["Strike_R"],"score":290,"play_id":"c2d474ee-ec4a-42fa-9dc5-7ec6afa56d0a","local_time":"20201220003336","is_ascension_mode":true,"campfire_choices":[{"floor":13.0,"key":"REST"},{"floor":15.0,"key":"REST"},{"data":"Body Slam","floor":23,"key":"SMITH"},{"floor":24,"key":"REST"},{"floor":28,"key":"REST"}],"circlet_count":0,"master_deck":["Strike_R","Strike_R","Strike_R+1","Strike_R","Defend_R","Defend_R","Defend_R","Defend_R","Bash","Body Slam","Shrug It Off","Armaments","Body Slam+1","Flex","Entrench","Barricade","Body Slam","Sword Boomerang","Shrug It Off+1"],"relics":["Burning Blood","Lizard Tail","Paper Frog","Golden Idol","WingedGreaves","Oddly Smooth Stone","Tiny House","Lee\u0027s Waffle","Tiny Chest"],"acts_visited":["Exordium","TheCity"],"potions_floor_usage":[],"damage_taken":[{"damage":9.0,"enemies":"Jaw Worm","floor":1.0,"turns":4.0},{"damage":6.0,"enemies":"2 Louse","floor":5.0,"turns":3.0},{"damage":7.0,"enemies":"Small Slimes","floor":6.0,"turns":4.0},{"damage":4.0,"enemies":"2 Fungi Beasts","floor":7.0,"turns":4.0},{"damage":17.0,"enemies":"3 Louse","floor":12.0,"turns":5.0},{"damage":9.0,"enemies":"Red Slaver","floor":14.0,"turns":4.0},{"damage":87.0,"enemies":"Hexaghost","floor":16.0,"turns":16.0},{"damage":32.0,"enemies":"2 Thieves","floor":18.0,"turns":4.0},{"damage":36.0,"enemies":"Shell Parasite","floor":19.0,"turns":12.0},{"damage":58,"enemies":"Shelled Parasite and Fungi","floor":22,"turns":13},{"damage":27,"enemies":"Chosen and Byrds","floor":25,"turns":10},{"damage":75,"enemies":"Sentry and Sphere","floor":29,"turns":7}],"seed_played":"8290989668280654223","potions_obtained":[{"floor":6.0,"key":"Strength Potion"},{"floor":14.0,"key":"Explosive Potion"},{"floor":16.0,"key":"Explosive Potion"},{"floor":17.0,"key":"LiquidBronze"},{"floor":18.0,"key":"Regen Potion"}],"is_trial":false,"path_per_floor":["M","?","T","?","M","M","M","?","T","?","$","M","R","M","R","B",null,"M","M","$","?","M","R","R","M","T","?","R","M"],"character_chosen":"IRONCLAD","items_purchased":["Oddly Smooth Stone","Block Potion","Lee\u0027s Waffle"],"campfire_rested":4,"item_purchase_floors":[11,11,20],"current_hp_per_floor":[48,37,37,57,57,56,58,38,38,58,58,47,71,68,80,43,76,50,35,92,92,40,40,67,46,46,46,72,0,0],"gold":181,"neow_bonus":"ONE_RARE_RELIC","is_daily":false,"chose_seed":false,"campfire_upgraded":1,"win_rate":0.0,"timestamp":1608392016,"path_taken":["M","?","?","?","M","M","M","?","T","?","?","M","R","?","R","BOSS","M","M","$","?","M","R","R","M","T","?","R","?"],"items_purchased_type":["Relic","Potion","Relic"],"build_version":"2020-12-13","purchased_purges":1,"victory":false,"max_hp_per_floor":[80,80,80,80,80,80,80,80,80,80,80,80,80,80,80,80,85,85,85,92,92,92,92,92,92,92,89,89,89,89],"card_choices":[{"not_picked":["Armaments","Cleave"],"picked":"Body Slam","floor":1.0},{"not_picked":["Rage","Iron Wave"],"picked":"Shrug It Off","floor":5.0},{"not_picked":["Hemokinesis","Corruption"],"picked":"Armaments","floor":6.0},{"not_picked":["Uppercut","Havoc"],"picked":"Body Slam","floor":7.0},{"not_picked":["Headbutt","Pommel Strike"],"picked":"Flex","floor":12.0},{"not_picked":["Sword Boomerang","Bloodletting"],"picked":"Entrench","floor":14.0},{"not_picked":["Impervious","Immolate"],"picked":"Barricade","floor":16.0},{"not_picked":["Perfected Strike","Burning Pact"],"picked":"Body Slam","floor":17.0},{"not_picked":["Havoc+1","Combust"],"picked":"Sword Boomerang","floor":18.0},{"not_picked":["Body Slam","Flex"],"picked":"Shrug It Off+1","floor":19.0},{"not_picked":["Twin Strike","Pommel Strike","Combust"],"picked":"SKIP","floor":22},{"not_picked":["Wild Strike","Sentinel+1","Rampage"],"picked":"SKIP","floor":25}],"player_experience":242869,"relics_obtained":[{"floor":3.0,"key":"Paper Frog"},{"floor":9.0,"key":"WingedGreaves"},{"floor":26,"key":"Tiny Chest"}],"event_choices":[{"damage_healed":0.0,"max_hp_gain":0.0,"max_hp_loss":0.0,"gold_gain":75.0,"event_name":"World of Goop","player_choice":"Gather Gold","floor":2.0,"gold_loss":0.0,"damage_taken":11.0},{"damage_healed":20.0,"max_hp_gain":0.0,"max_hp_loss":0.0,"gold_gain":0.0,"event_name":"The Cleric","player_choice":"Healed","floor":4.0,"gold_loss":35.0,"damage_taken":0.0},{"damage_healed":0.0,"max_hp_gain":0.0,"max_hp_loss":0.0,"gold_gain":0.0,"event_name":"Golden Idol","player_choice":"Take Damage","floor":8.0,"gold_loss":0.0,"damage_taken":20.0,"relics_obtained":["Golden Idol"]},{"damage_healed":20.0,"max_hp_gain":0.0,"max_hp_loss":0.0,"gold_gain":0.0,"event_name":"Mushrooms","player_choice":"Healed and dodged fight","floor":10.0,"gold_loss":0.0,"damage_taken":0.0,"cards_obtained":["Parasite"]},{"damage_healed":0.0,"max_hp_gain":0.0,"max_hp_loss":0.0,"gold_gain":99.0,"event_name":"Nest","player_choice":"Stole From Cult","floor":21.0,"gold_loss":0.0,"damage_taken":0.0},{"cards_removed":["Parasite"],"damage_healed":0,"gold_gain":0,"player_choice":"Removed Curses","damage_taken":0,"max_hp_gain":0,"max_hp_loss":0,"event_name":"Fountain of Cleansing","floor":27,"gold_loss":0}],"is_beta":false,"boss_relics":[{"not_picked":["Ectoplasm","Mark of Pain"],"picked":"Tiny House"}],"items_purged_floors":[20],"is_endless":false,"potions_floor_spawned":[6,14,16,18],"killed_by":"Sentry and Sphere","ascension_level":7}}