{"host":"svwqvw2il1zfkkg0","time":1608345332,"event":{"mods":["AchievementEnabler","BaseMod","BetterRewards","Colored Map","Colored Powertips","Custom Start","Downfall","GifTheSpireLib","Highlight Path","Hubris","Infinite Spire","Minty Spire (QoL Compilation)","Quick Restart","Replay The Spire","Shop Mod","StSLib","SuperFastMode"],"gold_per_floor":[363,374,42,54,54,88,88,116,116,116,132,132,150,150,150,255,255,275,374,0,17,28,28,63,74,74,14,25,43,43,54,54,154,154,171,171,171,189,138,138,166,166,166,176,195,195,195,30,30,30],"floor_reached":51,"playtime":1953,"items_purged":["Parasite"],"score":782,"play_id":"97599d23-8e8b-416b-a4c1-e2dce63fd78e","local_time":"20201218183532","is_ascension_mode":false,"campfire_choices":[{"floor":7,"key":"REST"},{"floor":10,"key":"REST"},{"floor":12,"key":"REST"},{"floor":15,"key":"REST"},{"floor":23,"key":"REST"},{"floor":32,"key":"REST"},{"data":"Burst","floor":40,"key":"SMITH"},{"floor":42,"key":"REST"},{"floor":47,"key":"REST"},{"floor":49,"key":"REST"}],"circlet_count":0,"master_deck":["Strike_G","Strike_G","Strike_G","Strike_G","Strike_G","Defend_G","Defend_G","Defend_G","Defend_G","Defend_G","Survivor","Neutralize","Strike_R","Flying Knee","Accuracy","Caltrops","Dagger Throw","Neutralize","Flying Knee","Dagger Spray","Leg Sweep","Masterful Stab","Underhanded Strike","Blade Dance","Prepared","Phantasmal Killer","Poisoned Stab+1","All Out Attack","Blade Dance+1","Quick Slash+1","Heel Hook","Sucker Punch","Prepared","Burst+1","Venomology","Dagger Spray","Cloak And Dagger","Blade Dance","hubris:Despair"],"relics":["Ring of the Snake","Replay:WaspNest","Dream Catcher","Pet Ghost","infinitespire:CheckeredPen","Painkiller Herb","Blue Doll","PreservedInsect","ReplayTheSpireMod:TigerMarble","ReplayFunnel","hubris:ScarierMask","MealTicket","Bag of Preparation","Kunai","Pantograph","ReplayTheSpireMod:CursedCoin","infinitespire:Broken Mirror"],"acts_visited":["Exordium","TheCity","TheBeyond"],"potions_floor_usage":[11,16,21,24,29,29,33,41,41,44,45,50,50,50],"damage_taken":[{"damage":5,"enemies":"Small Slimes","floor":1,"turns":4},{"damage":0,"enemies":"Cultist","floor":2,"turns":4},{"damage":24,"enemies":"infinitespire:Voidling","floor":4,"turns":4},{"damage":25,"enemies":"Replay:BlueRogue","floor":6,"turns":4},{"damage":40,"enemies":"Lagavulin","floor":8,"turns":6},{"damage":2,"enemies":"Looter","floor":11,"turns":2},{"damage":0,"enemies":"2 Fungi Beasts","floor":13,"turns":2},{"damage":27,"enemies":"Hexaghost","floor":16,"turns":8},{"damage":6,"enemies":"Chosen","floor":18,"turns":4},{"damage":3,"enemies":"Shell Parasite","floor":21,"turns":3},{"damage":22,"enemies":"Snake Plant","floor":22,"turns":3},{"damage":5,"enemies":"Book of Stabbing","floor":24,"turns":4},{"damage":0,"enemies":"Chosen and Byrds","floor":25,"turns":4},{"damage":0,"enemies":"Snecko","floor":28,"turns":3},{"damage":12,"enemies":"Centurion and Healer","floor":29,"turns":3},{"damage":0,"enemies":"Chosen and Byrds","floor":31,"turns":3},{"damage":25,"enemies":"hubris:MusketHawk","floor":33,"turns":7},{"damage":8,"enemies":"3 Darklings","floor":35,"turns":3},{"damage":11,"enemies":"Orb Walker","floor":38,"turns":2},{"damage":20,"enemies":"Nemesis","floor":41,"turns":3},{"damage":24,"enemies":"Jaw Worm Horde","floor":44,"turns":3},{"damage":33,"enemies":"Writhing Mass","floor":45,"turns":6},{"damage":57,"enemies":"hubris:GrandSnecko","floor":50,"turns":11}],"seed_played":"296030202926603327","potions_obtained":[{"floor":2,"key":"Energy Potion"},{"floor":4,"key":"Doom Potion"},{"floor":18,"key":"Guardian:BlockOnCardUsePotion"},{"floor":21,"key":"Explosive Potion"},{"floor":24,"key":"Fire Potion"},{"floor":25,"key":"PowerPotion"},{"floor":29,"key":"SneckoOil"},{"floor":38,"key":"Adrenaline Potion"},{"floor":41,"key":"sneckomod:MuddlingPotion"},{"floor":45,"key":"Doom Potion"}],"is_trial":false,"path_per_floor":["M","M","$","M","?","E","R","E","T","R","M","R","M","$","R","B",null,"?","?","T","?","?","T","E","?","T","?","?","?","?","?","T","B",null,"?","AVR","?","?","T","T","E","T","T","?","?","T","T","T","T","B",null],"character_chosen":"THE_SILENT","items_purchased":["Replay:WaspNest","Accuracy","Blue Doll","PreservedInsect","All Out Attack","Poison Potion","ReplayTheSpireMod:CursedCoin","infinitespire:Broken Mirror"],"campfire_rested":9,"item_purchase_floors":[3,3,20,20,20,39,48,48],"current_hp_per_floor":[65,65,65,48,48,27,48,8,8,29,27,48,48,48,69,42,70,64,64,64,61,39,60,55,55,55,55,55,43,43,43,64,39,70,62,62,62,51,66,66,46,67,67,43,18,18,39,54,67,10],"gold":30,"neow_bonus":"TWO_FIFTY_GOLD","is_daily":false,"chose_seed":false,"campfire_upgraded":1,"win_rate":0.0,"timestamp":1608345332,"path_taken":["M","M","$","M","?","E","R","E","T","R","M","R","M","?","R","BOSS","?","?","T","?","?","T","E","?","T","?","?","?","?","?","T","BOSS","?","AVR","?","?","T","T","E","T","T","?","?","?","T","T","T","BOSS"],"items_purchased_type":["Relic","Card","Relic","Relic","Card","Potion","Relic","Relic"],"build_version":"2020-12-13","purchased_purges":1,"victory":true,"max_hp_per_floor":[70,70,70,70,70,70,70,70,70,70,70,70,70,70,70,70,70,70,70,70,70,70,70,70,70,70,70,70,70,70,70,70,70,70,70,70,70,70,70,70,70,70,70,70,70,70,70,67,67,67],"card_choices":[{"not_picked":["Sucker Punch","Flechettes"],"picked":"Flying Knee","floor":1},{"not_picked":["Footwork","Deflect","ReplayTheSpireMod:Exploit Weakness"],"picked":"SKIP","floor":2},{"not_picked":["hubris:SlightOfHand","Setup"],"picked":"Caltrops","floor":4},{"not_picked":["Prepared","Skewer"],"picked":"Flying Knee","floor":6},{"not_picked":["Dodge and Roll","Outmaneuver"],"picked":"Dagger Spray","floor":7},{"not_picked":["Accuracy","hubris:SlightOfHand"],"picked":"Leg Sweep","floor":8},{"not_picked":["Hidden Blade","Well Laid Plans"],"picked":"Masterful Stab","floor":11},{"not_picked":["Concentrate","Leg Sweep"],"picked":"Underhanded Strike","floor":12},{"not_picked":["Dagger Spray","Outmaneuver"],"picked":"Blade Dance","floor":13},{"not_picked":["Accuracy","Underhanded Strike"],"picked":"Prepared","floor":15},{"not_picked":["Doppelganger","Tools of the Trade"],"picked":"Phantasmal Killer","floor":16},{"not_picked":["ReplayTheSpireMod:Speed Training","Fluid Movement+1"],"picked":"Poisoned Stab+1","floor":18},{"not_picked":["Sneak Up","Eviscerate+1","Terror+1"],"picked":"SKIP","floor":21},{"not_picked":["Bane+1","Outmaneuver+1"],"picked":"Blade Dance","floor":22},{"not_picked":["Accuracy","Backflip"],"picked":"Quick Slash+1","floor":24},{"not_picked":["Infinite Blades","hubris:Counter"],"picked":"Heel Hook","floor":25},{"not_picked":["Slice","Flying Knee","Outmaneuver+1"],"picked":"SKIP","floor":28},{"not_picked":["Deadly Poison+1","Quick Slash"],"picked":"Sucker Punch","floor":29},{"not_picked":["PiercingWail","Bane","Envenom"],"picked":"SKIP","floor":31},{"not_picked":["Acrobatics+1","ReplayTheSpireMod:The Works"],"picked":"Prepared","floor":32},{"not_picked":["Poison Darts","infinitespire:Neurotoxin"],"picked":"Burst","floor":33},{"not_picked":["Backflip","Skewer","Sucker Punch"],"picked":"SKIP","floor":35},{"not_picked":["Underhanded Strike+1","Acrobatics+1","Poisoned Stab+1"],"picked":"SKIP","floor":38},{"not_picked":["Underhanded Strike+1","Heel Hook+1","Dagger Spray"],"picked":"SKIP","floor":41},{"not_picked":["Deflect+1","PiercingWail"],"picked":"Venomology","floor":42},{"not_picked":["Poisoned Stab","Hidden Blade"],"picked":"Dagger Spray","floor":44},{"not_picked":["ReplayTheSpireMod:Speed Training+1","Noxious Fumes+1"],"picked":"Cloak And Dagger","floor":45},{"not_picked":["ReplayTheSpireMod:Exploit Weakness+1","Deflect"],"picked":"Blade Dance","floor":47}],"player_experience":394673,"relics_obtained":[{"floor":6,"key":"Dream Catcher"},{"floor":8,"key":"Pet Ghost"},{"floor":9,"key":"infinitespire:CheckeredPen"},{"floor":24,"key":"ReplayTheSpireMod:TigerMarble"},{"floor":26,"key":"ReplayFunnel"},{"floor":41,"key":"Bag of Preparation"},{"floor":43,"key":"Kunai"},{"floor":46,"key":"Pantograph"}],"event_choices":[{"damage_healed":0,"gold_gain":0,"player_choice":"2 cards matched","damage_taken":0,"max_hp_gain":0,"max_hp_loss":0,"event_name":"Match and Keep!","floor":5,"gold_loss":0,"cards_obtained":["Dagger Throw","Neutralize"]},{"damage_healed":0,"gold_gain":99,"player_choice":"Stole From Cult","damage_taken":0,"max_hp_gain":0,"max_hp_loss":0,"event_name":"Nest","floor":19,"gold_loss":0},{"cards_removed":["sneckomod:Unknown"],"damage_healed":0,"gold_gain":0,"player_choice":"Offered Basic","damage_taken":0,"max_hp_gain":0,"max_hp_loss":0,"event_name":"Bonfire Elementals","floor":37,"gold_loss":0}],"is_beta":false,"boss_relics":[{"not_picked":["Astrolabe","Ring of Chaos"],"picked":"Painkiller Herb"},{"not_picked":["Pandora\u0027s Box","SacredBark"],"picked":"hubris:ScarierMask"}],"items_purged_floors":[48],"is_endless":false,"potions_floor_spawned":[2,4,18,21,24,25,29,38,41,45],"ascension_level":0}}