{"host":"wdiovb6uv7szux0m","time":1608363153,"event":{"mods":["BaseMod","Minty Spire (QoL Compilation)","StSLib","The Bug Knight","The Druid"],"gold_per_floor":[109,59,37,337,63,75,250,285,308,308,308,318,337,363,363,467,467,487,153,153,168,188,188,221,221,274,56,6,6,0,13,13,108,108,118,118,36,36,55,55,73,86,113,163,176,208,219,236,236,236,236,236,62,94,94,94],"floor_reached":55,"playtime":5009,"items_purged":["Strike_R","Doubt","Strike_R+1","Shockwave"],"score":850,"play_id":"61ba7c5c-4ceb-4afe-b8ae-070da8793c55","local_time":"20201218223233","is_ascension_mode":false,"campfire_choices":[{"data":"Armaments","floor":11.0,"key":"SMITH"},{"data":"The Bomb","floor":15.0,"key":"SMITH"},{"floor":23.0,"key":"REST"},{"floor":25.0,"key":"REST"},{"floor":32.0,"key":"REST"},{"floor":40.0,"key":"RECALL"},{"data":"Barricade","floor":49,"key":"SMITH"},{"data":"Entrench","floor":52,"key":"SMITH"}],"circlet_count":0,"master_deck":["Strike_R+1","Strike_R+1","Defend_R+1","Defend_R+1","Defend_R+1","Defend_R+1","The Bomb+1","True Grit","Armaments+1","Shrug It Off","Thunderclap","Double Tap","Entrench+1","Metallicize","Feed","Rampage","Impervious","Burning Pact","Dark Embrace+1","Metallicize","Body Slam","Armaments+1","Barricade+1","Metallicize","Searing Blow","Shrug It Off+1","Second Wind+1","Metallicize","True Grit+1","Shrug It Off+1","Seeing Red+1","Second Wind+1","Feel No Pain","Parasite","Impervious+1","Bloodletting+1","Shrug It Off+1","True Grit+1"],"relics":["Burning Blood","Old Coin","Juzu Bracelet","Pantograph","PreservedInsect","Prayer Wheel","Philosopher\u0027s Stone","Strange Spoon","Toxic Egg 2","Empty Cage","Anchor","Potion Belt","Mango","White Beast Statue","Art of War"],"acts_visited":["Exordium","TheCity","TheBeyond","TheEnding"],"potions_floor_usage":[47,48,48,50],"damage_taken":[{"damage":10.0,"enemies":"Jaw Worm","floor":1.0,"turns":5.0},{"damage":0.0,"enemies":"2 Louse","floor":6.0,"turns":4.0},{"damage":8.0,"enemies":"Lagavulin","floor":8.0,"turns":6.0},{"damage":0.0,"enemies":"Cultist","floor":12.0,"turns":3.0},{"damage":7.0,"enemies":"3 Louse","floor":13.0,"turns":3.0},{"damage":27.0,"enemies":"Gremlin Nob","floor":14.0,"turns":4.0},{"damage":71.0,"enemies":"Hexaghost","floor":16.0,"turns":16.0},{"damage":43.0,"enemies":"2 Thieves","floor":18.0,"turns":5.0},{"damage":39.0,"enemies":"3 Byrds","floor":21.0,"turns":7.0},{"damage":24.0,"enemies":"Centurion and Healer","floor":22.0,"turns":12.0},{"damage":11.0,"enemies":"HollowMod:Nosk","floor":24.0,"turns":7.0},{"damage":53.0,"enemies":"3 Cultists","floor":31.0,"turns":5.0},{"damage":42.0,"enemies":"Automaton","floor":33.0,"turns":11.0},{"damage":6.0,"enemies":"3 Shapes","floor":35.0,"turns":7.0},{"damage":11.0,"enemies":"Orb Walker","floor":39.0,"turns":7.0},{"damage":0.0,"enemies":"Maw","floor":41.0,"turns":8.0},{"damage":20.0,"enemies":"Writhing Mass","floor":42.0,"turns":10.0},{"damage":25,"enemies":"Mind Bloom Boss Battle","floor":44,"turns":13},{"damage":0,"enemies":"Spire Growth","floor":45,"turns":7},{"damage":0,"enemies":"Nemesis","floor":46,"turns":16},{"damage":27,"enemies":"Jaw Worm Horde","floor":47,"turns":5},{"damage":9,"enemies":"Writhing Mass","floor":48,"turns":15},{"damage":46,"enemies":"Donu and Deca","floor":50,"turns":12},{"damage":73,"enemies":"Shield and Spear","floor":54,"turns":13},{"damage":130,"enemies":"The Heart","floor":55,"turns":6}],"seed_played":"2315688686906214762","potions_obtained":[{"floor":1.0,"key":"Weak Potion"},{"floor":6.0,"key":"BlessingOfTheForge"},{"floor":10.0,"key":"Fire Potion"},{"floor":10.0,"key":"SneckoOil"},{"floor":10.0,"key":"BloodPotion"},{"floor":18.0,"key":"DuplicationPotion"},{"floor":21.0,"key":"Dexterity Potion"},{"floor":24.0,"key":"Strength Potion"},{"floor":42.0,"key":"PowerPotion"},{"floor":45,"key":"SteroidPotion"},{"floor":46,"key":"LiquidBronze"},{"floor":47,"key":"SkillPotion"},{"floor":48,"key":"SteroidPotion"},{"floor":54,"key":"FairyPotion"}],"is_trial":false,"path_per_floor":["M","?","$","?","$","M","?","E","T","?","R","M","M","E","R","B",null,"M","$","?","M","M","R","E","R","T","$","?","?","?","M","R","B",null,"M","?","$","?","M","R","M","M","T","?","M","E","M","M","R","B",null,"R","$","E","B"],"character_chosen":"IRONCLAD","items_purchased":["Armaments","Juzu Bracelet","Shrug It Off","Rampage","Strange Spoon","Metallicize","Body Slam","Searing Blow","Shrug It Off+1","Shrug It Off+1"],"campfire_rested":3,"item_purchase_floors":[3,5,5,19,19,27,27,37,37,53],"current_hp_per_floor":[76,76,76,64,64,70,70,68,68,68,68,74,73,52,52,12,80,43,43,43,29,15,41,36,62,62,62,62,62,62,15,41,30,87,91,91,91,91,89,89,94,80,80,89,95,101,80,77,77,62,108,108,108,41,0,0],"gold":94,"neow_bonus":"RANDOM_COLORLESS_2","is_daily":false,"chose_seed":false,"campfire_upgraded":4,"win_rate":0.0,"timestamp":1608363153,"path_taken":["M","?","$","?","?","M","?","E","T","?","R","M","M","E","R","BOSS","M","?","?","M","M","R","E","R","T","$","?","?","?","M","R","BOSS","M","?","$","?","M","R","M","M","T","?","M","E","M","M","R","BOSS","R","$","E","BOSS"],"items_purchased_type":["Card","Relic","Card","Card","Relic","Card","Card","Card","Card","Card"],"build_version":"2020-12-13","purchased_purges":4,"victory":false,"max_hp_per_floor":[80,80,80,80,80,80,80,80,80,80,80,80,80,80,80,80,80,80,80,80,83,87,87,87,87,87,87,87,87,87,87,87,87,87,91,91,91,91,94,94,94,94,94,108,108,108,108,108,108,108,108,108,108,108,108,108],"card_choices":[{"not_picked":["Secret Weapon","Thinking Ahead"],"picked":"The Bomb","floor":0.0},{"not_picked":["Warcry","Wild Strike"],"picked":"True Grit","floor":1.0},{"not_picked":["Cleave","Flex"],"picked":"Thunderclap","floor":6.0},{"not_picked":["Rage","Uppercut"],"picked":"Double Tap","floor":8.0},{"not_picked":["Iron Wave","Hemokinesis","Sever Soul"],"picked":"SKIP","floor":12.0},{"not_picked":["Perfected Strike","Warcry"],"picked":"Entrench","floor":13.0},{"not_picked":["Fire Breathing","Armaments"],"picked":"Metallicize","floor":14.0},{"not_picked":["Offering","Corruption"],"picked":"Feed","floor":16.0},{"not_picked":["Thunderclap","Sword Boomerang+1"],"picked":"Shockwave","floor":18.0},{"not_picked":["Rupture","Sword Boomerang","Carnage"],"picked":"SKIP","floor":18.0},{"not_picked":["Flex+1","Sword Boomerang","Heavy Blade"],"picked":"SKIP","floor":21.0},{"not_picked":["Perfected Strike","Thunderclap","Rage"],"picked":"SKIP","floor":21.0},{"not_picked":["Anger","Headbutt"],"picked":"Impervious","floor":22.0},{"not_picked":["Spot Weakness","Cleave+1"],"picked":"Burning Pact","floor":22.0},{"not_picked":["Iron Wave","Whirlwind"],"picked":"Dark Embrace+1","floor":24.0},{"not_picked":["Warcry+1","Sword Boomerang"],"picked":"Armaments+1","floor":31.0},{"not_picked":["Thunderclap","Anger","Spot Weakness+1"],"picked":"SKIP","floor":31.0},{"not_picked":["Double Tap+1","Exhume+1"],"picked":"Barricade","floor":33.0},{"not_picked":["Shrug It Off+1","Flex+1"],"picked":"Metallicize","floor":35.0},{"not_picked":["Clash","Combust+1","Perfected Strike+1"],"picked":"SKIP","floor":35.0},{"not_picked":["Flex+1","Headbutt"],"picked":"Second Wind+1","floor":39.0},{"not_picked":["Perfected Strike+1","Clash+1","Evolve"],"picked":"SKIP","floor":39.0},{"not_picked":["Twin Strike","Armaments+1"],"picked":"Metallicize","floor":41.0},{"not_picked":["Thunderclap+1","Shockwave+1","Evolve"],"picked":"SKIP","floor":41.0},{"not_picked":["Reaper","Evolve+1"],"picked":"True Grit+1","floor":42.0},{"not_picked":["Perfected Strike","Cleave","Pommel Strike"],"picked":"SKIP","floor":42.0},{"not_picked":["Fire Breathing","Clash+1"],"picked":"Shrug It Off+1","floor":44},{"not_picked":["Flex+1","Hemokinesis+1"],"picked":"Seeing Red+1","floor":45},{"not_picked":["Thunderclap+1","Uppercut","Bloodletting+1"],"picked":"SKIP","floor":45},{"not_picked":["Pummel+1","Sword Boomerang+1"],"picked":"Second Wind+1","floor":46},{"not_picked":["Sword Boomerang+1","Demon Form"],"picked":"Feel No Pain","floor":47},{"not_picked":["Wild Strike","Flex+1","Iron Wave"],"picked":"SKIP","floor":47},{"not_picked":["Hemokinesis","Inflame+1"],"picked":"Impervious+1","floor":48},{"not_picked":["Cleave+1","Iron Wave"],"picked":"Bloodletting+1","floor":48},{"not_picked":["Clash","Heavy Blade"],"picked":"True Grit+1","floor":54}],"player_experience":1506510,"relics_obtained":[{"floor":8.0,"key":"Pantograph"},{"floor":9.0,"key":"PreservedInsect"},{"floor":14.0,"key":"Prayer Wheel"},{"floor":24.0,"key":"Toxic Egg 2"},{"floor":38.0,"key":"Anchor"},{"floor":43.0,"key":"Potion Belt"},{"floor":44,"key":"Mango"},{"floor":46,"key":"White Beast Statue"},{"floor":54,"key":"Art of War"}],"event_choices":[{"cards_removed":["Pain"],"damage_healed":0.0,"max_hp_gain":0.0,"max_hp_loss":0.0,"gold_gain":0.0,"event_name":"The Cleric","player_choice":"Card Removal","floor":2.0,"gold_loss":50.0,"damage_taken":0.0},{"damage_healed":0.0,"max_hp_gain":0.0,"max_hp_loss":0.0,"gold_gain":0.0,"event_name":"Scrap Ooze","player_choice":"Success","floor":4.0,"gold_loss":0.0,"damage_taken":12.0,"relics_obtained":["Old Coin"]},{"damage_healed":0.0,"max_hp_gain":0.0,"max_hp_loss":0.0,"gold_gain":175.0,"event_name":"Liars Game","player_choice":"AGREE","floor":7.0,"gold_loss":0.0,"damage_taken":0.0,"cards_obtained":["Doubt"]},{"damage_healed":0.0,"max_hp_gain":0.0,"max_hp_loss":0.0,"gold_gain":0.0,"event_name":"Lab","player_choice":"Got Potions","floor":10.0,"gold_loss":0.0,"damage_taken":0.0},{"damage_healed":0.0,"max_hp_gain":0.0,"max_hp_loss":0.0,"gold_gain":0.0,"event_name":"Back to Basics","player_choice":"Simplicity","floor":20.0,"gold_loss":0.0,"damage_taken":0.0,"cards_upgraded":["Strike_R","Strike_R","Strike_R","Strike_R","Defend_R","Defend_R","Defend_R","Defend_R"]},{"damage_healed":0.0,"max_hp_gain":0.0,"max_hp_loss":0.0,"gold_gain":0.0,"event_name":"The Joust","player_choice":"Bet on Murderer","floor":28.0,"gold_loss":50.0,"damage_taken":0.0},{"damage_healed":0.0,"max_hp_gain":0.0,"max_hp_loss":0.0,"gold_gain":0.0,"event_name":"Ghosts","player_choice":"Ignored","floor":29.0,"gold_loss":0.0,"damage_taken":0.0},{"damage_healed":0.0,"max_hp_gain":0.0,"max_hp_loss":0.0,"gold_gain":0.0,"event_name":"Masked Bandits","player_choice":"Paid Fearfully","floor":30.0,"gold_loss":6.0,"damage_taken":0.0},{"damage_healed":0.0,"max_hp_gain":0.0,"max_hp_loss":0.0,"gold_gain":0.0,"event_name":"Mysterious Sphere","player_choice":"Ignored","floor":36.0,"gold_loss":0.0,"damage_taken":0.0},{"damage_healed":0.0,"max_hp_gain":0.0,"max_hp_loss":0.0,"gold_gain":0.0,"event_name":"Wheel of Change","player_choice":"Relic","floor":38.0,"gold_loss":0.0,"damage_taken":0.0},{"damage_healed":0,"gold_gain":0,"player_choice":"Fight","damage_taken":0,"max_hp_gain":0,"max_hp_loss":0,"event_name":"MindBloom","floor":44,"gold_loss":0}],"is_beta":false,"boss_relics":[{"not_picked":["Runic Cube","Velvet Choker"],"picked":"Philosopher\u0027s Stone"},{"not_picked":["SlaversCollar","SacredBark"],"picked":"Empty Cage"}],"items_purged_floors":[5,19,27,53],"is_endless":false,"potions_floor_spawned":[1,6,18,21,24,42,45,46,47,48,54],"killed_by":"The Heart","ascension_level":0}}