{"host":"3srbdas3e7jgqz5l","time":1608380147,"event":{"mods":["BaseMod","Downfall","Minty Spire (QoL Compilation)","StSLib"],"gold_per_floor":[111,128,128,128,93,110,110,110,110,125,159,169,195,206,206,282,282,296,306,306,317,35,70,89,89,143,172,172,189,205,239,239,313,313,331,341,173,221,231,231,264,276,276,289,289,307,307,321,321,321,321,321,52,85,85],"floor_reached":56,"playtime":4290,"items_purged":["Strike_R","Cleave"],"score":2037,"play_id":"1c574991-af08-4579-bb8a-20b5d0711566","local_time":"20201219121547","is_ascension_mode":true,"campfire_choices":[{"data":"Carnage","floor":8,"key":"SMITH"},{"data":"True Grit","floor":15,"key":"SMITH"},{"data":"True Grit","floor":25,"key":"SMITH"},{"data":"Flame Barrier","floor":32,"key":"SMITH"},{"data":"Feel No Pain","floor":40,"key":"SMITH"},{"floor":47,"key":"RECALL"},{"data":"1","floor":49,"key":"LIFT"},{"data":"2","floor":52,"key":"LIFT"}],"circlet_count":0,"master_deck":["AscendersBane","Bash+1","Carnage+1","Clothesline","Battle Trance","Corruption","True Grit+1","Metallicize","Barricade","Uppercut","Shrug It Off","True Grit+1","Dark Embrace","Flame Barrier+1","Feed","Sword Boomerang","Body Slam","Brutality","Whirlwind","Uppercut","Flame Barrier","Rupture","Seeing Red","True Grit","Feel No Pain+1","Seeing Red","Shrug It Off","Spot Weakness","Sentinel","Body Slam+1","Feel No Pain","Power Through+1"],"relics":["Snecko Eye","Darkstone Periapt","Eternal Feather","Happy Flower","Bag of Preparation","Coffee Dripper","Oddly Smooth Stone","Omamori","Ancient Tea Set","Orichalcum","Bag of Marbles","Pandora\u0027s Box","Girya","Mercury Hourglass","Medical Kit","Vajra"],"acts_visited":["Exordium","TheCity","TheBeyond","TheEnding"],"potions_floor_usage":[11,13,23,28,39,50,55,55],"damage_taken":[{"damage":2,"enemies":"Jaw Worm","floor":1,"turns":6},{"damage":0,"enemies":"Small Slimes","floor":2,"turns":2},{"damage":0,"enemies":"2 Louse","floor":6,"turns":3},{"damage":0,"enemies":"Exordium Thugs","floor":10,"turns":2},{"damage":12,"enemies":"3 Sentries","floor":11,"turns":6},{"damage":0,"enemies":"Large Slime","floor":12,"turns":3},{"damage":10,"enemies":"Gremlin Nob","floor":13,"turns":3},{"damage":0,"enemies":"2 Fungi Beasts","floor":14,"turns":2},{"damage":27,"enemies":"The Guardian","floor":16,"turns":8},{"damage":5,"enemies":"Spheric Guardian","floor":18,"turns":4},{"damage":0,"enemies":"3 Byrds","floor":19,"turns":4},{"damage":15,"enemies":"Shelled Parasite and Fungi","floor":21,"turns":4},{"damage":22,"enemies":"Gremlin Leader","floor":23,"turns":8},{"damage":0,"enemies":"Snake Plant","floor":24,"turns":3},{"damage":0,"enemies":"Slavers","floor":27,"turns":5},{"damage":0,"enemies":"Cultist and Chosen","floor":29,"turns":6},{"damage":2,"enemies":"Sentry and Sphere","floor":30,"turns":4},{"damage":0,"enemies":"Gremlin Leader","floor":31,"turns":6},{"damage":0,"enemies":"Collector","floor":33,"turns":12},{"damage":2,"enemies":"3 Darklings","floor":35,"turns":3},{"damage":0,"enemies":"3 Shapes","floor":36,"turns":3},{"damage":19,"enemies":"2 Orb Walkers","floor":38,"turns":4},{"damage":25,"enemies":"Spire Growth","floor":39,"turns":6},{"damage":1,"enemies":"Reptomancer","floor":41,"turns":7},{"damage":0,"enemies":"Transient","floor":42,"turns":5},{"damage":0,"enemies":"Maw","floor":44,"turns":6},{"damage":0,"enemies":"Sphere and 2 Shapes","floor":46,"turns":3},{"damage":0,"enemies":"4 Shapes","floor":48,"turns":3},{"damage":62,"enemies":"Awakened One","floor":50,"turns":14},{"damage":47,"enemies":"Shield and Spear","floor":54,"turns":6},{"damage":58,"enemies":"The Heart","floor":55,"turns":9}],"seed_played":"-4493124428622674413","potions_obtained":[{"floor":1,"key":"ColorlessPotion"},{"floor":10,"key":"champ:CounterPotion"},{"floor":11,"key":"PowerPotion"},{"floor":12,"key":"Swift Potion"},{"floor":21,"key":"EssenceOfSteel"},{"floor":23,"key":"SpeedPotion"},{"floor":28,"key":"Fruit Juice"},{"floor":28,"key":"DuplicationPotion"},{"floor":41,"key":"sneckomod:MuddlingPotion"},{"floor":42,"key":"SneckoOil"}],"is_trial":false,"path_per_floor":["M","M","?","?","?","M","?","R","T","M","E","M","E","M","R","B",null,"M","M","?","M","$","E","M","R","T","E","?","M","M","E","R","B",null,"M","M","$","?","M","R","E","M","T","M","?","M","R","M","R","B",null,"R","$","E","B",null],"character_chosen":"IRONCLAD","items_purchased":["Oddly Smooth Stone","True Grit","Feel No Pain","Feel No Pain","Medical Kit","ColorlessPotion"],"campfire_rested":0,"item_purchase_floors":[22,22,37,53,53,53],"current_hp_per_floor":[70,70,52,36,56,56,56,56,56,56,44,44,34,34,43,16,64,59,59,59,44,44,22,22,34,34,34,39,39,37,37,49,49,76,77,80,80,64,42,57,59,59,59,62,62,65,80,83,101,42,95,112,112,68,10],"gold":85,"neow_bonus":"BOSS_RELIC","is_daily":false,"chose_seed":false,"campfire_upgraded":5,"win_rate":0.0,"timestamp":1608380147,"path_taken":["M","M","?","?","?","M","?","R","T","?","E","M","E","M","R","BOSS","M","M","?","M","$","E","M","R","T","E","?","?","M","E","R","BOSS","M","M","$","?","M","R","E","M","T","M","?","M","R","M","R","BOSS","R","$","E","BOSS"],"items_purchased_type":["Relic","Card","Card","Card","Relic","Potion"],"build_version":"2020-12-13","purchased_purges":2,"victory":true,"max_hp_per_floor":[80,80,80,80,80,80,80,80,80,80,80,80,80,80,80,80,80,80,80,80,80,80,80,80,80,80,80,85,85,85,85,85,85,85,88,91,91,94,97,97,100,100,100,103,103,106,106,109,109,112,112,112,112,115,115],"card_choices":[{"not_picked":["Entrench","Dual Wield"],"picked":"Cleave","floor":1},{"not_picked":["Headbutt","Intimidate"],"picked":"Carnage","floor":2},{"not_picked":["Warcry","Battle Trance"],"picked":"Clothesline","floor":6},{"not_picked":["Searing Blow","Disarm"],"picked":"Battle Trance","floor":10},{"not_picked":["Twin Strike","Dropkick"],"picked":"Corruption","floor":11},{"not_picked":["Flex","Perfected Strike"],"picked":"True Grit","floor":12},{"not_picked":["Anger","Body Slam"],"picked":"Metallicize","floor":13},{"not_picked":["Armaments","Seeing Red","Iron Wave"],"picked":"SKIP","floor":14},{"not_picked":["Berserk","Offering"],"picked":"Barricade","floor":16},{"not_picked":["Cleave","Warcry","Rupture"],"picked":"SKIP","floor":18},{"not_picked":["Wild Strike","Flex"],"picked":"Uppercut","floor":19},{"not_picked":["Pummel","Reckless Charge"],"picked":"Shrug It Off","floor":21},{"not_picked":["Hemokinesis","Thunderclap","Heavy Blade"],"picked":"SKIP","floor":23},{"not_picked":["Rampage","Iron Wave","Warcry"],"picked":"SKIP","floor":24},{"not_picked":["Bloodletting","Shockwave"],"picked":"Dark Embrace","floor":27},{"not_picked":["Uppercut","Sever Soul"],"picked":"Flame Barrier","floor":29},{"not_picked":["Fire Breathing","Sword Boomerang","Rage"],"picked":"SKIP","floor":30},{"not_picked":["Flex+1","Uppercut","Limit Break"],"picked":"SKIP","floor":31},{"not_picked":["Barricade","Corruption"],"picked":"Feed","floor":33},{"not_picked":["Flex","Sword Boomerang"],"picked":"True Grit","floor":35},{"not_picked":["Intimidate","Dual Wield","Flex+1"],"picked":"SKIP","floor":36},{"not_picked":["Whirlwind+1","Pommel Strike"],"picked":"Seeing Red","floor":38},{"not_picked":["Rage+1","Dark Embrace"],"picked":"Shrug It Off","floor":39},{"not_picked":["Limit Break","Warcry"],"picked":"Spot Weakness","floor":41},{"not_picked":["Warcry","True Grit","Blood for Blood"],"picked":"SKIP","floor":42},{"not_picked":["Second Wind","True Grit"],"picked":"Sentinel","floor":44},{"not_picked":["Combust+1","Metallicize","Cleave+1"],"picked":"SKIP","floor":46},{"not_picked":["Rupture","Havoc+1"],"picked":"Body Slam+1","floor":48},{"not_picked":["Carnage","Sever Soul"],"picked":"Power Through+1","floor":54}],"player_experience":460144,"relics_obtained":[{"floor":9,"key":"Eternal Feather"},{"floor":11,"key":"Happy Flower"},{"floor":13,"key":"Bag of Preparation"},{"floor":23,"key":"Omamori"},{"floor":26,"key":"Ancient Tea Set"},{"floor":27,"key":"Orichalcum"},{"floor":31,"key":"Bag of Marbles"},{"floor":38,"key":"Girya"},{"floor":41,"key":"Mercury Hourglass"},{"floor":54,"key":"Vajra"}],"event_choices":[{"damage_healed":0,"gold_gain":0,"player_choice":"Success","damage_taken":18,"relics_obtained":["Darkstone Periapt"],"max_hp_gain":0,"max_hp_loss":0,"event_name":"Scrap Ooze","floor":3,"gold_loss":0},{"damage_healed":0,"gold_gain":0,"player_choice":"Entered Light","damage_taken":16,"max_hp_gain":0,"max_hp_loss":0,"event_name":"Shining Light","floor":4,"gold_loss":0,"cards_upgraded":["Defend_R","Defend_R"]},{"damage_healed":20,"gold_gain":0,"player_choice":"Healed","damage_taken":0,"max_hp_gain":0,"max_hp_loss":0,"event_name":"The Cleric","floor":5,"gold_loss":35},{"damage_healed":0,"gold_gain":0,"player_choice":"Upgraded","damage_taken":0,"max_hp_gain":0,"max_hp_loss":0,"event_name":"Upgrade Shrine","floor":7,"gold_loss":0,"cards_upgraded":["Bash"]},{"damage_healed":0,"gold_gain":0,"player_choice":"Ignored","damage_taken":0,"max_hp_gain":0,"max_hp_loss":0,"event_name":"Ghosts","floor":20,"gold_loss":0},{"damage_healed":0,"gold_gain":0,"player_choice":"Got Potions","damage_taken":0,"max_hp_gain":0,"max_hp_loss":0,"event_name":"Lab","floor":28,"gold_loss":0},{"damage_healed":0,"gold_gain":0,"player_choice":"Fight","damage_taken":0,"max_hp_gain":0,"max_hp_loss":0,"event_name":"Mysterious Sphere","floor":38,"gold_loss":0},{"damage_healed":0,"gold_gain":0,"player_choice":"Ignored","damage_taken":0,"max_hp_gain":0,"max_hp_loss":0,"event_name":"Tomb of Lord Red Mask","floor":45,"gold_loss":0}],"is_beta":false,"boss_relics":[{"not_picked":["Busted Crown","Fusion Hammer"],"picked":"Coffee Dripper"},{"not_picked":["Velvet Choker","Tiny House"],"picked":"Pandora\u0027s Box"}],"items_purged_floors":[22,37],"is_endless":false,"potions_floor_spawned":[1,10,11,12,21,23,30,33,36,41,42,54],"ascension_level":13}}