{"host":"ymmeoa1x24ihslbm","time":1608400433,"event":{"mods":["AchievementEnabler","BaseMod","Colored Map","Colored Powertips","Defuse TimeMaze Blight","Highlight Path","Minty Spire (QoL Compilation)","Permanent Neow","Quick Restart","StSLib","Unceasing Turn Reminder"],"gold_per_floor":[112,129,145,145,158,173,173,187,210,210,225,238,271,285,285,384,434,453,163,163,178,194,194,225,242,295,307,336,364,405,436,448,460,460],"floor_reached":33,"playtime":2231,"items_purged":[],"score":322,"play_id":"c957db58-e375-436e-bce5-cc0da10212e0","local_time":"20201219185353","is_ascension_mode":false,"campfire_choices":[{"data":"Ragnarok","floor":7,"key":"SMITH"},{"data":"Vigilance","floor":10,"key":"SMITH"},{"data":"WheelKick","floor":15,"key":"SMITH"},{"data":"Scrawl","floor":23,"key":"SMITH"},{"data":"Perseverance","floor":27,"key":"SMITH"},{"data":"Protect","floor":32,"key":"SMITH"}],"circlet_count":0,"master_deck":["Strike_P+1","Strike_P","Strike_P","Strike_P","Defend_P+1","Defend_P","Defend_P","Defend_P","Eruption+1","Vigilance+1","Ragnarok+1","Indignation+1","Sanctity+1","FlurryOfBlows+1","EmptyFist","Scrawl+1","WheelKick+1","LessonLearned","InnerPeace","WheelKick+1","Protect+1","WaveOfTheHand+1","CrushJoints+1","Perseverance+1","Halt","DeusExMachina"],"relics":["PureWater","Akabeko","Tiny Chest","Tiny House","Eternal Feather","Thread and Needle","Boot","MawBank","Regal Pillow"],"acts_visited":["Exordium","TheCity"],"potions_floor_usage":[6,16,21,24,31,33,33,33,33],"damage_taken":[{"damage":0,"enemies":"Jaw Worm","floor":1,"turns":2},{"damage":0,"enemies":"Cultist","floor":2,"turns":3},{"damage":0,"enemies":"2 Louse","floor":3,"turns":2},{"damage":0,"enemies":"Looter","floor":5,"turns":2},{"damage":0,"enemies":"3 Louse","floor":6,"turns":1},{"damage":0,"enemies":"Red Slaver","floor":8,"turns":1},{"damage":0,"enemies":"Blue Slaver","floor":11,"turns":3},{"damage":0,"enemies":"Exordium Thugs","floor":12,"turns":2},{"damage":34,"enemies":"Gremlin Nob","floor":13,"turns":3},{"damage":0,"enemies":"3 Louse","floor":14,"turns":2},{"damage":9,"enemies":"Slime Boss","floor":16,"turns":6},{"damage":0,"enemies":"Spheric Guardian","floor":18,"turns":1},{"damage":2,"enemies":"Chosen","floor":21,"turns":3},{"damage":0,"enemies":"Snecko","floor":22,"turns":2},{"damage":14,"enemies":"Slavers","floor":24,"turns":8},{"damage":8,"enemies":"3 Cultists","floor":25,"turns":3},{"damage":6,"enemies":"Snake Plant","floor":28,"turns":3},{"damage":0,"enemies":"Chosen and Byrds","floor":29,"turns":5},{"damage":0,"enemies":"Book of Stabbing","floor":30,"turns":7},{"damage":0,"enemies":"Cultist and Chosen","floor":31,"turns":8},{"damage":82,"enemies":"Collector","floor":33,"turns":17}],"seed_played":"281557600185386976","potions_obtained":[{"floor":1,"key":"DistilledChaos"},{"floor":13,"key":"Ancient Potion"},{"floor":14,"key":"BottledMiracle"},{"floor":16,"key":"EssenceOfSteel"},{"floor":17,"key":"EntropicBrew"},{"floor":21,"key":"SpeedPotion"},{"floor":22,"key":"Explosive Potion"},{"floor":29,"key":"Block Potion"},{"floor":31,"key":"DistilledChaos"}],"is_trial":false,"path_per_floor":["M","M","M","?","M","M","R","M","T","R","M","M","E","M","R","B",null,"M","$","T","M","M","R","E","M","T","R","M","M","E","M","R","B"],"character_chosen":"WATCHER","items_purchased":["Eternal Feather","Protect"],"campfire_rested":0,"item_purchase_floors":[19,19],"current_hp_per_floor":[72,72,72,72,72,72,72,72,72,72,72,72,38,38,38,29,77,77,77,77,75,75,77,63,55,55,67,61,61,61,61,76,0,0],"gold":460,"neow_bonus":"ONE_RANDOM_RARE_CARD","is_daily":false,"chose_seed":false,"campfire_upgraded":6,"win_rate":0.0,"timestamp":1608400433,"path_taken":["M","M","M","?","M","M","R","M","T","R","?","M","E","M","R","BOSS","M","$","?","M","M","R","E","M","T","R","M","M","E","M","R","BOSS"],"items_purchased_type":["Relic","Card"],"build_version":"2020-12-13","purchased_purges":0,"victory":false,"max_hp_per_floor":[72,72,72,72,72,72,72,72,72,72,72,72,72,72,72,72,77,77,77,77,77,77,77,77,77,77,77,77,77,77,77,77,77,77],"card_choices":[{"not_picked":["LikeWater","CarveReality"],"picked":"Indignation","floor":1},{"not_picked":["CutThroughFate","FollowUp"],"picked":"Sanctity","floor":2},{"not_picked":["Wallop","ThirdEye","JustLucky"],"picked":"SKIP","floor":3},{"not_picked":["ThirdEye","TalkToTheHand","Consecrate"],"picked":"SKIP","floor":5},{"not_picked":["DevaForm","FollowUp"],"picked":"FlurryOfBlows","floor":6},{"not_picked":["SandsOfTime","Fasting2"],"picked":"EmptyFist","floor":8},{"not_picked":["ReachHeaven","PathToVictory","EmptyFist"],"picked":"SKIP","floor":11},{"not_picked":["FearNoEvil","PathToVictory"],"picked":"Scrawl","floor":12},{"not_picked":["SignatureMove","SandsOfTime","WaveOfTheHand"],"picked":"SKIP","floor":13},{"not_picked":["EmptyFist","FlurryOfBlows"],"picked":"WheelKick","floor":14},{"not_picked":["Blasphemy","Scrawl"],"picked":"LessonLearned","floor":16},{"not_picked":["Pray","Prostrate"],"picked":"InnerPeace","floor":17},{"not_picked":["ReachHeaven","ClearTheMind"],"picked":"WheelKick+1","floor":18},{"not_picked":["Sanctity","CrushJoints"],"picked":"WaveOfTheHand+1","floor":21},{"not_picked":["JustLucky","DeceiveReality"],"picked":"CrushJoints+1","floor":22},{"not_picked":["ForeignInfluence","Prostrate"],"picked":"Perseverance","floor":24},{"not_picked":["EmptyBody","WheelKick","ClearTheMind"],"picked":"SKIP","floor":25},{"not_picked":["CrushJoints","Crescendo"],"picked":"Halt","floor":28},{"not_picked":["EmptyFist","SandsOfTime+1","CrushJoints+1"],"picked":"SKIP","floor":29},{"not_picked":["BowlingBash+1","TalkToTheHand"],"picked":"DeusExMachina","floor":30},{"not_picked":["Wallop","Pray+1","SashWhip"],"picked":"SKIP","floor":31}],"player_experience":577011,"relics_obtained":[{"floor":9,"key":"Akabeko"},{"floor":13,"key":"Tiny Chest"},{"floor":20,"key":"Thread and Needle"},{"floor":24,"key":"Boot"},{"floor":26,"key":"MawBank"},{"floor":30,"key":"Regal Pillow"}],"event_choices":[{"damage_healed":0,"gold_gain":0,"player_choice":"Upgraded","damage_taken":0,"max_hp_gain":0,"max_hp_loss":0,"event_name":"Upgrade Shrine","floor":4,"gold_loss":0,"cards_upgraded":["Eruption"]}],"is_beta":false,"boss_relics":[{"not_picked":["Busted Crown","Ectoplasm"],"picked":"Tiny House"}],"items_purged_floors":[],"is_endless":false,"potions_floor_spawned":[1,13,14,16,21,22,29,31],"killed_by":"Collector","ascension_level":0}}