{"host":"5gc11emcm5chfr5t","time":1608409091,"event":{"mods":["2.2 Compatiblity","AchievementEnabler","BaseMod","Bestiary","Better Note","Colored Map","Colored Powertips","Downfall","Googly Eyes","Minty Spire (QoL Compilation)","Rare Cards Sparkle","StSLib"],"gold_per_floor":[99,126,126,126,12,27,27,55,55,55,55,66,51,127,142,142,142],"floor_reached":16,"playtime":639,"items_purged":["Pain"],"score":168,"play_id":"13a4d57d-242d-49bc-b7b3-66ed240ce5db","local_time":"20201219151811","is_ascension_mode":true,"campfire_choices":[{"floor":1,"key":"RECALL"},{"floor":10,"key":"REST"}],"circlet_count":0,"master_deck":["AscendersBane","sneckomod:Strike","sneckomod:Strike","sneckomod:Defend+1","sneckomod:Defend","sneckomod:Defend+1","sneckomod:TailWhip","sneckomod:SnekBite","sneckomod:Unknown","sneckomod:Unknown","sneckomod:SoulCleanse+1","Regret","sneckomod:WideSting","sneckomod:IronFang","sneckomod:SoulDraw","sneckomod:UnknownExhaust","sneckomod:SoulRoll","sneckomod:UnknownVulnerable","sneckomod:UnknownUncommonSkill"],"relics":["sneckomod:SneckoSoul","WingedGreaves","Ginger","WarpedTongs","Mercury Hourglass","Odd Mushroom","Nunchaku","The Courier"],"acts_visited":["Exordium"],"potions_floor_usage":[8,8,16],"damage_taken":[{"damage":12,"enemies":"Gremlin Nob","floor":2,"turns":3},{"damage":7,"enemies":"downfall:FleeingMerchant","floor":5,"turns":4},{"damage":5,"enemies":"2 Louse","floor":6,"turns":2},{"damage":2,"enemies":"The Mushroom Lair","floor":8,"turns":3},{"damage":0,"enemies":"Cultist","floor":12,"turns":3},{"damage":15,"enemies":"downfall:FleeingMerchant","floor":13,"turns":4},{"damage":1,"enemies":"Small Slimes","floor":15,"turns":3},{"damage":36,"enemies":"downfall:Defect","floor":16,"turns":5}],"seed_played":"-5359300959041742403","potions_obtained":[{"floor":2,"key":"Energy Potion"},{"floor":6,"key":"Block Potion"},{"floor":15,"key":"ColorlessPotion"}],"is_trial":false,"path_per_floor":["R","E","?","?","$","M","T","?","?","R","?","M","$","T","M","B"],"character_chosen":"THE_SNECKO","items_purchased":["sneckomod:IronFang"],"campfire_rested":1,"item_purchase_floors":[5],"current_hp_per_floor":[54,56,56,56,49,44,44,43,25,50,50,50,36,36,36,0,0],"gold":142,"neow_bonus":"ONE_RARE_RELIC","is_daily":false,"chose_seed":false,"campfire_upgraded":0,"win_rate":0.0,"timestamp":1608409091,"path_taken":["R","E","?","?","$","?","T","?","?","R","?","M","?","?","M","BOSS"],"items_purchased_type":["Card"],"build_version":"2020-12-13","purchased_purges":1,"victory":false,"max_hp_per_floor":[83,83,83,83,83,83,83,84,84,84,84,84,85,85,86,86,86],"card_choices":[{"not_picked":["sneckomod:RainOfDice","sneckomod:UnknownUncommonPower"],"picked":"sneckomod:SoulCleanse","floor":2},{"not_picked":["sneckomod:UnknownVulnerable","sneckomod:Nope"],"picked":"sneckomod:WideSting","floor":5},{"not_picked":["sneckomod:MasterEye","sneckomod:UnknownClassTHE_CHAMP_GRAY"],"picked":"sneckomod:SoulDraw","floor":6},{"not_picked":["sneckomod:DefensiveFlair","sneckomod:DiceCrush"],"picked":"sneckomod:UnknownExhaust","floor":8},{"not_picked":["sneckomod:PureSnecko","sneckomod:Nope"],"picked":"sneckomod:SoulRoll","floor":12},{"not_picked":["sneckomod:UnknownStrike","sneckomod:UnknownUncommonSkill"],"picked":"sneckomod:UnknownVulnerable","floor":13},{"not_picked":["sneckomod:SoulDraw","sneckomod:UnknownCommonSkill"],"picked":"sneckomod:UnknownUncommonSkill","floor":15}],"player_experience":434141,"relics_obtained":[{"floor":2,"key":"Ginger"},{"floor":7,"key":"Mercury Hourglass"},{"floor":8,"key":"Odd Mushroom"},{"floor":14,"key":"The Courier"}],"event_choices":[{"damage_healed":0,"gold_gain":0,"player_choice":"Rummage","damage_taken":0,"relics_obtained":["WarpedTongs"],"max_hp_gain":0,"max_hp_loss":0,"event_name":"Accursed Blacksmith","floor":4,"gold_loss":0,"cards_obtained":["Pain"]},{"damage_healed":0,"gold_gain":0,"player_choice":"Fought Mushrooms","damage_taken":0,"max_hp_gain":0,"max_hp_loss":0,"event_name":"Mushrooms","floor":8,"gold_loss":0},{"damage_healed":0,"gold_gain":0,"player_choice":"Success","damage_taken":18,"relics_obtained":["Nunchaku"],"max_hp_gain":0,"max_hp_loss":0,"event_name":"Scrap Ooze","floor":9,"gold_loss":0}],"is_beta":false,"boss_relics":[],"items_purged_floors":[5],"is_endless":false,"potions_floor_spawned":[2,6,15],"killed_by":"downfall:Defect","ascension_level":15}}