{"host":"sav7uxregyirlf69","time":1608369210,"event":{"mods":["AchievementEnabler","BaseMod","Colored Map","DeckTracker","Keyboard Shortcuts","Minty Spire (QoL Compilation)","READ ME - Guardian Mod","StSLib","SuperFastMode"],"gold_per_floor":[11,111,129,143,160,193,205,249,561,573,596,623,7,27,27,127,127,143,157,82,181,193,219,219,219,246,146,165,165,181,201,201,297,297,314,189,202,202,212,223,243,278,278,278,329,329,22,39,39,39,39,39,39,67,67],"floor_reached":56,"playtime":1744,"items_purged":["Strike_B","Strike_B","Defend_B","Defend_B"],"score":1288,"play_id":"a139c9bf-6222-4b47-b2ed-5fd3927b9049","local_time":"20201219181330","is_ascension_mode":false,"campfire_choices":[{"data":"Recycle","floor":7.0,"key":"SMITH"},{"data":"Consume","floor":15.0,"key":"SMITH"},{"data":"Dualcast","floor":25.0,"key":"SMITH"},{"data":"Go for the Eyes","floor":29.0,"key":"SMITH"},{"data":"Coolheaded","floor":32.0,"key":"SMITH"},{"data":"Finesse","floor":44,"key":"SMITH"},{"data":"Zap","floor":46,"key":"PURGE"},{"floor":49,"key":"RECALL"},{"data":"Rip and Tear","floor":52,"key":"PURGE"}],"circlet_count":0,"master_deck":["Defend_B","Dualcast+1","Chill","Cold Snap","Ball Lightning","Recycle+1","Consume+1","Finesse+1","Ball Lightning","Conserve Battery+1","Coolheaded+1","Go for the Eyes+1","Reinforced Body","Coolheaded+1","Compile Driver","Electrodynamics","Turbo+1","Defragment+1"],"relics":["Cracked Core","MawBank","Eternal Feather","Old Coin","OrangePellets","Bag of Preparation","Omamori","Cursed Key","Thread and Needle","Blood Vial","Inserter","Peace Pipe","Calipers","Lantern","Lizard Tail"],"acts_visited":["Exordium","TheCity","TheBeyond","TheEnding"],"potions_floor_usage":[50,55,55],"damage_taken":[{"damage":1.0,"enemies":"Cultist","floor":1.0,"turns":3.0},{"damage":0.0,"enemies":"Small Slimes","floor":3.0,"turns":3.0},{"damage":0.0,"enemies":"Jaw Worm","floor":4.0,"turns":4.0},{"damage":0.0,"enemies":"2 Fungi Beasts","floor":5.0,"turns":4.0},{"damage":15.0,"enemies":"Gremlin Nob","floor":6.0,"turns":4.0},{"damage":9.0,"enemies":"3 Sentries","floor":8.0,"turns":10.0},{"damage":3.0,"enemies":"Exordium Wildlife","floor":11.0,"turns":3.0},{"damage":12.0,"enemies":"Exordium Thugs","floor":12.0,"turns":4.0},{"damage":10.0,"enemies":"Large Slime","floor":14.0,"turns":5.0},{"damage":0.0,"enemies":"Slime Boss","floor":16.0,"turns":7.0},{"damage":0.0,"enemies":"3 Byrds","floor":18.0,"turns":3.0},{"damage":0.0,"enemies":"Spheric Guardian","floor":19.0,"turns":4.0},{"damage":9.0,"enemies":"Shelled Parasite and Fungi","floor":22.0,"turns":4.0},{"damage":13.0,"enemies":"Book of Stabbing","floor":23.0,"turns":4.0},{"damage":0.0,"enemies":"3 Cultists","floor":28.0,"turns":4.0},{"damage":0.0,"enemies":"Cultist and Chosen","floor":30.0,"turns":5.0},{"damage":0.0,"enemies":"Snake Plant","floor":31.0,"turns":4.0},{"damage":23.0,"enemies":"Collector","floor":33.0,"turns":9.0},{"damage":2.0,"enemies":"3 Darklings","floor":35.0,"turns":5.0},{"damage":0.0,"enemies":"Orb Walker","floor":37.0,"turns":5.0},{"damage":0,"enemies":"Writhing Mass","floor":39,"turns":21},{"damage":0,"enemies":"Maw","floor":40,"turns":8},{"damage":0,"enemies":"Transient","floor":41,"turns":5},{"damage":3,"enemies":"Giant Head","floor":42,"turns":9},{"damage":14,"enemies":"2 Orb Walkers","floor":45,"turns":4},{"damage":0,"enemies":"Jaw Worm Horde","floor":48,"turns":4},{"damage":21,"enemies":"Time Eater","floor":50,"turns":24},{"damage":0,"enemies":"Shield and Spear","floor":54,"turns":11},{"damage":11,"enemies":"The Heart","floor":55,"turns":18}],"seed_played":"-1828044410491759847","potions_obtained":[{"floor":4.0,"key":"Fire Potion"},{"floor":6.0,"key":"LiquidBronze"},{"floor":11.0,"key":"GamblersBrew"},{"floor":12.0,"key":"SneckoOil"},{"floor":14.0,"key":"ColorlessPotion"},{"floor":18.0,"key":"PowerPotion"},{"floor":30.0,"key":"Dexterity Potion"},{"floor":33.0,"key":"SmokeBomb"},{"floor":35.0,"key":"Fire Potion"},{"floor":54,"key":"SkillPotion"}],"is_trial":false,"path_per_floor":["M","?","M","M","M","E","R","E","T","$","M","M","$","M","R","B",null,"M","M","?","?","M","E","?","R","T","$","M","R","M","M","R","B",null,"M","$","M","?","M","M","M","E","T","R","?","R","$","M","R","B",null,"R","$","E","B",null],"character_chosen":"DEFECT","items_purchased":["OrangePellets","Bag of Preparation","Finesse","Omamori","Lantern"],"campfire_rested":0,"item_purchase_floors":[13,13,13,13,47],"current_hp_per_floor":[74,74,74,74,74,59,59,50,50,50,47,35,35,25,34,34,75,75,75,75,75,66,53,53,62,62,62,64,73,75,75,75,52,75,73,73,75,75,75,75,75,72,72,75,61,73,73,75,75,54,75,75,75,75,64],"gold":67,"neow_bonus":"REMOVE_TWO","is_daily":false,"chose_seed":false,"campfire_upgraded":6,"win_rate":0.0,"timestamp":1608369210,"path_taken":["M","?","?","M","M","E","R","E","T","?","M","M","$","M","R","BOSS","M","M","?","?","M","E","?","R","T","$","M","R","M","M","R","BOSS","M","$","M","?","M","M","M","E","T","R","?","R","$","M","R","BOSS","R","$","E","BOSS"],"items_purchased_type":["Relic","Relic","Card","Relic","Relic"],"build_version":"2020-12-13","purchased_purges":4,"victory":true,"max_hp_per_floor":[75,75,75,75,75,75,75,75,75,75,75,75,75,75,75,75,75,75,75,75,75,75,75,75,75,75,75,75,75,75,75,75,75,75,75,75,75,75,75,75,75,75,75,75,75,75,75,75,75,75,75,75,75,75,75],"card_choices":[{"not_picked":["Coolheaded","Rebound"],"picked":"Chill","floor":1.0},{"not_picked":["Leap","Conserve Battery"],"picked":"Rip and Tear","floor":3.0},{"not_picked":["Go for the Eyes","White Noise"],"picked":"Cold Snap","floor":4.0},{"not_picked":["Barrage","Amplify"],"picked":"Ball Lightning","floor":5.0},{"not_picked":["Beam Cell","Leap"],"picked":"Recycle","floor":6.0},{"not_picked":["Static Discharge","Darkness","Stack"],"picked":"SKIP","floor":8.0},{"not_picked":["Sunder","Cold Snap"],"picked":"Consume","floor":11.0},{"not_picked":["Auto Shields","Streamline","Compile Driver"],"picked":"SKIP","floor":12.0},{"not_picked":["Static Discharge","Beam Cell"],"picked":"Ball Lightning","floor":14.0},{"not_picked":["Hologram","Force Field","FTL"],"picked":"SKIP","floor":18.0},{"not_picked":["Sweeping Beam","Ball Lightning"],"picked":"Conserve Battery+1","floor":19.0},{"not_picked":["Turbo","Chill"],"picked":"Coolheaded+1","floor":22.0},{"not_picked":["Redo+1","Thunder Strike","Stack"],"picked":"SKIP","floor":23.0},{"not_picked":["Conserve Battery","Leap+1"],"picked":"Go for the Eyes","floor":28.0},{"not_picked":["Reinforced Body","Streamline","Genetic Algorithm"],"picked":"SKIP","floor":30.0},{"not_picked":["Streamline","Genetic Algorithm"],"picked":"Reinforced Body","floor":30.0},{"not_picked":["Compile Driver","Turbo+1"],"picked":"Coolheaded","floor":31.0},{"not_picked":["Ball Lightning+1","Sweeping Beam+1","Steam"],"picked":"SKIP","floor":35.0},{"not_picked":["Darkness","Compile Driver","Force Field"],"picked":"SKIP","floor":37.0},{"not_picked":["Gash+1","Stack","Ball Lightning"],"picked":"SKIP","floor":39},{"not_picked":["Recycle+1","Steam Power"],"picked":"Compile Driver","floor":40},{"not_picked":["Coolheaded+1","Steam+1"],"picked":"Electrodynamics","floor":41},{"not_picked":["Leap+1","Undo"],"picked":"Turbo+1","floor":42},{"not_picked":["Force Field+1","Undo+1"],"picked":"Defragment+1","floor":45},{"not_picked":["Melter","Barrage+1","Redo+1"],"picked":"SKIP","floor":48},{"not_picked":["Melter","Reprogram+1","Beam Cell"],"picked":"SKIP","floor":54}],"player_experience":954962,"relics_obtained":[{"floor":6.0,"key":"MawBank"},{"floor":8.0,"key":"Eternal Feather"},{"floor":9.0,"key":"Old Coin"},{"floor":23.0,"key":"Thread and Needle"},{"floor":42,"key":"Peace Pipe"},{"floor":45,"key":"Calipers"},{"floor":54,"key":"Lizard Tail"}],"event_choices":[{"damage_healed":0.0,"max_hp_gain":0.0,"max_hp_loss":0.0,"gold_gain":100.0,"event_name":"Golden Shrine","player_choice":"Pray","floor":2.0,"gold_loss":0.0,"damage_taken":0.0},{"cards_removed":["Defend_B"],"damage_healed":0.0,"max_hp_gain":0.0,"max_hp_loss":0.0,"gold_gain":0.0,"event_name":"Beggar","player_choice":"Gave Gold","floor":20.0,"gold_loss":75.0,"damage_taken":0.0},{"damage_healed":0.0,"max_hp_gain":0.0,"max_hp_loss":0.0,"gold_gain":99.0,"event_name":"Nest","player_choice":"Stole From Cult","floor":21.0,"gold_loss":0.0,"damage_taken":0.0},{"damage_healed":0.0,"max_hp_gain":0.0,"max_hp_loss":0.0,"gold_gain":0.0,"event_name":"The Mausoleum","player_choice":"Opened","floor":24.0,"gold_loss":0.0,"damage_taken":0.0,"relics_obtained":["Blood Vial"],"cards_obtained":["Writhe"]},{"damage_healed":0.0,"max_hp_gain":0.0,"max_hp_loss":0.0,"gold_gain":0.0,"event_name":"Tomb of Lord Red Mask","player_choice":"Ignored","floor":38.0,"gold_loss":0.0,"damage_taken":0.0},{"damage_healed":0,"gold_gain":0,"player_choice":"Fight","damage_taken":0,"max_hp_gain":0,"max_hp_loss":0,"event_name":"Mysterious Sphere","floor":45,"gold_loss":0}],"is_beta":false,"boss_relics":[{"not_picked":["Velvet Choker","Astrolabe"],"picked":"Cursed Key"},{"not_picked":["Calling Bell","SlaversCollar"],"picked":"Inserter"}],"items_purged_floors":[13,27,36,47],"is_endless":false,"potions_floor_spawned":[4,6,11,12,14,18,30,33,35,39,41,42,54],"ascension_level":0}}