{"host":"pew4fjlaqz7m1maf","time":1608389648,"event":{"mods":["AchievementEnabler","Act Like it!","Bartender","BaseMod","Bestiary","Colored Map","Colored Powertips","DeckTracker","Duelist Mod","GifTheSpireLib","Hallownest","Hero for Fun","Hyrulean Relics","Jedi Mod","Kalas","LagranYue(ùfäiòNÅEåé)","Magitek Elite","MarisaÅiñ∂âJÅ@ñÇóùçπÅj","Minty Spire (QoL Compilation)","Prisma Mod","Quick Restart","Random Character Button","Rare Cards Sparkle","Relic Stats","Replay The Spire","SOSÅiézîb?îVéqÅj","StSLib","Td1madao Mod","The Alterego","The Animator","The Bug Knight","The Forsaken","The Mystic","The Senshi","The Servant 0.9.4","The Wild Card","TheHero","TheVelvet","Åyå˜î\ModÅz?ñæìIç≈?Boss"],"gold_per_floor":[110,165,177,191,191,191,208,208,231,247,247,257,268,285,285,381,381,398,76,96,96,171,171,181,181,205,216,216,29,41,41,41,141,141,155,168,168,168,14,30,30,45,95,111,126,126,21,34,34,34],"floor_reached":51,"playtime":5612,"items_purged":["Strike_Bartender","Phantom_Blow","Bloodbath_Bartender"],"score":1070,"play_id":"9e58da1c-06a8-4c84-a60e-16ef14279df2","local_time":"20201219075408","is_ascension_mode":false,"campfire_choices":[{"data":"Dragonkick","floor":6,"key":"SMITH"},{"floor":11,"key":"REST"},{"data":"Well_Drinks","floor":15,"key":"SMITH"},{"data":"Torment","floor":23,"key":"SMITH"},{"data":"Somersault","floor":25,"key":"SMITH"},{"floor":32,"key":"REST"},{"floor":41,"key":"REST"},{"data":"Meteodrive","floor":46,"key":"SMITH"},{"data":"Power_Up_Punch","floor":49,"key":"SMITH"}],"circlet_count":0,"master_deck":["Strike_Bartender+1","Strike_Bartender+1","Strike_Bartender+1","Defend_Bartender+1","Defend_Bartender+1","Defend_Bartender+1","Defend_Bartender+1","Somersault+1","Alacrity","Press_Forward","Dragonkick+1","Step_Of_The_Wind","Torment+1","Well_Drinks+1","Bloodbath_Bartender","Snap_Punch","Snap_Punch+1","Beat_Rush","Sucker_Punch","ReplayTheSpireMod:IOU","On_The_Rocks","Sucker_Punch","Phantom_Blow","Bouncer+1","Feint","PanicButton","Poisoned Strike","Bicycle_Kick","Ball_Of_Ice+1","Fading_Blow","ReplayTheSpireMod:IOU","Perfect_Balance","Greased_Lightning","Dolphin_Blow","Vortex+","Axe_Heel_Kick","Writhe","Vortex","Meteodrive+1","Meteodrive+1","Press_Forward","Blizzard_Spikes","Power_Up_Punch+1","Bicycle_Kick+1","Top_Shelf","ReplayTheSpireMod:IOU","Decay","Foot_Thrust+1"],"relics":["Sneakers","LagranYue:RandomDrawCardRelic","NeowsBlessing","Matryoshka","ReplayTheSpireMod:Lightbulb","Pet Ghost","Replay:Wax Seal","Gem_Box","BargainBundle","Potion Belt","MutagenicStrength","Strawberry","Gremlin Food","Genji_Glove","Snecko Eye","Orrery","Smiling Mask","ReplayTheSpireMod:CursedCoin","Protect_Vest","Oddly Smooth Stone"],"acts_visited":["Exordium","TheCity","TheBeyond"],"potions_floor_usage":[14,16,16,16,16,16,30,30,33,33,33,40,40,42,44,48,48,50,50],"damage_taken":[{"damage":0,"enemies":"Jaw Worm","floor":1,"turns":1},{"damage":0,"enemies":"Small Slimes","floor":3,"turns":1},{"damage":0,"enemies":"Cultist","floor":4,"turns":1},{"damage":0,"enemies":"Looter","floor":7,"turns":2},{"damage":0,"enemies":"Large Slime","floor":10,"turns":4},{"damage":16,"enemies":"Gremlin Gang","floor":12,"turns":8},{"damage":0,"enemies":"Red Slaver","floor":13,"turns":4},{"damage":0,"enemies":"Large Slime","floor":14,"turns":7},{"damage":41,"enemies":"Slime Boss","floor":16,"turns":13},{"damage":0,"enemies":"Shell Parasite","floor":18,"turns":5},{"damage":0,"enemies":"Spheric Guardian","floor":20,"turns":7},{"damage":4,"enemies":"3 Cultists","floor":24,"turns":6},{"damage":8,"enemies":"Centurion and Healer","floor":27,"turns":6},{"damage":6,"enemies":"Snake Plant","floor":30,"turns":4},{"damage":6,"enemies":"Pondfish","floor":33,"turns":9},{"damage":20,"enemies":"3 Shapes","floor":35,"turns":4},{"damage":0,"enemies":"Orb Walker","floor":36,"turns":2},{"damage":0,"enemies":"Transient","floor":40,"turns":5},{"damage":0,"enemies":"Writhing Mass","floor":42,"turns":4},{"damage":0,"enemies":"Sphere and 2 Shapes","floor":44,"turns":3},{"damage":0,"enemies":"Spire Growth","floor":45,"turns":4},{"damage":4,"enemies":"Transient","floor":48,"turns":5},{"damage":27,"enemies":"Awakened One","floor":50,"turns":10}],"seed_played":"1769353934746060933","potions_obtained":[{"floor":3,"key":"SkillPotion"},{"floor":4,"key":"SteroidPotion"},{"floor":8,"key":"EntropicBrew"},{"floor":8,"key":"Ancient Potion"},{"floor":12,"key":"Block Potion"},{"floor":20,"key":"Explosive Potion"},{"floor":24,"key":"Block Potion"},{"floor":30,"key":"Weak Potion"},{"floor":35,"key":"EntropicBrew"},{"floor":44,"key":"LiquidBronze"},{"floor":48,"key":"Swift Potion"}],"is_trial":false,"path_per_floor":["M","?","M","M","?","R","M","?","T","M","R","M","M","M","R","B",null,"M","$","M","?","?","R","M","R","T","M","?","$","M","?","R","B",null,"M","M","?","?","$","M","R","M","T","M","M","R","$","M","R","B",null],"character_chosen":"BARTENDER","items_purchased":["BargainBundle","On_The_Rocks","Sucker_Punch","Phantom_Blow","Bouncer","Feint","ColorlessPotion","Strength Potion","SpeedPotion","PanicButton","Potion Belt","Poisoned Strike","Perfect_Balance","Genji_Glove","Orrery","ReplayTheSpireMod:CursedCoin","Protect_Vest","Oddly Smooth Stone"],"campfire_rested":3,"item_purchase_floors":[19,19,19,19,19,19,19,19,19,19,19,19,29,29,39,47,47,47],"current_hp_per_floor":[70,70,70,70,45,45,45,45,45,45,66,50,50,50,50,9,70,70,70,70,70,63,63,59,59,66,58,58,58,52,52,75,69,77,57,57,76,76,76,76,77,77,77,77,77,77,77,73,73,46],"gold":34,"neow_bonus":"THREE_ENEMY_KILL","is_daily":false,"chose_seed":false,"campfire_upgraded":6,"win_rate":0.0,"timestamp":1608389648,"path_taken":["M","?","M","?","?","R","M","?","T","?","R","M","?","M","R","BOSS","M","$","M","?","?","R","?","R","T","M","?","$","M","?","R","BOSS","M","M","?","?","$","M","R","M","T","M","M","R","$","?","R","BOSS"],"items_purchased_type":["Relic","Card","Card","Card","Card","Card","Potion","Potion","Potion","Card","Relic","Card","Card","Relic","Relic","Relic","Relic","Relic"],"build_version":"2020-12-13","purchased_purges":3,"victory":true,"max_hp_per_floor":[70,70,70,70,70,70,70,70,70,70,70,70,70,70,70,70,70,70,70,70,70,70,70,70,70,77,77,77,77,77,77,77,77,77,77,77,77,77,77,77,77,77,77,77,77,77,77,77,77,77],"relic_stats":{"counters":[23,108],"Snecko Eye":[95,107,92,75],"Smiling Mask":75,"obtain_stats":[{"Potion Belt":19,"Gremlin Food":26,"BargainBundle":19,"Sneakers":0,"LagranYue:RandomDrawCardRelic":0,"NeowsBlessing":0,"ReplayTheSpireMod:CursedCoin":47,"Oddly Smooth Stone":47,"Protect_Vest":47,"Smiling Mask":43,"Pet Ghost":9,"Matryoshka":2,"MutagenicStrength":21,"Strawberry":26,"Snecko Eye":34,"Orrery":39,"Genji_Glove":29,"Gem_Box":17,"Replay:Wax Seal":9,"ReplayTheSpireMod:Lightbulb":5},{"Potion Belt":10,"Gremlin Food":12,"BargainBundle":10,"Sneakers":0,"LagranYue:RandomDrawCardRelic":0,"NeowsBlessing":0,"ReplayTheSpireMod:CursedCoin":21,"Oddly Smooth Stone":21,"Protect_Vest":21,"Smiling Mask":19,"Pet Ghost":4,"Matryoshka":1,"MutagenicStrength":11,"Strawberry":12,"Snecko Eye":15,"Orrery":17,"Genji_Glove":13,"Gem_Box":9,"Replay:Wax Seal":4,"ReplayTheSpireMod:Lightbulb":3},{"Potion Belt":44,"Gremlin Food":55,"BargainBundle":44,"Sneakers":0,"LagranYue:RandomDrawCardRelic":0,"NeowsBlessing":0,"ReplayTheSpireMod:CursedCoin":93,"Oddly Smooth Stone":93,"Protect_Vest":93,"Smiling Mask":86,"Pet Ghost":5,"Matryoshka":1,"MutagenicStrength":50,"Strawberry":55,"Snecko Eye":72,"Orrery":77,"Genji_Glove":60,"Gem_Box":40,"Replay:Wax Seal":5,"ReplayTheSpireMod:Lightbulb":3}]},"card_choices":[{"not_picked":["Free_Pour","Snap_Punch"],"picked":"Alacrity","floor":1},{"not_picked":["Fight_Dirty","Power_Up_Punch"],"picked":"Press_Forward","floor":2},{"not_picked":["Torment","Training_Dummy"],"picked":"Dragonkick","floor":2},{"not_picked":["Stick_and_Move","Power_Up_Punch"],"picked":"Step_Of_The_Wind","floor":3},{"not_picked":["Bloodbath_Bartender","Step_Of_The_Wind"],"picked":"Torment","floor":4},{"not_picked":["Pony_Shot","Step_Of_The_Wind"],"picked":"Phantom_Blow","floor":7},{"not_picked":["Alacrity","Fading_Blow"],"picked":"Well_Drinks","floor":10},{"not_picked":["Scowl","Meteodrive"],"picked":"Bloodbath_Bartender","floor":12},{"not_picked":["Hook","Mirage"],"picked":"Snap_Punch","floor":13},{"not_picked":["Moonsault_Kick","Meditate"],"picked":"Snap_Punch","floor":14},{"not_picked":["Liquid_Armor","Patience"],"picked":"Beat_Rush","floor":16},{"not_picked":["Phantom_Blow","ThreeSidedStar+1"],"picked":"Sucker_Punch","floor":18},{"not_picked":["Stick_and_Move+1","Ripple+1"],"picked":"Bicycle_Kick","floor":20},{"not_picked":["Hook+1","Dancing_Jab"],"picked":"Ball_Of_Ice+1","floor":24},{"not_picked":["On_The_Rocks","Windup"],"picked":"Fading_Blow","floor":27},{"not_picked":["Dragonkick+1","Alacrity+1"],"picked":"Greased_Lightning","floor":30},{"not_picked":["Moonsault_Kick","Storage"],"picked":"Dolphin_Blow","floor":33},{"not_picked":["Hook+1","Ripple"],"picked":"Vortex+","floor":35},{"not_picked":["Feint+1","Mirage+1"],"picked":"Axe_Heel_Kick","floor":36},{"not_picked":["Beat_Rush","On_The_Rocks"],"picked":"Vortex","floor":39},{"not_picked":["Sucker_Punch","Dragonkick"],"picked":"Meteodrive","floor":39},{"not_picked":["Raptor_Form+1","Spirits_Within"],"picked":"Meteodrive+1","floor":39},{"not_picked":["Free_Pour+1","Sucker_Punch"],"picked":"Press_Forward","floor":39},{"not_picked":["Elbow_Slash","Feint"],"picked":"Bloodbath_Bartender","floor":39},{"not_picked":["Surge","Fight_Dirty"],"picked":"Blizzard_Spikes","floor":40},{"not_picked":["Raptor_Form","Insight_B"],"picked":"Power_Up_Punch","floor":42},{"not_picked":["Alacrity","Scoop+1"],"picked":"Bicycle_Kick+1","floor":44},{"not_picked":["Hook","Step_Of_The_Wind+1"],"picked":"Top_Shelf","floor":45},{"not_picked":["Cross+1","Free_Pour+1"],"picked":"Foot_Thrust+1","floor":48}],"player_experience":47300,"relics_obtained":[{"floor":2,"key":"Matryoshka"},{"floor":9,"key":"Pet Ghost"},{"floor":9,"key":"Replay:Wax Seal"},{"floor":26,"key":"Strawberry"},{"floor":26,"key":"Gremlin Food"},{"floor":43,"key":"Smiling Mask"}],"event_choices":[{"damage_healed":0,"gold_gain":0,"player_choice":"Success","damage_taken":25,"relics_obtained":["ReplayTheSpireMod:Lightbulb"],"max_hp_gain":0,"max_hp_loss":0,"event_name":"Scrap Ooze","floor":5,"gold_loss":0},{"damage_healed":0,"gold_gain":0,"player_choice":"Got Potions","damage_taken":0,"max_hp_gain":0,"max_hp_loss":0,"event_name":"Lab","floor":8,"gold_loss":0},{"damage_healed":0,"gold_gain":0,"player_choice":"Inject Mutagens","damage_taken":0,"relics_obtained":["MutagenicStrength"],"max_hp_gain":0,"max_hp_loss":0,"event_name":"Drug Dealer","floor":21,"gold_loss":0},{"damage_healed":0,"gold_gain":75,"player_choice":"Touch","damage_taken":7,"max_hp_gain":0,"max_hp_loss":0,"event_name":"FaceTrader","floor":22,"gold_loss":0},{"damage_healed":0,"gold_gain":0,"player_choice":"Simplicity","damage_taken":0,"max_hp_gain":0,"max_hp_loss":0,"event_name":"Back to Basics","floor":28,"gold_loss":0,"cards_upgraded":["Strike_Bartender","Strike_Bartender","Strike_Bartender","Defend_Bartender","Defend_Bartender","Defend_Bartender","Defend_Bartender"]},{"damage_healed":0,"gold_gain":0,"player_choice":"Ignored","damage_taken":0,"max_hp_gain":0,"max_hp_loss":0,"event_name":"Vampires","floor":31,"gold_loss":0},{"damage_healed":19,"gold_gain":0,"player_choice":"Writhe","damage_taken":0,"max_hp_gain":0,"max_hp_loss":0,"event_name":"Winding Halls","floor":37,"gold_loss":0,"cards_obtained":["Writhe"]},{"damage_healed":0,"gold_gain":0,"player_choice":"Ignored","damage_taken":0,"max_hp_gain":0,"max_hp_loss":0,"event_name":"SecretPortal","floor":38,"gold_loss":0}],"is_beta":false,"boss_relics":[{"not_picked":["Replay:Bronze Core","Abe\u0027s Treasure"],"picked":"Gem_Box"},{"not_picked":["Replay:Ancient Bell","jedi:hotpepper"],"picked":"Snecko Eye"}],"items_purged_floors":[19,29,47],"is_endless":false,"potions_floor_spawned":[3,4,12,13,20,24,30,35,44,48],"ascension_level":0}}