{"host":"uvcf8ie4svzjsj3l","time":1608353092,"event":{"mods":["2.2 Compatiblity","AchievementEnabler","Act Like it!","Aspiration","Astrologer","Bard","BaseMod","Beaked The Cultist","Better Third Choice","BetterRewards","CapriCore","ChefMod","Clockwork Mod","Conspire","Friendly Minions","Gensokyo","Halation","Hallownest","Hermit","HololiveMod","Hubris","Infinite Spire","Jorbs\u0027s Wanderer Trilogy","Key Reminder","Luminous","Mad Scientist","Magitek Elite","Marisa????????","Minty Spire (QoL Compilation)","Pale of the Ancients","Potionbrewer","Quick Restart","Random Character Mod","Remilia??????","Replay The Spire","Shade Mod","Somnambulant","Spicy Shops","StSLib","The Accelerator","The Administrix","The Animator","The Blackbeard","The Bug Knight","The Clintock","The Construct","The Cursed","The Disciple","The Elementalist","The Florist","The Forsaken","The Gatherer","The Hayseed","The Hierophant","The Immortal","The Judge","The Juggle","The Mystic","The Necromancer","The Poker Player","The Problem Sleuth","The Runesmith","The Sage","The Senshi","The Servant 0.9.4","The Spell Scribe","The Valiant","The Vixen","The Wild Card","TheArtist","TheBandit","TheFirefly","TheHero","TheVelvet","thorton"],"gold_per_floor":[116,116,116,134,134,134,159,173,173,25,25,25,40,50,50,148,148,161,161,211,226,237,267,267,267,267,278,278,278],"floor_reached":28,"playtime":4511,"items_purged":["Pain"],"score":238,"play_id":"53e59a53-41ab-4bc3-9047-423a5eb2aaad","local_time":"20201218224452","is_ascension_mode":false,"campfire_choices":[{"floor":6,"key":"RECALL"},{"floor":12,"key":"REST"},{"data":"MadScienceMod:FragmentationGrenade","floor":15,"key":"SMITH"},{"floor":24,"key":"REST"}],"circlet_count":0,"master_deck":["MadScienceMod:Strike_MadScience","MadScienceMod:Strike_MadScience","MadScienceMod:Strike_MadScience","MadScienceMod:Strike_MadScience","MadScienceMod:Defend_MadScience","MadScienceMod:Defend_MadScience","MadScienceMod:Defend_MadScience","MadScienceMod:Defend_MadScience","MadScienceMod:PoweredStrike","MadScienceMod:HideBehindJunk","MadScienceMod:OilDrum","Injury","MadScienceMod:ImposingConstruct","MadScienceMod:NowOrNever","MadScienceMod:FragmentationGrenade+1","MadScienceMod:Reconstitute+1","MadScienceMod:FlameCannon","MadScienceMod:RadioactiveSword","MadScienceMod:CaptureMomentum+1","infinitespire:Starlight","MadScienceMod:MinatureWeapons"],"relics":["MadScienceMod:FuelTank","NeowsBlessing","Gensokyo:LunaticRedEyes","PreservedInsect","Golden Egg","hubris:ToyBattleship","Strawberry","thethorton:CrushedCigarette","Tiny Chest","Snack Pack","Darkstone Periapt"],"acts_visited":["Gensokyo:Gensokyo","Gensokyo:Gensokyoer"],"potions_floor_usage":[16,23,23],"damage_taken":[{"damage":0,"enemies":"Gensokyo:Gryphon","floor":1,"turns":1},{"damage":0,"enemies":"Gensokyo:3_Fairies","floor":4,"turns":1},{"damage":5,"enemies":"Gensokyo:Mamizou","floor":7,"turns":3},{"damage":2,"enemies":"Gensokyo:Python","floor":8,"turns":4},{"damage":0,"enemies":"Gensokyo:5_Fairies","floor":13,"turns":6},{"damage":9,"enemies":"Gensokyo:Python_and_Kodama","floor":14,"turns":6},{"damage":54,"enemies":"Gensokyo:Yukari","floor":16,"turns":14},{"damage":0,"enemies":"Gensokyo:Chomper","floor":18,"turns":7},{"damage":17,"enemies":"Gensokyo:CosmicMonolith","floor":21,"turns":7},{"damage":16,"enemies":"Gensokyo:Wraith","floor":22,"turns":5},{"damage":42,"enemies":"Gensokyo:Reisen","floor":23,"turns":8},{"damage":18,"enemies":"Gensokyo:Swordslinger","floor":27,"turns":5},{"damage":32,"enemies":"Gensokyo:Slime_Group","floor":28,"turns":3}],"seed_played":"5412577672063787352","potions_obtained":[{"floor":7,"key":"Dexterity Potion"},{"floor":13,"key":"ColorlessPotion"},{"floor":18,"key":"Toxic Potion"}],"is_trial":false,"path_per_floor":["M","?","?","M","?","R","E","M","T","$","?","R","M","M","R","B",null,"M","?","?","M","M","E","R","AVR","T","M","M"],"character_chosen":"MAD_SCIENTIST","items_purchased":["hubris:ToyBattleship"],"campfire_rested":2,"item_purchase_floors":[10],"current_hp_per_floor":[75,75,75,75,68,68,63,61,61,61,58,82,82,73,73,19,82,82,76,76,59,43,1,23,23,23,17,0,0],"gold":278,"neow_bonus":"THREE_ENEMY_KILL","is_daily":false,"chose_seed":false,"campfire_upgraded":1,"win_rate":0.0,"timestamp":1608353092,"path_taken":["M","?","?","M","?","R","E","M","T","$","?","R","?","M","R","BOSS","M","?","?","M","M","E","R","AVR","T","M","M"],"items_purchased_type":["Relic"],"build_version":"2020-12-13","purchased_purges":1,"victory":false,"max_hp_per_floor":[75,75,75,75,75,75,75,75,75,75,82,82,82,82,82,82,82,82,76,76,76,76,76,76,76,76,76,76,76],"card_choices":[{"not_picked":["MadScienceMod:FlexibleSpear","MadScienceMod:AcidSpray"],"picked":"MadScienceMod:OilDrum","floor":1},{"not_picked":["MadScienceMod:LightOnFire","MadScienceMod:FumeBlast","MadScienceMod:MakeOrBreak"],"picked":"SKIP","floor":4},{"not_picked":["MadScienceMod:NowOrNever","MadScienceMod:MechanicalClaw"],"picked":"MadScienceMod:ImposingConstruct","floor":7},{"not_picked":["MadScienceMod:FumeBlast","MadScienceMod:OilDrum"],"picked":"MadScienceMod:NowOrNever","floor":8},{"not_picked":["MadScienceMod:LightOnFire","MadScienceMod:Virus","MadScienceMod:JunkLaser"],"picked":"SKIP","floor":13},{"not_picked":["MadScienceMod:OilDrum","MadScienceMod:FlameCannon"],"picked":"MadScienceMod:FragmentationGrenade","floor":14},{"not_picked":["MadScienceMod:GoldenGun","MadScienceMod:LabAccident"],"picked":"MadScienceMod:Reconstitute","floor":16},{"not_picked":["MadScienceMod:MechanicalClaw","MadScienceMod:AntimatterBomb"],"picked":"MadScienceMod:FlameCannon","floor":18},{"not_picked":["MadScienceMod:ShrinkRay","MadScienceMod:AutoStrike"],"picked":"MadScienceMod:RadioactiveSword","floor":21},{"not_picked":["MadScienceMod:LightOnFire","MadScienceMod:Weaponize","MadScienceMod:FlexibleSpear"],"picked":"SKIP","floor":22},{"not_picked":["MadScienceMod:Tune+1","MadScienceMod:MechanicalClaw"],"picked":"MadScienceMod:CaptureMomentum+1","floor":23},{"not_picked":["MadScienceMod:FumeBlast+1","MadScienceMod:TimeDilationField"],"picked":"MadScienceMod:MinatureWeapons","floor":27}],"player_experience":557713,"relics_obtained":[{"floor":7,"key":"Golden Egg"},{"floor":23,"key":"Snack Pack"},{"floor":26,"key":"Darkstone Periapt"}],"event_choices":[],"is_beta":false,"boss_relics":[{"not_picked":["conspire:SeveredTorchhead","hubris:GrandSneckoEye"],"picked":"thethorton:CrushedCigarette"}],"items_purged_floors":[10],"is_endless":false,"potions_floor_spawned":[7,13,18],"killed_by":"Gensokyo:Slime_Group","ascension_level":0}}