{"host":"l4li6saph8sy2zni","time":1608408953,"event":{"mods":["AchievementEnabler","Aspiration","BaseMod","BetterRewards","CCEM","Colored Map","Colored Powertips","Conspire","Downfall","Energized Spire","GifTheSpireLib","Highlight Path","Hubris","Infinite Spire","Mimic Mod","Minty Spire (QoL Compilation)","Permanent Neow","Quick Restart","Relic Filter","Replay The Spire","Shop Mod","StSLib","Stuff the Spire","The Hierophant"],"gold_per_floor":[99,32,32,44,29,46,124,135,162,162,162,172,64,81,94,199,199,124,124,140,156,172,87,113,130,146,71,71,86,86,86,101,200,200,200,200,214,226,226,226,262,316,316,316],"floor_reached":43,"playtime":3417,"items_purged":[],"score":555,"play_id":"dd39239d-a7b7-4ceb-b7fb-364b8b67d4ac","local_time":"20201219201553","is_ascension_mode":false,"campfire_choices":[{"floor":1,"key":"DIG"},{"data":"Slimebound:Split","floor":10,"key":"SMITH"},{"floor":18,"key":"RECALL"},{"floor":27,"key":"REST"},{"data":"Slimebound:CheckThePlaybook","floor":35,"key":"SMITH"},{"data":"Slimebound:Repurpose","floor":40,"key":"SMITH"}],"circlet_count":0,"master_deck":["conspire:GhostlyStrike","conspire:GhostlyStrike","conspire:GhostlyStrike","Slimebound:Tackle","conspire:GhostlyDefend","conspire:GhostlyDefend","Slimebound:Split+1","Slimebound:CorrosiveSpit","Swift Strike","Slimebound:SamplingLick","Slimebound:PressTheAttack","Slimebound:Prepare","Slimebound:RejuvenatingLick","Slimebound:LeechEnergy","Slimebound:SplitBruiser","Slimebound:LeechingTouch","Slimebound:SpikyOuterGoop","Slimebound:SamplingLick","Slimebound:MegaLick","Slimebound:SlimeSpikes","Slimebound:ViciousTackle","Slimebound:PressTheAttack","Slimebound:DouseInSlime","conspire:GhostlyStrike","conspire:GhostlyStrike","conspire:GhostlyStrike","Slimebound:Tackle","conspire:GhostlyDefend","conspire:GhostlyDefend","conspire:GhostlyDefend","Slimebound:Split+1","Slimebound:CorrosiveSpit","Swift Strike","Slimebound:SamplingLick","Slimebound:PressTheAttack","Slimebound:Prepare","Slimebound:RejuvenatingLick","Slimebound:LeechEnergy","Slimebound:SplitBruiser","Slimebound:LeechingTouch","Slimebound:SpikyOuterGoop","Slimebound:SamplingLick","Slimebound:MegaLick","Slimebound:SlimeSpikes","Slimebound:ViciousTackle","Slimebound:PressTheAttack","Slimebound:DouseInSlime","Slimebound:Repurpose+1","Slimebound:SplitMire+1","Slimebound:LeechEnergy","Slimebound:SlimeBarrage","Slimebound:Teamwork","Slimebound:GoopSpray","Slimebound:PressTheAttack","Slimebound:CheckThePlaybook+1","Slimebound:Gluttony","Slimebound:LeechLife","Slimebound:Repurpose+1","Slimebound:LevelUp+1","Slimebound:LevelUp+1"],"relics":["Slimebound:AbsorbEndCombat","hubris:SlimyHat","Vajra","CCEMRelics:GreenEgg","downfall:HeartBlessingBlue","Centennial Puzzle","downfall:HeartBlessingRed","conspire:RoyalGoblet","Coffee Dripper","hubris:Towel","hubris:Potato","Replay:Kaleidoscope","Juzu Bracelet"],"acts_visited":["Exordium","TheCity","TheBeyond"],"potions_floor_usage":[13,33,43],"damage_taken":[{"damage":14,"enemies":"downfall:FleeingMerchant","floor":2,"turns":4},{"damage":8,"enemies":"Cultist","floor":4,"turns":3},{"damage":6,"enemies":"downfall:FleeingMerchant","floor":5,"turns":4},{"damage":12,"enemies":"Small Slimes","floor":6,"turns":3},{"damage":4,"enemies":"2 Louse","floor":8,"turns":2},{"damage":30,"enemies":"Lagavulin","floor":9,"turns":4},{"damage":14,"enemies":"Gremlin Gang","floor":12,"turns":3},{"damage":32,"enemies":"downfall:FleeingMerchant","floor":13,"turns":4},{"damage":15,"enemies":"Large Slime","floor":14,"turns":4},{"damage":0,"enemies":"3 Louse","floor":15,"turns":2},{"damage":35,"enemies":"downfall:Watcher","floor":16,"turns":9},{"damage":27,"enemies":"3 Byrds","floor":20,"turns":3},{"damage":37,"enemies":"Shell Parasite","floor":21,"turns":3},{"damage":43,"enemies":"conspire:HollyBat","floor":22,"turns":9},{"damage":13,"enemies":"downfall:FleeingMerchant","floor":23,"turns":4},{"damage":17,"enemies":"Snecko","floor":25,"turns":5},{"damage":12,"enemies":"Snake Plant","floor":26,"turns":2},{"damage":36,"enemies":"Shelled Parasite and Fungi","floor":29,"turns":5},{"damage":19,"enemies":"conspire:HollyBat","floor":32,"turns":5},{"damage":76,"enemies":"downfall:Silent","floor":33,"turns":7},{"damage":43,"enemies":"Orb Walker","floor":37,"turns":4},{"damage":55,"enemies":"3 Darklings","floor":38,"turns":4},{"damage":36,"enemies":"Spire Growth","floor":41,"turns":11},{"damage":72,"enemies":"Spire Growth","floor":43,"turns":5}],"seed_played":"-5593369733580409683","potions_obtained":[{"floor":4,"key":"ColorlessPotion"},{"floor":6,"key":"LiquidMemories"},{"floor":15,"key":"FearPotion"},{"floor":16,"key":"Elixir"},{"floor":20,"key":"Energy Potion"},{"floor":37,"key":"Weak Potion"}],"is_trial":false,"path_per_floor":["R_BF","$","?","M","$","M","T","M","E","R","?","M","$","M","M","B",null,"R","?","M","M","M","$","T","M","M","R","?","M","AVR","?","M","B",null,"R","?","M","M","?","R","MIM","T","M"],"character_chosen":"SLIMEBOUND","items_purchased":["Slimebound:PressTheAttack","Slimebound:MegaLick","Slimebound:SlimeSpikes","Slimebound:SlimeBarrage"],"campfire_rested":1,"item_purchase_floors":[2,13,13,23],"current_hp_per_floor":[60,54,54,60,60,56,56,60,50,50,50,52,46,55,60,58,60,70,70,58,41,38,51,51,60,56,70,70,60,60,36,47,23,70,70,70,36,11,18,18,38,38,0,0],"gold":316,"neow_bonus":"RANDOM_COLORLESS","is_daily":false,"chose_seed":false,"campfire_upgraded":3,"win_rate":0.0,"timestamp":1608408953,"path_taken":["R_BF","?","?","M","$","M","T","?","E","R","?","M","$","M","M","BOSS","R","?","M","?","M","?","T","?","M","R","?","?","AVR","?","M","BOSS","R","?","M","M","?","R","MIM","?","M"],"items_purchased_type":["Card","Card","Card","Card"],"build_version":"2020-12-13","purchased_purges":0,"victory":false,"max_hp_per_floor":[60,60,60,60,60,60,60,60,60,60,60,60,60,60,60,60,60,70,70,70,70,70,70,70,70,70,70,70,70,70,70,70,70,70,70,70,70,70,70,70,70,70,70,70],"card_choices":[{"not_picked":["StuffTheSpire:PlasmaPulse","expansioncontent:HyperBeam"],"picked":"Swift Strike","floor":0},{"not_picked":["Slimebound:LeechEnergy","Slimebound:BestDefense"],"picked":"Slimebound:SamplingLick","floor":2},{"not_picked":["Slimebound:ComboTackle","Slimebound:LevelUp"],"picked":"Slimebound:Prepare","floor":4},{"not_picked":["Slimebound:GoopSpray","Slimebound:WasteNot"],"picked":"Slimebound:RejuvenatingLick","floor":5},{"not_picked":["Slimebound:DisruptingSlam","Slimebound:SlimeBrawl"],"picked":"Slimebound:LeechEnergy","floor":6},{"not_picked":["Slimebound:ComboTackle","Slimebound:LeechEnergy"],"picked":"Slimebound:SplitBruiser","floor":8},{"not_picked":["Slimebound:BestDefense","Slimebound:Equalize"],"picked":"Slimebound:LeechingTouch","floor":9},{"not_picked":["Slimebound:BestDefense","Slimebound:SplitAcid"],"picked":"Slimebound:SpikyOuterGoop","floor":12},{"not_picked":["Slimebound:FormOfPuddle","Slimebound:SplitAcid"],"picked":"Slimebound:SamplingLick","floor":13},{"not_picked":["Slimebound:SlimeSpikes","Slimebound:RainOfGoop"],"picked":"Slimebound:ViciousTackle","floor":14},{"not_picked":["Slimebound:SplitBruiser","Slimebound:BestDefense"],"picked":"Slimebound:PressTheAttack","floor":15},{"not_picked":["Slimebound:RallyTheTroops","Slimebound:OneTwoCombo"],"picked":"Slimebound:DouseInSlime","floor":16},{"not_picked":["Slimebound:SplitLeeching+1","Slimebound:Schlurp+1","Slimebound:SlimeSpikes+1"],"picked":"SKIP","floor":20},{"not_picked":["Slimebound:SlimeSpikes","Slimebound:FormOfPuddle"],"picked":"Slimebound:Repurpose+1","floor":21},{"not_picked":["Slimebound:SplitLeeching","Slimebound:SplitBruiser"],"picked":"Slimebound:SplitMire+1","floor":22},{"not_picked":["Slimebound:ComboTackle","Slimebound:FormOfPuddle"],"picked":"Slimebound:LeechEnergy","floor":23},{"not_picked":["Slimebound:ComboTackle","Slimebound:SlimeBrawl"],"picked":"Slimebound:Teamwork","floor":25},{"not_picked":["Slimebound:Equalize","Slimebound:SpikyOuterGoop"],"picked":"Slimebound:GoopSpray","floor":26},{"not_picked":["Slimebound:SplitLeeching","Slimebound:LeechingTouch"],"picked":"Slimebound:PressTheAttack","floor":29},{"not_picked":["Slimebound:ViciousTackle","Slimebound:HauntingLick"],"picked":"Slimebound:Gluttony","floor":32},{"not_picked":["Slimebound:DuplicatedForm","Slimebound:SelfFormingGoo"],"picked":"Slimebound:LeechLife","floor":33},{"not_picked":["Slimebound:SplitBruiser+1","Slimebound:ComboTackle+1"],"picked":"Slimebound:Repurpose","floor":37},{"not_picked":["Slimebound:SplitAcid","Slimebound:Schlurp+1"],"picked":"Slimebound:LevelUp+1","floor":38},{"not_picked":["Slimebound:ViciousTackle","Slimebound:FlameTackle+1"],"picked":"Slimebound:LevelUp+1","floor":41}],"player_experience":84677,"relics_obtained":[{"floor":1,"key":"hubris:SlimyHat"},{"floor":9,"key":"Vajra"},{"floor":24,"key":"Centennial Puzzle"},{"floor":41,"key":"hubris:Potato"},{"floor":41,"key":"Replay:Kaleidoscope"},{"floor":42,"key":"Juzu Bracelet"}],"event_choices":[{"cards_removed":["Slimebound:Defend_Slimebound"],"damage_healed":0,"gold_gain":0,"player_choice":"Purged","damage_taken":0,"max_hp_gain":0,"max_hp_loss":0,"event_name":"Purifier","floor":3,"gold_loss":0},{"damage_healed":0,"gold_gain":0,"player_choice":"Agree","damage_taken":0,"max_hp_gain":0,"max_hp_loss":0,"event_name":"conspire:LoneGhost","floor":11,"gold_loss":0},{"cards_removed":["conspire:GhostlyDefend"],"damage_healed":0,"gold_gain":0,"player_choice":"Purged","damage_taken":0,"max_hp_gain":0,"max_hp_loss":0,"event_name":"Purifier","floor":28,"gold_loss":0}],"is_beta":false,"boss_relics":[{"not_picked":["Empty Cage","infinitespire:Cupcake"],"picked":"CCEMRelics:GreenEgg"},{"not_picked":["StuffTheSpire:Kangaroo","Fusion Hammer"],"picked":"Coffee Dripper"}],"items_purged_floors":[],"is_endless":false,"potions_floor_spawned":[4,6,9,15,16,20,26,29,32,37],"killed_by":"Spire Growth","ascension_level":0}}