{"host":"1rk7fqgr1btd4nmm","time":1608356767,"event":{"mods":["Aspiration","BaseMod","Better Altar","Better Match","Better Note","Better Sensory Stone","Better Skull","Conspire","Halation","Hubris","Infinite Spire","Minty Spire (QoL Compilation)","Quick Restart","Replay The Spire","StSLib"],"gold_per_floor":[117,132,152,163,183,218,218,248,295,295,309,328,344,344,344,439,439,458,458,156,156,156,156,189,189,214,214,229,258,357,374,374,374,374],"floor_reached":33,"playtime":3158,"items_purged":[],"score":382,"play_id":"c0f8effd-2556-4914-a810-414989730c20","local_time":"20201218234607","is_ascension_mode":true,"campfire_choices":[{"floor":7.0,"key":"REST"},{"floor":15.0,"key":"REST"},{"data":"ReplayTheSpireMod:From All Sides","floor":23.0,"key":"SMITH"},{"data":"ReplayTheSpireMod:Scrap Shanks","floor":32.0,"key":"SMITH"}],"circlet_count":0,"master_deck":["Strike_G+1","Strike_G+1","Strike_G+1","Strike_G+1","Strike_G+1","Defend_G+1","Defend_G+1","Defend_G+1","Defend_G+1","Defend_G+1","Survivor","Neutralize","ReplayTheSpireMod:Scrap Shanks+1","Dodge and Roll","Cloak And Dagger","ReplayTheSpireMod:From All Sides+1","Heel Hook","ReplayTheSpireMod:Exploit Weakness","Footwork","Hidden Blade","Outmaneuver","Deflect","Storm of Steel","Dodge and Roll","Secret Weapon","Enlightenment","Cloak And Dagger","infinitespire:Menacing","Masterful Stab","Catalyst+1","Well Laid Plans"],"relics":["Ring of the Snake","hubris:TenFootPole","aspiration:TomeofQuesting","Anchor","Busted Crown","hubris:BottledHeart","ReplayTheSpireMod:TigerMarble","halation:Jellyphish","Gremlin Horn","Akabeko","halation:Komachan","halation:LoveArrow","halation:Toothbrush","Blue Candle"],"acts_visited":["Exordium","TheCity"],"potions_floor_usage":[33,33],"damage_taken":[{"damage":2.0,"enemies":"2 Louse","floor":1.0,"turns":3.0},{"damage":4.0,"enemies":"Cultist","floor":2.0,"turns":5.0},{"damage":0.0,"enemies":"Jaw Worm","floor":3.0,"turns":6.0},{"damage":0.0,"enemies":"Looter","floor":4.0,"turns":4.0},{"damage":9.0,"enemies":"Blue Slaver","floor":5.0,"turns":4.0},{"damage":31.0,"enemies":"Gremlin Nob","floor":6.0,"turns":6.0},{"damage":29.0,"enemies":"Lagavulin","floor":8.0,"turns":9.0},{"damage":0.0,"enemies":"2 Fungi Beasts","floor":11.0,"turns":4.0},{"damage":0.0,"enemies":"Exordium Thugs","floor":12.0,"turns":6.0},{"damage":9.0,"enemies":"3 Louse","floor":13.0,"turns":4.0},{"damage":37.0,"enemies":"The Guardian","floor":16.0,"turns":12.0},{"damage":7.0,"enemies":"3 Byrds","floor":18.0,"turns":8.0},{"damage":0.0,"enemies":"conspire:SneckoGhost","floor":24.0,"turns":9.0},{"damage":0.0,"enemies":"Spheric Guardian","floor":28.0,"turns":5.0},{"damage":0.0,"enemies":"Slavers","floor":29.0,"turns":1.0},{"damage":0.0,"enemies":"Snake Plant","floor":31.0,"turns":4.0},{"damage":3,"enemies":"Pondfish","floor":33,"turns":10}],"seed_played":"-8766298304461149441","potions_obtained":[{"floor":1.0,"key":"SteroidPotion"},{"floor":6.0,"key":"Block Potion"},{"floor":8.0,"key":"infinitespire:BlackPotion"},{"floor":12.0,"key":"ColorlessPotion"},{"floor":16.0,"key":"Swift Potion"},{"floor":18.0,"key":"Swift Potion"},{"floor":31.0,"key":"AttackPotion"}],"is_trial":false,"path_per_floor":["M","M","M","M","M","E","R","E","T","?","M","M","M","?","R","B",null,"M","?","$","?","?","R","E","?","T","AVR","M","E","?","M","R","B"],"character_chosen":"THE_SILENT","items_purchased":["ReplayTheSpireMod:TigerMarble","halation:Jellyphish"],"campfire_rested":2,"item_purchase_floors":[20,20],"current_hp_per_floor":[75,71,71,71,62,31,54,25,25,25,25,25,16,16,39,2,77,70,1,1,1,1,1,1,1,1,1,1,1,1,1,1,0,0],"gold":374,"neow_bonus":"TEN_PERCENT_HP_BONUS","is_daily":false,"chose_seed":false,"campfire_upgraded":2,"win_rate":0.0,"timestamp":1608356767,"path_taken":["M","M","M","M","M","E","R","E","T","?","M","M","?","?","R","BOSS","M","?","$","?","?","R","E","?","T","AVR","M","E","?","M","R","BOSS"],"items_purchased_type":["Relic","Relic"],"build_version":"2020-12-13","purchased_purges":0,"victory":false,"max_hp_per_floor":[77,77,77,77,77,77,77,77,77,77,77,77,77,77,77,77,77,77,1,1,1,1,1,1,1,1,1,1,1,1,1,1,1,1],"card_choices":[{"not_picked":["Cloak And Dagger","Quick Slash"],"picked":"ReplayTheSpireMod:Scrap Shanks","floor":1.0},{"not_picked":["Blur","PiercingWail"],"picked":"Dodge and Roll","floor":2.0},{"not_picked":["Flechettes","Quick Slash"],"picked":"Cloak And Dagger","floor":3.0},{"not_picked":["Endless Agony","Quick Slash"],"picked":"Choke","floor":4.0},{"not_picked":["Bane","PiercingWail"],"picked":"ReplayTheSpireMod:From All Sides","floor":5.0},{"not_picked":["Setup","PiercingWail"],"picked":"Heel Hook","floor":6.0},{"not_picked":["Infinite Blades","Dagger Spray"],"picked":"ReplayTheSpireMod:Exploit Weakness","floor":8.0},{"not_picked":["hubris:SlightOfHand","Bane"],"picked":"Hidden Blade","floor":11.0},{"not_picked":["Deadly Poison","Endless Agony"],"picked":"Outmaneuver","floor":12.0},{"not_picked":["Hidden Blade","Dodge and Roll"],"picked":"Deflect","floor":13.0},{"not_picked":["infinitespire:Neurotoxin","ReplayTheSpireMod:Necrosis"],"picked":"Storm of Steel","floor":16.0},{"not_picked":[],"picked":"Dodge and Roll","floor":18.0},{"not_picked":[],"picked":"Secret Weapon","floor":22.0},{"not_picked":[],"picked":"Enlightenment","floor":22.0},{"not_picked":[],"picked":"Cloak And Dagger","floor":24.0},{"not_picked":["infinitespire:Execution","ReplayTheSpireMod:Haul"],"picked":"infinitespire:Menacing","floor":25.0},{"not_picked":[],"picked":"Masterful Stab","floor":28.0},{"not_picked":[],"picked":"Catalyst+1","floor":29.0},{"not_picked":[],"picked":"Well Laid Plans","floor":31.0}],"player_experience":477528,"relics_obtained":[{"floor":6.0,"key":"hubris:TenFootPole"},{"floor":8.0,"key":"aspiration:TomeofQuesting"},{"floor":9.0,"key":"Anchor"},{"floor":24.0,"key":"Gremlin Horn"},{"floor":26.0,"key":"Akabeko"},{"floor":29.0,"key":"halation:Toothbrush"}],"event_choices":[{"damage_healed":0.0,"max_hp_gain":0.0,"max_hp_loss":0.0,"gold_gain":0.0,"cards_transformed":["Choke"],"event_name":"Transmorgrifier","player_choice":"Transformed","floor":10.0,"gold_loss":0.0,"damage_taken":0.0,"cards_obtained":["Footwork"]},{"damage_healed":0.0,"max_hp_gain":0.0,"max_hp_loss":0.0,"gold_gain":0.0,"event_name":"conspire:Investor","player_choice":"Leave","floor":14.0,"gold_loss":0.0,"damage_taken":0.0},{"damage_healed":0.0,"max_hp_gain":0.0,"max_hp_loss":0.0,"gold_gain":0.0,"event_name":"Back to Basics","player_choice":"Simplicity","floor":21.0,"gold_loss":0.0,"damage_taken":0.0,"cards_upgraded":["Strike_G","Strike_G","Strike_G","Strike_G","Strike_G","Defend_G","Defend_G","Defend_G","Defend_G","Defend_G"]},{"damage_healed":0.0,"max_hp_gain":0.0,"max_hp_loss":0.0,"gold_gain":2.0,"event_name":"betterStone:BetterStone","player_choice":"1","floor":22.0,"gold_loss":0.0,"damage_taken":0.0},{"damage_healed":0.0,"max_hp_gain":0.0,"max_hp_loss":0.0,"gold_gain":99.0,"event_name":"Nest","player_choice":"Stole From Cult","floor":30.0,"gold_loss":0.0,"damage_taken":0.0}],"is_beta":false,"boss_relics":[{"not_picked":["Fusion Hammer","Painkiller Herb"],"picked":"Busted Crown"}],"items_purged_floors":[],"is_endless":false,"potions_floor_spawned":[1,6,8,12,16,18,31],"killed_by":"Pondfish","ascension_level":2}}