{"host":"61ejhfsushs0xmcl","time":1608376246,"event":{"mods":["ATMod(阿瑾Mod)","Act Like it!","BaseMod","Colored Map","Gold Saver","Marisa（F雨　魔理沙）","Minty Spire (QoL Compilation)","MostiFishMod","Replay The Spire","Robot Space Explorer","Spicy Shops","StSLib","TestMod","The Alterego","Waifu the Spire","[地精首领爬塔]The Maniac","篝火指南"],"gold_per_floor":[822,772,328,398,439,439,498,498,498,559,625,734,875,926,926,1055,1055,1098,1078,998,1040,501,585,585,653,653,744,844,844,883,992,992,1115,1115,1201,630,769,887,932,989,1078,1122,1122,1251,1251,1311,1311,1349,1349,1474,1474,1474,576,652,677],"floor_reached":56,"playtime":2322,"items_purged":["Regret","alterego_mod:Strike","alterego_mod:BrynhildrsRune","alterego_mod:HighServant+1","alterego_mod:Strike","alterego_mod:SakuraPetals+1"],"score":1773,"play_id":"4685e3b1-a21c-4bd2-b856-eba996979964","local_time":"20201219191046","is_ascension_mode":true,"campfire_choices":[{"data":"alterego_mod:Stockings","floor":6.0,"key":"SMITH"},{"data":"AT_EssenceShift","floor":8.0,"key":"SMITH"},{"data":"alterego_mod:TrashNCrash","floor":15.0,"key":"SMITH"},{"data":"alterego_mod:Punishment","floor":24.0,"key":"SMITH"},{"data":"alterego_mod:Belts","floor":29.0,"key":"SMITH"},{"floor":32.0,"key":"RECALL"},{"data":"alterego_mod:IndependentAction","floor":45,"key":"SMITH"},{"data":"alterego_mod:Jiggle","floor":49,"key":"PURGE"},{"data":"alterego_mod:Weigh+1","floor":52,"key":"PURGE"}],"circlet_count":0,"master_deck":["alterego_mod:Defend","alterego_mod:Defend","alterego_mod:Defend","alterego_mod:Defend","alterego_mod:IdEs+1","AT_EssenceShift+1","alterego_mod:Stockings+1","alterego_mod:Belts+1","alterego_mod:AlterEgo+1","alterego_mod:TrashNCrash+1","alterego_mod:Punishment+1","alterego_mod:SakuraFive+1","alterego_mod:BustOut+1","alterego_mod:IndependentAction+1","alterego_mod:Tantrum+1","alterego_mod:Nekomimi+1","alterego_mod:Cushion+1","AT_PowerWithin","alterego_mod:Rip+1"],"relics":["alterego_mod:MasochisticConstitution","testmod-TestBox","DaveBox","AT_ATBox","testmod-PortableAltar","Technique","Question Card","AT_RabadonDeathcap","AT_MibuBalloonWealth","BrkXgEgg","AT_ImmortalShieldbow","AT_Kusabimaru","Garlic","ImportantClient","testmod-HarvestTotem","AT_RedNoBalance","Ice Cream","Calipers","testmod-AssaultLearning","Akabeko","Astrolabe","Omamori","testmod-Brilliant","testmod-FatalChain","Peace Pipe","HornCleat","AT_RedTearstoneRing","Bag of Preparation","OrangePellets","Replay:Bottled Snecko","Lee\u0027s Waffle","testmod-TurbochargingSystem"],"acts_visited":["Exordium","TheCity","TheBeyond","TheEnding"],"potions_floor_usage":[53,55,55,55,55,55],"damage_taken":[{"damage":9.0,"enemies":"2 Louse","floor":1.0,"turns":2.0},{"damage":12.0,"enemies":"Small Slimes","floor":4.0,"turns":2.0},{"damage":7.0,"enemies":"Cultist","floor":5.0,"turns":3.0},{"damage":6.0,"enemies":"Lagavulin","floor":7.0,"turns":4.0},{"damage":0.0,"enemies":"2 Fungi Beasts","floor":11.0,"turns":2.0},{"damage":20.0,"enemies":"3 Sentries","floor":12.0,"turns":4.0},{"damage":7.0,"enemies":"Lots of Slimes","floor":13.0,"turns":4.0},{"damage":21.0,"enemies":"Replay:BlueRogue","floor":14.0,"turns":5.0},{"damage":14.0,"enemies":"The Guardian","floor":16.0,"turns":7.0},{"damage":25.0,"enemies":"Spheric Guardian","floor":18.0,"turns":4.0},{"damage":0.0,"enemies":"Shell Parasite","floor":21.0,"turns":2.0},{"damage":11.0,"enemies":"Gremlin Leader","floor":23.0,"turns":3.0},{"damage":7.0,"enemies":"Centurion and Healer","floor":25.0,"turns":3.0},{"damage":0.0,"enemies":"3 Cultists","floor":27.0,"turns":3.0},{"damage":40.0,"enemies":"Slavers","floor":28.0,"turns":4.0},{"damage":10.0,"enemies":"Snake Plant","floor":30.0,"turns":2.0},{"damage":12.0,"enemies":"Gremlin Leader","floor":31.0,"turns":3.0},{"damage":7.0,"enemies":"Champ","floor":33.0,"turns":6.0},{"damage":3,"enemies":"3 Shapes","floor":35,"turns":4},{"damage":0,"enemies":"3 Darklings","floor":37,"turns":1},{"damage":0,"enemies":"4 Shapes","floor":38,"turns":1},{"damage":10,"enemies":"Spire Growth","floor":39,"turns":3},{"damage":22,"enemies":"R_Hoarder","floor":40,"turns":3},{"damage":0,"enemies":"Jaw Worm Horde","floor":41,"turns":1},{"damage":0,"enemies":"Writhing Mass","floor":42,"turns":1},{"damage":12,"enemies":"Reptomancer","floor":44,"turns":4},{"damage":29,"enemies":"R_Hoarder","floor":46,"turns":4},{"damage":1,"enemies":"Spire Growth","floor":48,"turns":2},{"damage":13,"enemies":"Awakened One","floor":50,"turns":4},{"damage":35,"enemies":"Shield and Spear","floor":54,"turns":4},{"damage":72,"enemies":"The Heart","floor":55,"turns":8}],"seed_played":"-6753301408181957596","potions_obtained":[{"floor":1.0,"key":"Energy Potion"},{"floor":7.0,"key":"Regen Potion"},{"floor":10.0,"key":"Strength Potion"},{"floor":12.0,"key":"EntropicBrew"},{"floor":14.0,"key":"BlessingOfTheForge"},{"floor":23.0,"key":"FearPotion"},{"floor":54,"key":"DuplicationPotion"}],"is_trial":false,"path_per_floor":["M","?","$","M","M","R","E","R","T","?","M","E","M","E","R","B",null,"M","?","$","M","$","E","R","M","T","M","E","R","M","E","R_BF","B",null,"M","$","M","M","M","E","M","M","T","E","R","E","?","M","R","B",null,"R","$","E","B",null],"character_chosen":"The_Alterego","items_purchased":["AT_RabadonDeathcap","AT_MibuBalloonWealth","BrkXgEgg","AT_SilverBalance","Ice Cream","Omamori","AT_PowerWithin","testmod-Brilliant","AT_RedTearstoneRing","Bag of Preparation","testmod-SpacePotion","OrangePellets","Replay:Bottled Snecko","Lee\u0027s Waffle"],"campfire_rested":0,"item_purchase_floors":[3,3,3,22,22,36,36,36,53,53,53,53,53,53],"current_hp_per_floor":[61,61,61,50,44,44,39,39,39,23,23,20,22,13,13,62,122,100,100,100,100,100,52,52,49,49,49,112,112,106,98,98,115,119,119,119,118,117,110,92,92,92,92,84,84,83,83,86,86,77,116,115,128,96,130],"gold":677,"neow_bonus":"ONE_RANDOM_RARE_CARD","is_daily":false,"chose_seed":false,"campfire_upgraded":6,"win_rate":0.0,"timestamp":1608376246,"path_taken":["M","?","$","M","M","R","E","R","T","?","?","E","M","E","R","BOSS","M","?","$","M","$","E","R","M","T","M","E","R","M","E","R_BF","BOSS","M","$","M","?","M","E","M","M","T","E","R","E","?","?","R","BOSS","R","$","E","BOSS"],"items_purchased_type":["Relic","Relic","Relic","Relic","Relic","Relic","Card","Relic","Relic","Relic","Potion","Relic","Relic","Relic"],"build_version":"2020-12-13","purchased_purges":6,"victory":true,"max_hp_per_floor":[70,69,68,68,68,67,67,66,65,64,63,63,63,63,62,62,122,123,122,121,120,119,120,119,120,119,118,119,118,119,120,119,120,119,120,119,118,117,118,119,118,117,116,117,116,117,116,117,116,117,116,115,128,129,130],"card_choices":[{"not_picked":["alterego_mod:Bunnysuit","alterego_mod:TrashNCrash"],"picked":"alterego_mod:Stockings","floor":1.0},{"not_picked":["alterego_mod:MagicResistance","alterego_mod:Birthday","alterego_mod:Cooking","alterego_mod:Swimsuit"],"picked":"SKIP","floor":4.0},{"not_picked":["alterego_mod:SideboobHour+1","alterego_mod:Cooking","alterego_mod:Belle","alterego_mod:DestructionOfProperty"],"picked":"SKIP","floor":5.0},{"not_picked":["alterego_mod:BiFurious","alterego_mod:Cooking","alterego_mod:PerceptionDisorder","alterego_mod:Skirt"],"picked":"SKIP","floor":7.0},{"not_picked":["alterego_mod:Maid","alterego_mod:Cooking","alterego_mod:Cycle"],"picked":"alterego_mod:Belts","floor":10.0},{"not_picked":["alterego_mod:Rip","alterego_mod:Cooking","alterego_mod:Undulate","alterego_mod:1TonWallop"],"picked":"SKIP","floor":11.0},{"not_picked":["alterego_mod:Support","alterego_mod:AlterEgo+1","alterego_mod:SideboobHour+1","alterego_mod:Belle"],"picked":"SKIP","floor":12.0},{"not_picked":["alterego_mod:Support","alterego_mod:SideboobHour+1","alterego_mod:Belle"],"picked":"alterego_mod:AlterEgo+1","floor":12.0},{"not_picked":["alterego_mod:RidiculouslyBig","alterego_mod:Punishment","alterego_mod:DiscoLights"],"picked":"alterego_mod:TrashNCrash","floor":13.0},{"not_picked":["alterego_mod:Nekomimi","alterego_mod:Bunnysuit","alterego_mod:1TonWallop","alterego_mod:Clones"],"picked":"SKIP","floor":14.0},{"not_picked":["alterego_mod:Skirt+1","alterego_mod:Cycle","alterego_mod:Schoolgirl+1"],"picked":"alterego_mod:Punishment","floor":18.0},{"not_picked":["alterego_mod:Punishment","alterego_mod:Undulate","alterego_mod:PainIsPleasure+1"],"picked":"alterego_mod:SakuraFive+1","floor":21.0},{"not_picked":["alterego_mod:BiFurious","alterego_mod:BusterCard","alterego_mod:SuperDuperMasochism+1","alterego_mod:Cooking"],"picked":"SKIP","floor":23.0},{"not_picked":["alterego_mod:MagicResistance+1","alterego_mod:Mirror","alterego_mod:Support","alterego_mod:BeGentle+1"],"picked":"SKIP","floor":25.0},{"not_picked":["alterego_mod:RocketPunch","alterego_mod:Clones","alterego_mod:Maid+1"],"picked":"alterego_mod:BustOut+1","floor":27.0},{"not_picked":["alterego_mod:GoddessCore","alterego_mod:Lingerie","alterego_mod:SakuraLabyrinth+1","alterego_mod:Jiggle+1"],"picked":"SKIP","floor":28.0},{"not_picked":["alterego_mod:SakuraFive","alterego_mod:PerceptionDisorder","alterego_mod:DeftHands+1"],"picked":"alterego_mod:IndependentAction","floor":30.0},{"not_picked":["alterego_mod:Bloomers","alterego_mod:Exercise","alterego_mod:Punishment","alterego_mod:Clones+1"],"picked":"SKIP","floor":31.0},{"not_picked":["alterego_mod:Rake+1","alterego_mod:Valkyrie+1","alterego_mod:IdEs+1"],"picked":"alterego_mod:Tantrum+1","floor":33.0},{"not_picked":["alterego_mod:HighServant","alterego_mod:DeftHands+1","alterego_mod:Birthday"],"picked":"alterego_mod:Cushion+1","floor":35},{"not_picked":["alterego_mod:1TonWallop+1","alterego_mod:DeftHands","alterego_mod:SuperDuperMasochism+1","alterego_mod:RocketPunch+1"],"picked":"SKIP","floor":37},{"not_picked":["alterego_mod:Bounce+1","alterego_mod:Maid+1","alterego_mod:Cooking+1"],"picked":"alterego_mod:Weigh+1","floor":38},{"not_picked":["alterego_mod:Swimsuit","alterego_mod:DustData+1","alterego_mod:PerceptionDisorder","alterego_mod:Complex"],"picked":"SKIP","floor":39},{"not_picked":["alterego_mod:Smother","alterego_mod:PurpleHair","alterego_mod:DiscoLights"],"picked":"alterego_mod:Rip+1","floor":40},{"not_picked":["alterego_mod:Cooking+1","alterego_mod:PerceptionDisorder","alterego_mod:Cycle+1"],"picked":"alterego_mod:Antipathy+1","floor":41},{"not_picked":["alterego_mod:1TonWallop","alterego_mod:MagicResistance","alterego_mod:TrashNCrash+1","alterego_mod:Nekomimi"],"picked":"SKIP","floor":42},{"not_picked":["alterego_mod:Support+1","alterego_mod:InsideBaseball+1","alterego_mod:Bounce+1","alterego_mod:Cooking"],"picked":"SKIP","floor":44},{"not_picked":["alterego_mod:GachaTicket+1","alterego_mod:1TonWallop+1","alterego_mod:Pet+1","alterego_mod:Valentines+1"],"picked":"SKIP","floor":46},{"not_picked":["alterego_mod:HighServant","alterego_mod:Maid","alterego_mod:PerceptionDisorder","alterego_mod:Undulate"],"picked":"SKIP","floor":48},{"not_picked":["alterego_mod:Maid","alterego_mod:STier+1","alterego_mod:Pet+1","alterego_mod:Birthday"],"picked":"SKIP","floor":54}],"player_experience":811794,"relics_obtained":[{"floor":1.0,"key":"Question Card"},{"floor":9.0,"key":"AT_ImmortalShieldbow"},{"floor":12.0,"key":"AT_Kusabimaru"},{"floor":14.0,"key":"Garlic"},{"floor":16.0,"key":"ImportantClient"},{"floor":23.0,"key":"Calipers"},{"floor":28.0,"key":"testmod-AssaultLearning"},{"floor":31.0,"key":"Akabeko"},{"floor":43,"key":"testmod-FatalChain"},{"floor":44,"key":"Peace Pipe"},{"floor":46,"key":"HornCleat"},{"floor":54,"key":"testmod-TurbochargingSystem"}],"event_choices":[{"cards_removed":["alterego_mod:Impale"],"damage_healed":0.0,"max_hp_gain":0.0,"max_hp_loss":0.0,"gold_gain":0.0,"event_name":"The Cleric","player_choice":"Card Removal","floor":2.0,"gold_loss":50.0,"damage_taken":0.0},{"damage_healed":0.0,"max_hp_gain":0.0,"max_hp_loss":0.0,"gold_gain":0.0,"event_name":"The Woman in Blue","player_choice":"Bought 1 Potion","floor":19.0,"gold_loss":0.0,"damage_taken":0.0},{"damage_healed":0,"gold_gain":0,"cards_transformed":["alterego_mod:Antipathy"],"player_choice":"Transformed","damage_taken":0,"max_hp_gain":0,"max_hp_loss":0,"event_name":"Transmorgrifier","floor":47,"gold_loss":0,"cards_obtained":["alterego_mod:Jiggle"]}],"is_beta":false,"boss_relics":[{"not_picked":["testmod-StringDisintegrator","TimeKeys"],"picked":"testmod-HarvestTotem"},{"not_picked":["Honey Jar","testmod-KeyOfTheVoid"],"picked":"Astrolabe"}],"items_purged_floors":[3,20,22,36,36,53],"is_endless":false,"potions_floor_spawned":[1,7,11,12,14,16,23,25,28,31,33,35,39,40,42,46,54],"ascension_level":4}}