{"host":"egyxg9lnjq7g2hmw","time":1608359611,"event":{"mods":["AchievementEnabler","BaseMod","Block Reminder","Colored Map","Colored Powertips","Highlight Path","Minty Spire (QoL Compilation)","Rare Cards Sparkle","StSLib"],"gold_per_floor":[112,131,56,26,38,66,78,78,129,158,158,170,170,182,182,182,182],"floor_reached":16,"playtime":797,"items_purged":[],"score":224,"play_id":"0133b2e2-7217-4ee5-8aa3-baebc01bbd65","local_time":"20201218223331","is_ascension_mode":true,"campfire_choices":[{"floor":8.0,"key":"REST"},{"data":"Burst","floor":13.0,"key":"SMITH"},{"floor":15.0,"key":"REST"}],"circlet_count":0,"master_deck":["AscendersBane","Strike_G","Strike_G","Strike_G","Strike_G","Defend_G","Defend_G","Defend_G","Defend_G","Defend_G","Survivor","Neutralize","Backflip","Dash","Poisoned Stab","Deadly Poison","Flying Knee","Bouncing Flask","Burst+1","Footwork","Deadly Poison"],"relics":["Ring of the Snake","Prayer Wheel","Darkstone Periapt","Strawberry","Art of War","Bag of Preparation"],"acts_visited":["Exordium"],"potions_floor_usage":[],"damage_taken":[{"damage":0.0,"enemies":"2 Louse","floor":1.0,"turns":3.0},{"damage":1.0,"enemies":"Small Slimes","floor":2.0,"turns":4.0},{"damage":0.0,"enemies":"Jaw Worm","floor":5.0,"turns":3.0},{"damage":22.0,"enemies":"3 Sentries","floor":6.0,"turns":12.0},{"damage":0.0,"enemies":"Gremlin Gang","floor":7.0,"turns":4.0},{"damage":24.0,"enemies":"Gremlin Nob","floor":10.0,"turns":4.0},{"damage":5.0,"enemies":"3 Louse","floor":12.0,"turns":4.0},{"damage":6.0,"enemies":"Large Slime","floor":14.0,"turns":7.0},{"damage":41,"enemies":"Slime Boss","floor":16,"turns":6}],"seed_played":"4745928797801397532","potions_obtained":[{"floor":5.0,"key":"SkillPotion"},{"floor":7.0,"key":"GamblersBrew"},{"floor":10.0,"key":"Explosive Potion"}],"is_trial":false,"path_per_floor":["M","M","?","$","M","E","M","R","T","E","?","M","R","M","R","B"],"character_chosen":"THE_SILENT","items_purchased":["Deadly Poison"],"campfire_rested":2,"item_purchase_floors":[4],"current_hp_per_floor":[44,43,43,43,43,21,21,40,47,23,23,18,18,12,33,0,0],"gold":182,"neow_bonus":"ONE_RARE_RELIC","is_daily":false,"chose_seed":false,"campfire_upgraded":1,"win_rate":0.0,"timestamp":1608359611,"path_taken":["M","M","?","$","M","E","M","R","T","E","?","M","R","M","R","BOSS"],"items_purchased_type":["Card"],"build_version":"2020-12-13","purchased_purges":0,"victory":false,"max_hp_per_floor":[66,66,66,66,66,66,66,66,73,73,73,73,73,73,73,73,73],"card_choices":[{"not_picked":["Sucker Punch","Flying Knee"],"picked":"Backflip","floor":1.0},{"not_picked":["Expertise","Outmaneuver"],"picked":"Dash","floor":1.0},{"not_picked":["Bane","Heel Hook"],"picked":"Poisoned Stab","floor":2.0},{"not_picked":["Dodge and Roll","Distraction","Dash"],"picked":"SKIP","floor":2.0},{"not_picked":["Dodge and Roll","Distraction","Dash"],"picked":"SKIP","floor":2.0},{"not_picked":["A Thousand Cuts","PiercingWail"],"picked":"Flying Knee","floor":5.0},{"not_picked":["Deflect","Cloak And Dagger","PiercingWail"],"picked":"SKIP","floor":5.0},{"not_picked":["PiercingWail","Blade Dance","Heel Hook"],"picked":"SKIP","floor":6.0},{"not_picked":["Flechettes","Acrobatics"],"picked":"Bouncing Flask","floor":7.0},{"not_picked":["Dodge and Roll","Flying Knee","Grand Finale"],"picked":"SKIP","floor":7.0},{"not_picked":["Concentrate","Dodge and Roll"],"picked":"Burst","floor":10.0},{"not_picked":["Backflip","Outmaneuver"],"picked":"Footwork","floor":12.0},{"not_picked":["PiercingWail","Slice","Finisher"],"picked":"SKIP","floor":12.0},{"not_picked":["Sucker Punch","Poisoned Stab"],"picked":"Deadly Poison","floor":14.0},{"not_picked":["Endless Agony","All Out Attack","Dodge and Roll"],"picked":"SKIP","floor":14.0}],"player_experience":528868,"relics_obtained":[{"floor":6.0,"key":"Darkstone Periapt"},{"floor":9.0,"key":"Strawberry"},{"floor":10.0,"key":"Art of War"}],"event_choices":[{"cards_removed":["Strike_G"],"damage_healed":0.0,"max_hp_gain":0.0,"max_hp_loss":0.0,"gold_gain":0.0,"event_name":"The Cleric","player_choice":"Card Removal","floor":3.0,"gold_loss":75.0,"damage_taken":0.0},{"damage_healed":0.0,"max_hp_gain":0.0,"max_hp_loss":0.0,"gold_gain":0.0,"event_name":"Dead Adventurer","player_choice":"Searched \u00271\u0027 times","floor":11.0,"gold_loss":0.0,"damage_taken":0.0,"relics_obtained":["Bag of Preparation"]}],"is_beta":false,"boss_relics":[],"items_purged_floors":[],"is_endless":false,"potions_floor_spawned":[5,7,10],"killed_by":"Slime Boss","ascension_level":20}}