{"host":"61r95uy0hn86b9iu","time":1608347259,"event":{"mods":["AchievementEnabler","BaseMod","Better Vampires","BetterRewards","Colored Powertips","Hubris","Minty Spire (QoL Compilation)","Shop Mod","StSLib"],"gold_per_floor":[119,138,288,48,48,48,75,75,102,102,72,72,91,131,131,217,217,241,241,166,166,216,254,254,279,279,279,316,111,111,140,140,226,226,245,41,41,41],"floor_reached":37,"playtime":954,"items_purged":["Doubt","Strike_G","Strike_G"],"score":828,"play_id":"24529c13-dd5d-43e5-a93b-dd5f52f16499","local_time":"20201218210739","is_ascension_mode":true,"campfire_choices":[{"data":"Neutralize","floor":6.0,"key":"SMITH"},{"data":"Poisoned Stab","floor":8.0,"key":"SMITH"},{"data":"Footwork","floor":10.0,"key":"SMITH"},{"floor":12.0,"key":"REST"},{"data":"Flechettes","floor":15.0,"key":"SMITH"},{"floor":24.0,"key":"REST"},{"data":"Adrenaline","floor":27.0,"key":"SMITH"},{"floor":30.0,"key":"REST"},{"floor":32.0,"key":"REST"}],"circlet_count":0,"master_deck":["AscendersBane","Strike_G","Strike_G+1","Defend_G","Defend_G","Defend_G","Defend_G","Defend_G","Survivor","Neutralize+1","Catalyst+1","Footwork+1","Poisoned Stab+1","Deadly Poison","Flechettes+1","Venomology","Backflip+1","Adrenaline+1","Noxious Fumes","Caltrops+1","Tactician","Doppelganger","Poisoned Stab","Footwork+1"],"relics":["Ring of the Snake","NeowsBlessing","Art of War","Potion Belt","CeramicFish","hubris:SlimyHat","hubris:Stopwatch","Ginger","hubris:TinFlute","Frozen Egg 2","MerchantsRug","Busted Crown"],"acts_visited":["Exordium","TheCity","TheBeyond"],"potions_floor_usage":[],"damage_taken":[{"damage":0.0,"enemies":"Jaw Worm","floor":1.0,"turns":1.0},{"damage":0.0,"enemies":"Small Slimes","floor":2.0,"turns":1.0},{"damage":0.0,"enemies":"3 Sentries","floor":7.0,"turns":2.0},{"damage":0.0,"enemies":"Cultist","floor":13.0,"turns":4.0},{"damage":7.0,"enemies":"Lagavulin","floor":14.0,"turns":4.0},{"damage":11.0,"enemies":"Hexaghost","floor":16.0,"turns":10.0},{"damage":14.0,"enemies":"2 Thieves","floor":18.0,"turns":5.0},{"damage":0.0,"enemies":"Chosen","floor":19.0,"turns":3.0},{"damage":25.0,"enemies":"Slavers","floor":23.0,"turns":6.0},{"damage":0.0,"enemies":"Shelled Parasite and Fungi","floor":25.0,"turns":4.0},{"damage":52.0,"enemies":"Book of Stabbing","floor":28.0,"turns":7.0},{"damage":15.0,"enemies":"Snecko","floor":31.0,"turns":4.0},{"damage":58.0,"enemies":"Collector","floor":33.0,"turns":9.0},{"damage":1.0,"enemies":"Orb Walker","floor":35.0,"turns":3.0},{"damage":60,"enemies":"3 Darklings","floor":37,"turns":4}],"seed_played":"7180886419386703784","potions_obtained":[{"floor":2.0,"key":"CunningPotion"},{"floor":7.0,"key":"FairyPotion"},{"floor":11.0,"key":"GhostInAJar"},{"floor":11.0,"key":"Regen Potion"},{"floor":16.0,"key":"LiquidMemories"},{"floor":18.0,"key":"Explosive Potion"},{"floor":28.0,"key":"SneckoOil"},{"floor":35.0,"key":"EssenceOfSteel"}],"is_trial":false,"path_per_floor":["M","M","?","$","?","R","E","R","T","R","?","R","M","E","R","B",null,"M","M","?","T","?","E","R","M","T","R","E","$","R","M","R","B",null,"M","$","M"],"character_chosen":"THE_SILENT","items_purchased":["Art of War","MerchantsRug","Footwork+1"],"campfire_rested":4,"item_purchase_floors":[4,29,36],"current_hp_per_floor":[59,59,59,59,39,39,39,39,39,39,39,58,58,51,51,55,63,49,49,49,49,49,24,43,43,43,43,6,6,25,10,29,1,50,49,49,0,0],"gold":41,"neow_bonus":"THREE_ENEMY_KILL","is_daily":false,"chose_seed":false,"campfire_upgraded":5,"win_rate":0.0,"timestamp":1608347259,"path_taken":["M","M","?","$","?","R","E","R","T","R","?","R","?","E","R","BOSS","M","?","?","?","?","E","R","?","T","R","E","$","R","M","R","BOSS","M","$","M"],"items_purchased_type":["Relic","Relic","Card"],"build_version":"2020-12-13","purchased_purges":3,"victory":false,"max_hp_per_floor":[66,66,66,66,66,66,66,66,66,66,66,66,66,66,66,66,66,66,66,66,66,66,66,66,66,66,66,66,66,66,66,66,66,66,66,66,66,66],"card_choices":[{"not_picked":["Deflect","Cloak And Dagger"],"picked":"Catalyst","floor":1.0},{"not_picked":["hubris:Sniper","Backflip"],"picked":"Footwork","floor":2.0},{"not_picked":["hubris:Counter","Envenom"],"picked":"Poisoned Stab","floor":7.0},{"not_picked":["Expertise","Dodge and Roll"],"picked":"Deadly Poison","floor":13.0},{"not_picked":["Poisoned Stab","Eviscerate"],"picked":"Flechettes","floor":14.0},{"not_picked":["Grand Finale","Wraith Form v2"],"picked":"Venomology","floor":16.0},{"not_picked":["Dagger Throw","Sucker Punch"],"picked":"Backflip+1","floor":18.0},{"not_picked":["Underhanded Strike","Poisoned Stab"],"picked":"Adrenaline","floor":23.0},{"not_picked":["Blur","Finisher"],"picked":"Noxious Fumes","floor":25.0},{"not_picked":["PiercingWail","Deflect"],"picked":"Caltrops+1","floor":28.0},{"not_picked":["PiercingWail","Prepared"],"picked":"Tactician","floor":31.0},{"not_picked":["Storm of Steel","A Thousand Cuts+1"],"picked":"Doppelganger","floor":33.0},{"not_picked":[],"picked":"Poisoned Stab","floor":35.0}],"player_experience":3162398,"relics_obtained":[{"floor":7.0,"key":"Potion Belt"},{"floor":9.0,"key":"CeramicFish"},{"floor":14.0,"key":"hubris:SlimyHat"},{"floor":21.0,"key":"hubris:Metronome"},{"floor":23.0,"key":"Ginger"},{"floor":26.0,"key":"hubris:TinFlute"},{"floor":28.0,"key":"Frozen Egg 2"}],"event_choices":[{"damage_healed":0.0,"max_hp_gain":0.0,"max_hp_loss":0.0,"gold_gain":150.0,"event_name":"Liars Game","player_choice":"AGREE","floor":3.0,"gold_loss":0.0,"damage_taken":0.0,"cards_obtained":["Doubt"]},{"damage_healed":0.0,"max_hp_gain":0.0,"max_hp_loss":0.0,"gold_gain":0.0,"event_name":"Shining Light","player_choice":"Entered Light","floor":5.0,"gold_loss":0.0,"damage_taken":20.0,"cards_upgraded":["Strike_G","Catalyst"]},{"damage_healed":0.0,"max_hp_gain":0.0,"max_hp_loss":0.0,"gold_gain":0.0,"event_name":"The Woman in Blue","player_choice":"Bought 2 Potions","floor":11.0,"gold_loss":0.0,"damage_taken":0.0},{"cards_removed":["Strike_G"],"damage_healed":0.0,"max_hp_gain":0.0,"max_hp_loss":0.0,"gold_gain":0.0,"event_name":"Beggar","player_choice":"Gave Gold","floor":20.0,"gold_loss":75.0,"damage_taken":0.0},{"damage_healed":0.0,"max_hp_gain":0.0,"max_hp_loss":0.0,"gold_gain":100.0,"event_name":"The Joust","player_choice":"Bet on Murderer","floor":22.0,"gold_loss":50.0,"damage_taken":0.0}],"is_beta":false,"boss_relics":[{"not_picked":["hubris:CrackedHourglass","hubris:VirtuousBlindfold"],"picked":"hubris:Stopwatch"},{"not_picked":["Coffee Dripper","SlaversCollar"],"picked":"Busted Crown"}],"items_purged_floors":[4,29,36],"is_endless":false,"potions_floor_spawned":[2,7,16,18,19,28,35],"killed_by":"3 Darklings","ascension_level":18}}