{"host":"njruw0b0uprlitpx","time":1608366941,"event":{"mods":["2.2 Compatiblity","Astrologer","BaseMod","Better Altar","Better Note","Better Sensory Stone","Better Skull","Better Third Choice","BetterRewards","Block Reminder","Chen","Colored Map","Colored Powertips","Hermit","Jedi Mod","Keyboard Shortcuts","Minty Spire (QoL Compilation)","Quick Restart","Relic Stats","Replay The Spire","SacredBarkPlus","Spicy Shops","StSLib","SuperFastMode","The Blackbeard","The Mystic","The Problem Sleuth","The Runesmith","The Spell Scribe","Wandering Minibosses"],"gold_per_floor":[136,136,181,181,181,181,256,281,304,304,329,366,428,2,2,134,234,331,391,391,391,438,486,486,542,566,654,549,440,440,509,509,690,690,740,790,845,845,680,680,770,770,770,879,944,1071,599,654,654,779],"floor_reached":51,"playtime":5788,"items_purged":["Chen:Strike","Languid","Chen:Defend","Shame","Chen:Strike","Chen:Defend"],"score":1510,"play_id":"276991e5-49e2-4339-9eff-d4a8f5b5e4f5","local_time":"20201219023541","is_ascension_mode":true,"campfire_choices":[{"floor":6,"key":"REST"},{"data":"Chen:Panic","floor":10,"key":"SMITH"},{"data":"Chen:Exploit","floor":15,"key":"SMITH"},{"floor":24,"key":"REST"},{"floor":32,"key":"REST"},{"floor":40,"key":"REST"},{"data":"Chen:FollowUp","floor":42,"key":"SMITH"},{"floor":49,"key":"REST"}],"circlet_count":0,"master_deck":["Chen:Strike+1","Chen:Strike+1","Chen:Strike","Chen:Defend","Chen:Defend","Chen:PounceTurnTail+1","Chen:GlitterPoke","Chen:RapidfireEvasive+1","Chen:Sidestep","Chen:Impale+1","Chen:Scratch","Chen:Panic+1","Discovery+1","Chen:SurpriseAttack","Chen:Catseye","Chen:Lacerate+1","Chen:Mixup","Chen:Impale","Chen:Exploit+1","Chen:FlankingStrike","Chen:Knockout","Chen:EvasiveFireShift","RitualDagger","Chen:Panic+1","Chen:UpperHand","Chen:Sweep+1","Chen:Frivolous","Chen:CatPunch","Finesse","Violence","Chen:FollowUp+1","Chen:FlankingStrike","Chen:Sidestep","Chen:FlankingStrike","Chen:Sidestep","Chen:RecklessLeap","Chen:SelfConfidence","Chen:Stability","Chen:Flit+1","Chen:Adaptability","Chen:Assault"],"relics":["Chen:Catnip","Lizard Tail","Replay:Bandana","Membership Card","Replay:Wax Seal","Guide Book","Durian","Lantern","Ring of Fury","Ring of Searing","Replay:Baseball","Replay:Mystery Machine","MawBank","Chemical X","Toolbox","Replay:Wanted Poster","wanderingMiniBosses:OtherGremlinHorn","Pen Nib","BargainBundle","ReplayFunnel","Tiny Chest","Ginger","Strange Spoon","DollysMirror","StrikeDummy","jedi:paperlyon","Strawberry","Boot","Whetstone","Omamori","Replay:Accelerometer","Vajra","Letter Opener","Quantum Egg","Iron Hammer"],"acts_visited":["Exordium","TheCity","TheBeyond"],"potions_floor_usage":[13,16,22,23,33,33,33,33,45,50,50,50],"damage_taken":[{"damage":4,"enemies":"Jaw Worm","floor":1,"turns":2},{"damage":4,"enemies":"Small Slimes","floor":3,"turns":2},{"damage":10,"enemies":"Gremlin Nob","floor":7,"turns":2},{"damage":0,"enemies":"2 Louse","floor":8,"turns":1},{"damage":0,"enemies":"Large Slime","floor":11,"turns":1},{"damage":2,"enemies":"Red Slaver","floor":12,"turns":2},{"damage":0,"enemies":"Lagavulin","floor":13,"turns":3},{"damage":0,"enemies":"Slime Boss","floor":16,"turns":5},{"damage":9,"enemies":"3 Byrds","floor":18,"turns":3},{"damage":9,"enemies":"2 Thieves","floor":19,"turns":2},{"damage":30,"enemies":"Snecko","floor":22,"turns":5},{"damage":0,"enemies":"Centurion and Healer","floor":23,"turns":2},{"damage":0,"enemies":"Snake Plant","floor":25,"turns":2},{"damage":1,"enemies":"Sentry and Sphere","floor":27,"turns":3},{"damage":0,"enemies":"Book of Stabbing","floor":31,"turns":2},{"damage":11,"enemies":"Automaton","floor":33,"turns":4},{"damage":5,"enemies":"Orb Walker","floor":35,"turns":2},{"damage":10,"enemies":"3 Shapes","floor":37,"turns":2},{"damage":4,"enemies":"Nemesis","floor":41,"turns":2},{"damage":13,"enemies":"R_Hoarder","floor":44,"turns":3},{"damage":31,"enemies":"Sphere and 2 Shapes","floor":45,"turns":2},{"damage":0,"enemies":"Giant Head","floor":46,"turns":3},{"damage":0,"enemies":"Jaw Worm Horde","floor":48,"turns":2},{"damage":24,"enemies":"Donu and Deca","floor":50,"turns":4}],"seed_played":"8621898631804841377","potions_obtained":[{"floor":1,"key":"PowerPotion"},{"floor":7,"key":"BlessingOfTheForge"},{"floor":8,"key":"DistilledChaos"},{"floor":22,"key":"Block Potion"},{"floor":25,"key":"LiquidMemories"},{"floor":33,"key":"Death Potion"},{"floor":36,"key":"EssenceOfSteel"}],"is_trial":false,"path_per_floor":["M","?","M","?","?","R","E","M","T","R","M","M","E","$","R","B",null,"M","M","?","?","M","M","R","M","T","M","$","$","?","E","R","B",null,"M","?","M","T","$","R","E","R","T","E","M","E","$","M","R","B",null],"character_chosen":"CHEN","items_purchased":["Chen:RapidfireEvasive","Replay:Bandana","Chen:Sidestep","Chen:Impale","Membership Card","Replay:Wax Seal","Guide Book","Lantern","Chemical X","Chen:Mixup","Chen:Impale","Chen:Exploit","Toolbox","BargainBundle","ReplayFunnel","Tiny Chest","Ginger","Strange Spoon","Chen:Frivolous","Chen:CatPunch","Reflective Coating","SkillPotion","Finesse","Violence","Chen:FollowUp","DollysMirror","Whetstone","Quantum Egg","Iron Hammer","Chen:Adaptability","Chen:Assault","SneckoOil"],"campfire_rested":5,"item_purchase_floors":[0,0,0,0,0,0,0,0,14,14,14,14,14,28,28,28,28,28,28,28,28,28,28,28,29,29,39,47,47,47,47,47],"current_hp_per_floor":[64,64,60,45,45,67,57,57,57,57,57,55,55,55,55,55,70,61,52,52,46,16,16,38,38,38,37,37,37,37,37,59,48,68,63,70,60,60,60,82,78,78,78,65,34,34,34,34,58,34],"gold":779,"neow_bonus":"","is_daily":false,"chose_seed":false,"campfire_upgraded":3,"win_rate":0.0,"timestamp":1608366941,"path_taken":["M","?","M","?","?","R","E","?","T","R","M","M","E","$","R","BOSS","M","M","?","?","M","M","R","?","T","M","?","$","?","E","R","BOSS","M","?","?","?","$","R","E","R","T","E","M","E","$","M","R","BOSS"],"items_purchased_type":["Card","Relic","Card","Card","Relic","Relic","Relic","Relic","Relic","Card","Card","Card","Relic","Relic","Relic","Relic","Relic","Relic","Card","Card","Potion","Potion","Card","Card","Card","Relic","Relic","Relic","Relic","Card","Card","Potion"],"build_version":"2020-12-13","purchased_purges":6,"victory":true,"max_hp_per_floor":[75,75,75,75,75,75,75,75,75,75,75,75,75,75,75,75,75,75,75,75,75,75,75,75,75,75,75,75,75,75,75,75,75,75,75,82,82,82,82,82,82,82,82,82,82,82,82,82,82,82],"relic_stats":{"Strange Spoon":[13],"Lizard Tail":0,"counters":[47,135],"Tiny Chest":1,"Pen Nib":[10],"Chemical X":[22],"Ginger":[5],"Whetstone":["astrologer:Strike","astrologer:Strike","Chen:PounceTurnTail","Chen:Lacerate"],"Letter Opener":[15],"MawBank":12,"Boot":[60],"obtain_stats":[{"Replay:Accelerometer":43,"Vajra":45,"jedi:command_rare":24,"Ginger":14,"wanderingMiniBosses:OtherGremlinHorn":22,"Whetstone":39,"Boot":38,"Ring of Searing":2,"Replay:Wanted Poster":17,"Lizard Tail":0,"DollysMirror":39,"jedi:paperlyon":34,"Strawberry":36,"Philosopher\u0027s Stone":17,"Iron Hammer":47,"Kunai":56,"Replay:Wax Seal":0,"ReplayTheSpireMod:CursedCoin":31,"Blue Candle":26,"Astrolabe":36,"Eternal Feather":9,"Pen Nib":26,"Letter Opener":46,"Du-Vu Doll":39,"Replay:Baseball":7,"Molten Egg 2":2,"StrikeDummy":31,"ReplayFunnel":28,"ReplayTheSpireMod:Ring of Exchange":46,"Lantern":0,"StoneCalendar":28,"Bag of Preparation":39,"Replay:Mystery Machine":9,"Replay:Bandana":0,"Chameleon Ring":10,"Chen:Catnip":0,"Toolbox":14,"Tiny Chest":28,"Chemical X":14,"Lee\u0027s Waffle":22,"BargainBundle":28,"Guide Book":0,"Quantum Egg":47,"Thread and Needle":42,"Replay:WaspNest":30,"Omamori":41,"MawBank":13,"Strange Spoon":28,"jedi:ominousloannote":39,"Ring of Fury":46,"Another Sword":24,"Durian":0,"Membership Card":0},{"Replay:Accelerometer":42,"Vajra":19,"jedi:command_rare":8,"Ginger":6,"wanderingMiniBosses:OtherGremlinHorn":34,"Whetstone":41,"Boot":41,"Ring of Searing":24,"Replay:Wanted Poster":31,"Lizard Tail":23,"DollysMirror":16,"jedi:paperlyon":39,"Strawberry":40,"Philosopher\u0027s Stone":7,"Iron Hammer":45,"Kunai":22,"Replay:Wax Seal":23,"ReplayTheSpireMod:CursedCoin":12,"Blue Candle":9,"Astrolabe":15,"Eternal Feather":4,"Pen Nib":36,"Letter Opener":45,"Du-Vu Doll":16,"Replay:Baseball":26,"Molten Egg 2":1,"StrikeDummy":38,"ReplayFunnel":37,"ReplayTheSpireMod:Ring of Exchange":19,"Lantern":23,"StoneCalendar":10,"Bag of Preparation":16,"Replay:Mystery Machine":27,"Replay:Bandana":23,"Chameleon Ring":5,"Chen:Catnip":0,"Toolbox":30,"Tiny Chest":37,"Chemical X":30,"Lee\u0027s Waffle":8,"BargainBundle":37,"Guide Book":23,"Quantum Egg":45,"Thread and Needle":18,"Replay:WaspNest":12,"Omamori":42,"MawBank":30,"Strange Spoon":37,"jedi:ominousloannote":16,"Ring of Fury":19,"Another Sword":8,"Durian":23,"Membership Card":23},{"Replay:Accelerometer":121,"Vajra":58,"jedi:command_rare":27,"Ginger":18,"wanderingMiniBosses:OtherGremlinHorn":102,"Whetstone":119,"Boot":119,"Ring of Searing":76,"Replay:Wanted Poster":92,"Lizard Tail":74,"DollysMirror":50,"jedi:paperlyon":115,"Strawberry":117,"Philosopher\u0027s Stone":23,"Iron Hammer":129,"Kunai":68,"Replay:Wax Seal":74,"ReplayTheSpireMod:CursedCoin":38,"Blue Candle":30,"Astrolabe":47,"Eternal Feather":11,"Pen Nib":106,"Letter Opener":129,"Du-Vu Doll":50,"Replay:Baseball":80,"Molten Egg 2":2,"StrikeDummy":111,"ReplayFunnel":109,"ReplayTheSpireMod:Ring of Exchange":58,"Lantern":74,"StoneCalendar":33,"Bag of Preparation":50,"Replay:Mystery Machine":81,"Replay:Bandana":74,"Chameleon Ring":16,"Chen:Catnip":0,"Toolbox":87,"Tiny Chest":109,"Chemical X":87,"Lee\u0027s Waffle":27,"BargainBundle":109,"Guide Book":74,"Quantum Egg":129,"Thread and Needle":55,"Replay:WaspNest":38,"Omamori":121,"MawBank":87,"Strange Spoon":109,"jedi:ominousloannote":50,"Ring of Fury":58,"Another Sword":27,"Durian":74,"Membership Card":74}]},"card_choices":[{"not_picked":["Chen:Excitement","Chen:Sidestep"],"picked":"Chen:Scratch","floor":1},{"not_picked":["Chen:Honk","Chen:Spray"],"picked":"Chen:Panic","floor":3},{"not_picked":["Chen:Kimontonkou","Chen:UnstableBoundary","Chen:Excitement"],"picked":"SKIP","floor":7},{"not_picked":["Chen:Kimontonkou","Chen:UnstableBoundary","Chen:Excitement"],"picked":"SKIP","floor":7},{"not_picked":["Chen:Shot","Chen:Tear"],"picked":"Chen:SurpriseAttack","floor":8},{"not_picked":["Chen:CatPunch","Chen:PentagramFlight"],"picked":"Chen:Catseye","floor":11},{"not_picked":["Chen:CatPunch","Chen:ResistTemptation"],"picked":"Chen:Lacerate","floor":12},{"not_picked":["Chen:UnstableBoundary","Chen:SurpriseAttack","Chen:CatPunch"],"picked":"SKIP","floor":13},{"not_picked":["Chen:Nimbleness","Chen:PhoenixEgg"],"picked":"Chen:FlankingStrike","floor":16},{"not_picked":["Chen:RecklessLeap+1","Chen:Rush"],"picked":"Chen:Knockout","floor":18},{"not_picked":["Chen:ResistTemptation","Chen:Spray+1"],"picked":"Chen:EvasiveFireShift","floor":19},{"not_picked":["Chen:RecklessLeap+1","Chen:Excitement"],"picked":"Chen:Panic+1","floor":22},{"not_picked":["Chen:Copycat","Chen:Deceitful"],"picked":"Chen:UpperHand","floor":23},{"not_picked":["Chen:Knockout","Chen:ResistTemptation"],"picked":"Chen:Sweep+1","floor":25},{"not_picked":["Chen:Instinct","Chen:Spray","Chen:Exploit"],"picked":"SKIP","floor":27},{"not_picked":["Chen:PentagramFlight+1","Chen:Sneak+1"],"picked":"Chen:Sidestep","floor":31},{"not_picked":["Chen:Afterimages","Chen:PhoenixWings"],"picked":"Chen:FlankingStrike","floor":33},{"not_picked":["Chen:Copycat","Chen:Spray+1"],"picked":"Chen:Sidestep","floor":35},{"not_picked":["Chen:Barrier","Chen:Sneak"],"picked":"Chen:RecklessLeap","floor":37},{"not_picked":["Chen:Sneak","Chen:Exploit"],"picked":"Chen:SelfConfidence","floor":41},{"not_picked":["Chen:Adaptability+1","Chen:Barrier+1"],"picked":"Chen:Stability","floor":44},{"not_picked":["Chen:SelfControl","Chen:Honk+1","Chen:Scratch+1"],"picked":"SKIP","floor":45},{"not_picked":["Chen:Instinct","Chen:PentagramFlight+1"],"picked":"Chen:Flit+1","floor":46},{"not_picked":["Chen:CatPunch+1","Chen:Sweep+1","Chen:Shot+1"],"picked":"SKIP","floor":48}],"player_experience":1485037,"relics_obtained":[{"floor":2,"key":"Ring of Fury"},{"floor":2,"key":"Ring of Searing"},{"floor":7,"key":"Replay:Baseball"},{"floor":9,"key":"Replay:Mystery Machine"},{"floor":13,"key":"MawBank"},{"floor":22,"key":"wanderingMiniBosses:OtherGremlinHorn"},{"floor":26,"key":"Pen Nib"},{"floor":31,"key":"StrikeDummy"},{"floor":36,"key":"Strawberry"},{"floor":38,"key":"Boot"},{"floor":41,"key":"Omamori"},{"floor":43,"key":"Replay:Accelerometer"},{"floor":44,"key":"Vajra"},{"floor":46,"key":"Letter Opener"}],"event_choices":[{"damage_healed":60,"gold_gain":0,"player_choice":"Upgrade","damage_taken":15,"max_hp_gain":0,"max_hp_loss":75,"event_name":"betterThird:BetterShining","floor":4,"gold_loss":0,"cards_upgraded":["Chen:Strike","Chen:Strike"]},{"damage_healed":0,"gold_gain":1,"player_choice":"4","damage_taken":0,"max_hp_gain":0,"max_hp_loss":0,"event_name":"betterStone:BetterStone","floor":5,"gold_loss":0,"cards_obtained":["Discovery"]},{"cards_removed":["Chen:RapidfireEvasive"],"damage_healed":0,"gold_gain":0,"player_choice":"Give","damage_taken":0,"max_hp_gain":0,"max_hp_loss":0,"event_name":"betterNote:BetterNote","floor":20,"gold_loss":0,"cards_obtained":["None"]},{"damage_healed":0,"gold_gain":0,"player_choice":"Dagger","damage_taken":6,"max_hp_gain":0,"max_hp_loss":0,"event_name":"betterThird:BetterNest","floor":21,"gold_loss":0,"cards_obtained":["RitualDagger"]},{"damage_healed":0,"gold_gain":0,"player_choice":"Ignored","damage_taken":0,"max_hp_gain":0,"max_hp_loss":0,"event_name":"Ghosts","floor":30,"gold_loss":0}],"is_beta":false,"boss_relics":[{"not_picked":["Replay:Drink Me","Pandora\u0027s Box"],"picked":"Replay:Wanted Poster"},{"not_picked":["SacredBark","Sozu"],"picked":"jedi:paperlyon"}],"items_purged_floors":[0,14,14,28,39,47],"is_endless":false,"potions_floor_spawned":[1,7,8,22,25,31,33,35,37],"ascension_level":6}}