{"host":"8ckadkuma08xrap8","time":1608390331,"event":{"mods":["BaseMod","DeckTracker","Minty Spire (QoL Compilation)","StSLib","SuperFastMode","The Gatherer"],"gold_per_floor":[110,35,210,160,60,92,102,102,102,117,135,160,171,186,186,289,289,300,175,193,205,205,233,250,250,275,275,275,275,275],"floor_reached":28,"playtime":1156,"items_purged":["Gatherer:Strike_Gatherer","Gatherer:Strike_Gatherer","Normality"],"score":265,"play_id":"5741900b-2dd7-4523-863c-a6e571cb801a","local_time":"20201220000531","is_ascension_mode":false,"metric_token":413,"campfire_choices":[{"data":"Gatherer:FlowerBeam","floor":8,"key":"SMITH"},{"data":"Gatherer:Centralize","floor":15,"key":"SMITH"},{"data":"Gatherer:CursedBlade","floor":25,"key":"SMITH"}],"circlet_count":0,"master_deck":["Gatherer:Strike_Gatherer","Gatherer:Strike_Gatherer","Gatherer:Defend_Gatherer","Gatherer:Defend_Gatherer","Gatherer:Defend_Gatherer","Gatherer:Defend_Gatherer","Gatherer:Centralize+1","Gatherer:FlowerWhip+1","Gatherer:FlowerBeam+2","Gatherer:TacticalStrike","Gatherer:GatherMaterial","Gatherer:Nutrients","Gatherer:Convert","Gatherer:TacticalStrike","Gatherer:CursedBlade+1","Gatherer:FlowerPower","Gatherer:BomberForm","Gatherer:ScrollOfWall"],"relics":["Gatherer:AlchemyBag","NeowsBlessing","Torii","Question Card","Pen Nib","Philosopher\u0027s Stone","Regal Pillow","Toy Ornithopter"],"acts_visited":["Exordium","TheCity"],"potions_floor_usage":[],"damage_taken":[{"damage":0,"enemies":"Jaw Worm","floor":1,"turns":1},{"damage":0,"enemies":"Lagavulin","floor":6,"turns":1},{"damage":0,"enemies":"2 Louse","floor":7,"turns":1},{"damage":0,"enemies":"Cultist","floor":10,"turns":3},{"damage":1,"enemies":"Exordium Wildlife","floor":11,"turns":3},{"damage":0,"enemies":"Gremlin Gang","floor":13,"turns":2},{"damage":0,"enemies":"Large Slime","floor":14,"turns":4},{"damage":26,"enemies":"The Guardian","floor":16,"turns":17},{"damage":0,"enemies":"3 Byrds","floor":18,"turns":3},{"damage":6,"enemies":"Spheric Guardian","floor":20,"turns":2},{"damage":6,"enemies":"Shelled Parasite and Fungi","floor":21,"turns":2},{"damage":16,"enemies":"Book of Stabbing","floor":23,"turns":5},{"damage":0,"enemies":"Snake Plant","floor":24,"turns":3},{"damage":46,"enemies":"Slavers","floor":28,"turns":3}],"seed_played":"1112781678456572908","potions_obtained":[{"floor":1,"key":"Strength Potion"},{"floor":7,"key":"Dexterity Potion"},{"floor":13,"key":"Strength Potion"}],"is_trial":false,"path_per_floor":["M","$","?","?","$","E","M","R","T","M","M","T","M","M","R","B",null,"M","$","M","M","?","E","M","R","T","?","E"],"character_chosen":"THE_GATHERER","items_purchased":[],"campfire_rested":0,"item_purchase_floors":[],"current_hp_per_floor":[72,72,72,72,72,72,72,72,72,72,71,71,71,71,71,45,72,72,72,66,60,60,44,44,44,44,44,0,0,0],"gold":275,"neow_bonus":"THREE_ENEMY_KILL","is_daily":false,"chose_seed":false,"campfire_upgraded":3,"win_rate":0.0,"timestamp":1608390331,"path_taken":["M","$","?","?","$","E","?","R","T","?","M","?","M","M","R","BOSS","M","$","?","M","?","E","M","R","T","?","E"],"items_purchased_type":[],"build_version":"2020-12-13","purchased_purges":3,"victory":false,"max_hp_per_floor":[72,72,72,72,72,72,72,72,72,72,72,72,72,72,72,72,72,72,72,72,72,72,72,72,72,72,72,72,72,72],"card_choices":[{"not_picked":["Gatherer:BalancedGrowth","Gatherer:ScherryThrow"],"picked":"Gatherer:FlowerBeam","floor":1},{"not_picked":["Gatherer:AcidicSpray","Gatherer:ScrollOfPurity"],"picked":"Gatherer:TacticalStrike","floor":6},{"not_picked":["Gatherer:FlowerFalling","Gatherer:OddSpoils"],"picked":"Gatherer:GatherMaterial","floor":7},{"not_picked":["Gatherer:TreeGrowth","Gatherer:ScentOfRosmari","Gatherer:BalancedGrowth"],"picked":"Gatherer:Nutrients","floor":10},{"not_picked":["Gatherer:BalancedGrowth","Gatherer:FragileHammer","Gatherer:SaveValuables"],"picked":"Gatherer:Convert","floor":11},{"not_picked":["Gatherer:BalancedGrowth","Gatherer:CollectorsShot","Gatherer:Duplicator"],"picked":"Gatherer:TacticalStrike","floor":13},{"not_picked":["Gatherer:CollectorsShot","Gatherer:Uplift","Gatherer:ScrollOfPurity","Gatherer:GatherMaterial"],"picked":"SKIP","floor":14},{"not_picked":["Gatherer:FinishingStrike","Gatherer:PoisonMastery","Gatherer:GrowBook"],"picked":"Gatherer:CursedBlade","floor":16},{"not_picked":["Gatherer:EchoOfNature","Gatherer:WoolGloves+1","Gatherer:Convert"],"picked":"Gatherer:FlowerPower","floor":18},{"not_picked":["Gatherer:CollectorsShot","Gatherer:Convert","Gatherer:FragileHammer+1","Gatherer:SealedBomb"],"picked":"SKIP","floor":20},{"not_picked":["Gatherer:Uplift","Gatherer:Pollute","Gatherer:ScrollOfWall+1","Gatherer:SaveValuables"],"picked":"SKIP","floor":21},{"not_picked":["Gatherer:AcidicSpray+1","Gatherer:BalancedGrowth+1","Gatherer:MiningStrike+1","Gatherer:ScrollOfPurity"],"picked":"SKIP","floor":23},{"not_picked":["Gatherer:WoolGloves","Gatherer:AlchemyTrial","Gatherer:ScherryThrow","Gatherer:Polymorphism"],"picked":"SKIP","floor":24}],"player_experience":205682,"relics_obtained":[{"floor":6,"key":"Torii"},{"floor":9,"key":"Question Card"},{"floor":12,"key":"Pen Nib"},{"floor":23,"key":"Regal Pillow"},{"floor":26,"key":"Toy Ornithopter"}],"event_choices":[{"damage_healed":0,"gold_gain":175,"player_choice":"AGREE","damage_taken":0,"max_hp_gain":0,"max_hp_loss":0,"event_name":"Liars Game","floor":3,"gold_loss":0,"cards_obtained":["Doubt"]},{"cards_removed":["Doubt"],"damage_healed":0,"gold_gain":0,"player_choice":"Card Removal","damage_taken":0,"max_hp_gain":0,"max_hp_loss":0,"event_name":"The Cleric","floor":4,"gold_loss":50},{"damage_healed":0,"gold_gain":0,"player_choice":"Ignored","damage_taken":0,"max_hp_gain":0,"max_hp_loss":0,"event_name":"Vampires","floor":22,"gold_loss":0},{"damage_healed":0,"gold_gain":0,"cards_transformed":["Gatherer:Strike_Gatherer","Gatherer:Defend_Gatherer"],"player_choice":"Became Test Subject","damage_taken":0,"max_hp_gain":0,"max_hp_loss":0,"event_name":"Drug Dealer","floor":27,"gold_loss":0,"cards_obtained":["Gatherer:BomberForm","Gatherer:ScrollOfWall"]}],"is_beta":false,"boss_relics":[{"not_picked":["Tiny House","SlaversCollar"],"picked":"Philosopher\u0027s Stone"}],"items_purged_floors":[2,5,19],"is_endless":false,"potions_floor_spawned":[1,7,13,14,21,23],"killed_by":"Slavers","ascension_level":0}}