{"host":"6ko66ogg91i6g7xq","time":1608357643,"event":{"mods":["AchievementEnabler","Act Like it!","BaseMod","Colored Map","Colored Powertips","Downfall","Hermit","Minty Spire (QoL Compilation)","Quick Restart","Relic Stats","StSLib","The Jungle","everything is the same but u backflip on backflip"],"gold_per_floor":[109,109,34,109,124,124,154,154,177,177,177,204,235,13,13,112,112,132,132,147,164,164,164,199,226,226,226,226,226,261,279,279,375,375,388,2,2,52,102,102,128,128,181,208,430,430,457,457,457,457,457,457,9,9,9],"floor_reached":56,"playtime":1593,"items_purged":["Regret"],"score":1550,"play_id":"2e299310-6c64-4d33-ac66-4d5148160f27","local_time":"20201219010043","is_ascension_mode":true,"campfire_choices":[{"floor":6,"key":"RECALL"},{"data":"Accuracy","floor":11,"key":"SMITH"},{"data":"Noxious Fumes","floor":15,"key":"SMITH"},{"data":"Storm of Steel","floor":23,"key":"SMITH"},{"floor":32,"key":"REST"},{"data":"Phantasmal Killer","floor":40,"key":"SMITH"},{"data":"Terror","floor":42,"key":"SMITH"},{"data":"Finisher","floor":46,"key":"SMITH"},{"data":"Adrenaline","floor":49,"key":"SMITH"},{"data":"Doppelganger","floor":52,"key":"SMITH"}],"circlet_count":0,"master_deck":["Strike_G","Strike_G","Strike_G","Strike_G","Strike_G","Defend_G","Defend_G","Defend_G","Defend_G","Defend_G","Survivor","Neutralize","Sucker Punch","Accuracy+1","Storm of Steel+1","Blade Dance","Noxious Fumes+1","Adrenaline+1","Blade Dance+1","Doppelganger+1","Terror+1","Finisher+1","Doppelganger+1","Phantasmal Killer+1","CurseOfTheBell","Blade Dance+1","Doppelganger","Skewer+1","Noxious Fumes","Infinite Blades"],"relics":["Ring of the Snake","NeowsBlessing","Bag of Preparation","Shuriken","Happy Flower","MawBank","Chemical X","WristBlade","Red Mask","Tough Bandages","Juzu Bracelet","The Courier","Calling Bell","Centennial Puzzle","Mercury Hourglass","CaptainsWheel","Kunai","Anchor","The Specimen","Du-Vu Doll","Bronze Scales","Strawberry","PreservedInsect","OrangePellets","Pen Nib","Vajra"],"acts_visited":["Exordium","TheCity","TheBeyond","TheEnding"],"potions_floor_usage":[12,13,16,18,21,24,25,30,33,39,54,55,55],"damage_taken":[{"damage":0,"enemies":"2 Louse","floor":1,"turns":1},{"damage":0,"enemies":"Jaw Worm","floor":5,"turns":1},{"damage":0,"enemies":"3 Sentries","floor":7,"turns":1},{"damage":8,"enemies":"Lagavulin","floor":12,"turns":5},{"damage":0,"enemies":"Cultist","floor":13,"turns":1},{"damage":16,"enemies":"Hexaghost","floor":16,"turns":5},{"damage":0,"enemies":"2 Thieves","floor":18,"turns":2},{"damage":2,"enemies":"Chosen","floor":20,"turns":3},{"damage":0,"enemies":"Snecko","floor":21,"turns":2},{"damage":0,"enemies":"Masked Bandits","floor":24,"turns":2},{"damage":16,"enemies":"Slavers","floor":25,"turns":3},{"damage":0,"enemies":"Gremlin Leader","floor":30,"turns":3},{"damage":1,"enemies":"Cultist and Chosen","floor":31,"turns":3},{"damage":0,"enemies":"Automaton","floor":33,"turns":2},{"damage":0,"enemies":"3 Shapes","floor":35,"turns":3},{"damage":4,"enemies":"2 Orb Walkers","floor":38,"turns":2},{"damage":0,"enemies":"Mind Bloom Boss Battle","floor":39,"turns":1},{"damage":0,"enemies":"Reptomancer","floor":41,"turns":2},{"damage":2,"enemies":"Nemesis","floor":44,"turns":3},{"damage":2,"enemies":"Reptomancer","floor":47,"turns":3},{"damage":5,"enemies":"Time Eater","floor":50,"turns":4},{"damage":0,"enemies":"Shield and Spear","floor":54,"turns":1},{"damage":52,"enemies":"The Heart","floor":55,"turns":5}],"seed_played":"3061515039247283113","potions_obtained":[{"floor":1,"key":"SkillPotion"},{"floor":10,"key":"SteroidPotion"},{"floor":10,"key":"Regen Potion"},{"floor":10,"key":"PowerPotion"},{"floor":12,"key":"DistilledChaos"},{"floor":13,"key":"FearPotion"},{"floor":16,"key":"LiquidMemories"},{"floor":20,"key":"Weak Potion"},{"floor":21,"key":"Guardian:BlockOnCardUsePotion"},{"floor":24,"key":"AttackPotion"},{"floor":31,"key":"SteroidPotion"},{"floor":35,"key":"Fruit Juice"},{"floor":38,"key":"SteroidPotion"},{"floor":44,"key":"SmokeBomb"}],"is_trial":false,"path_per_floor":["M","?","$","?","M","R","E","?","T","?","R","E","M","$","R","B",null,"M","$","M","M","?","R","?","E","T","?","?","?","E","M","R","B",null,"M","$","?","?","?","R","E","R","T","E","?","R","E","?","R","B",null,"R","$","E","B",null],"character_chosen":"THE_SILENT","items_purchased":["Noxious Fumes","Chemical X","Kunai","Anchor","Skewer","OrangePellets","Pen Nib","Noxious Fumes","Infinite Blades","Vajra"],"campfire_rested":1,"item_purchase_floors":[14,14,36,36,36,53,53,53,53,53],"current_hp_per_floor":[70,70,70,59,59,59,59,59,59,59,59,51,51,51,51,35,70,70,70,68,68,68,68,68,52,52,39,39,39,48,47,69,69,75,75,75,65,61,61,61,61,61,61,66,66,66,64,82,82,77,82,82,82,82,35],"gold":9,"neow_bonus":"THREE_ENEMY_KILL","is_daily":false,"chose_seed":false,"campfire_upgraded":8,"win_rate":0.0,"timestamp":1608357643,"path_taken":["M","?","$","?","M","R","E","?","T","?","R","E","M","$","R","BOSS","M","$","?","?","?","R","?","E","T","?","?","?","E","M","R","BOSS","M","$","?","?","?","R","E","R","T","E","?","R","E","?","R","BOSS","R","$","E","BOSS"],"items_purchased_type":["Card","Relic","Relic","Relic","Card","Relic","Relic","Card","Card","Relic"],"build_version":"2020-12-13","purchased_purges":1,"victory":true,"max_hp_per_floor":[70,70,70,70,70,70,70,70,70,70,70,70,70,70,70,70,70,70,70,70,70,70,70,70,70,70,75,75,75,75,75,75,75,75,75,75,75,75,75,75,75,75,75,82,82,82,82,82,82,82,82,82,82,82,87],"relic_stats":{"Happy Flower":[18],"counters":[23,58],"PreservedInsect":68,"Pen Nib":[2],"Bag of Preparation":[44],"Juzu Bracelet":2,"MawBank":24,"Mercury Hourglass":[105],"OrangePellets":[0],"Tough Bandages":[180],"Centennial Puzzle":[15],"Shuriken":[61],"Bronze Scales":[72],"Chemical X":[14],"Kunai":[24],"obtain_stats":[{"Vajra":53,"Bag of Preparation":2,"Juzu Bracelet":26,"Tough Bandages":25,"Centennial Puzzle":34,"WristBlade":17,"Strawberry":44,"Red Mask":24,"Chemical X":14,"Kunai":36,"Ring of the Snake":0,"NeowsBlessing":0,"Happy Flower":9,"The Specimen":38,"The Courier":30,"PreservedInsect":47,"Pen Nib":53,"MawBank":12,"Mercury Hourglass":34,"Calling Bell":34,"Du-Vu Doll":39,"OrangePellets":53,"CaptainsWheel":34,"Anchor":36,"Shuriken":7,"Bronze Scales":41},{"Vajra":21,"Bag of Preparation":1,"Juzu Bracelet":11,"Tough Bandages":11,"Centennial Puzzle":14,"WristBlade":6,"Strawberry":19,"Red Mask":10,"Chemical X":5,"Kunai":15,"Ring of the Snake":0,"NeowsBlessing":0,"Happy Flower":3,"The Specimen":16,"The Courier":12,"PreservedInsect":20,"Pen Nib":21,"MawBank":4,"Mercury Hourglass":14,"Calling Bell":14,"Du-Vu Doll":17,"OrangePellets":21,"CaptainsWheel":14,"Anchor":15,"Shuriken":3,"Bronze Scales":18},{"Vajra":52,"Bag of Preparation":1,"Juzu Bracelet":26,"Tough Bandages":26,"Centennial Puzzle":34,"WristBlade":14,"Strawberry":45,"Red Mask":23,"Chemical X":9,"Kunai":37,"Ring of the Snake":0,"NeowsBlessing":0,"Happy Flower":3,"The Specimen":39,"The Courier":29,"PreservedInsect":48,"Pen Nib":52,"MawBank":8,"Mercury Hourglass":34,"Calling Bell":34,"Du-Vu Doll":40,"OrangePellets":52,"CaptainsWheel":34,"Anchor":37,"Shuriken":3,"Bronze Scales":42}],"Ring of the Snake":[46]},"card_choices":[{"not_picked":["Setup","Riddle With Holes"],"picked":"Sucker Punch","floor":1},{"not_picked":["Deflect","Flying Knee","Underhanded Strike"],"picked":"SKIP","floor":5},{"not_picked":["Leg Sweep","Dodge and Roll"],"picked":"Accuracy","floor":7},{"not_picked":["Setup","Flying Knee"],"picked":"Storm of Steel","floor":12},{"not_picked":["Dagger Throw","Outmaneuver"],"picked":"Blade Dance","floor":13},{"not_picked":["Bullet Time","Die Die Die"],"picked":"Adrenaline","floor":16},{"not_picked":["Acrobatics","Flying Knee+1","Quick Slash+1"],"picked":"SKIP","floor":18},{"not_picked":["Bane","Crippling Poison+1","Choke"],"picked":"SKIP","floor":20},{"not_picked":["Dagger Spray","Prepared+1"],"picked":"Blade Dance+1","floor":21},{"not_picked":["Dodge and Roll+1","Dagger Throw"],"picked":"Doppelganger","floor":24},{"not_picked":["Blade Dance","Dagger Throw"],"picked":"Terror","floor":25},{"not_picked":["Dodge and Roll","Poisoned Stab"],"picked":"Finisher","floor":30},{"not_picked":["Underhanded Strike","Heel Hook"],"picked":"Doppelganger","floor":31},{"not_picked":["Venomology","Doppelganger"],"picked":"Phantasmal Killer","floor":33},{"not_picked":["PiercingWail+1","Reflex","Dash"],"picked":"SKIP","floor":35},{"not_picked":["PiercingWail","Caltrops+1"],"picked":"Blade Dance+1","floor":39},{"not_picked":["A Thousand Cuts","Bouncing Flask+1","Dagger Throw"],"picked":"SKIP","floor":41},{"not_picked":["Tactician+1","Flying Knee"],"picked":"Doppelganger","floor":44},{"not_picked":["Acrobatics+1","PiercingWail"],"picked":"Skewer+1","floor":47}],"player_experience":288452,"relics_obtained":[{"floor":7,"key":"Shuriken"},{"floor":9,"key":"Happy Flower"},{"floor":12,"key":"MawBank"},{"floor":24,"key":"Red Mask"},{"floor":25,"key":"Tough Bandages"},{"floor":26,"key":"Juzu Bracelet"},{"floor":30,"key":"The Courier"},{"floor":34,"key":"Centennial Puzzle"},{"floor":34,"key":"Mercury Hourglass"},{"floor":34,"key":"CaptainsWheel"},{"floor":38,"key":"The Specimen"},{"floor":39,"key":"Du-Vu Doll"},{"floor":41,"key":"Bronze Scales"},{"floor":44,"key":"Strawberry"},{"floor":47,"key":"PreservedInsect"}],"event_choices":[{"damage_healed":0,"gold_gain":0,"player_choice":"Box","damage_taken":0,"relics_obtained":["Bag of Preparation"],"max_hp_gain":0,"max_hp_loss":0,"event_name":"Big Fish","floor":2,"gold_loss":0,"cards_obtained":["Regret"]},{"damage_healed":0,"gold_gain":75,"player_choice":"Gather Gold","damage_taken":11,"max_hp_gain":0,"max_hp_loss":0,"event_name":"World of Goop","floor":4,"gold_loss":0},{"damage_healed":0,"gold_gain":0,"player_choice":"Leave","damage_taken":0,"max_hp_gain":0,"max_hp_loss":0,"event_name":"The Cleric","floor":8,"gold_loss":0},{"damage_healed":0,"gold_gain":0,"player_choice":"Got Potions","damage_taken":0,"max_hp_gain":0,"max_hp_loss":0,"event_name":"Lab","floor":10,"gold_loss":0},{"damage_healed":0,"gold_gain":0,"player_choice":"Fought Bandits","damage_taken":0,"max_hp_gain":0,"max_hp_loss":0,"event_name":"Masked Bandits","floor":24,"gold_loss":0},{"damage_healed":0,"gold_gain":0,"player_choice":"Shed Blood","damage_taken":18,"max_hp_gain":5,"max_hp_loss":0,"event_name":"Forgotten Altar","floor":27,"gold_loss":0},{"damage_healed":0,"gold_gain":0,"player_choice":"Upgraded","damage_taken":0,"max_hp_gain":0,"max_hp_loss":0,"event_name":"Upgrade Shrine","floor":28,"gold_loss":0,"cards_upgraded":["Doppelganger"]},{"damage_healed":0,"gold_gain":0,"player_choice":"Ignored","damage_taken":0,"max_hp_gain":0,"max_hp_loss":0,"event_name":"Beggar","floor":29,"gold_loss":0},{"damage_healed":0,"gold_gain":0,"player_choice":"Memory 3","damage_taken":10,"max_hp_gain":0,"max_hp_loss":0,"event_name":"SensoryStone","floor":37,"gold_loss":0},{"damage_healed":0,"gold_gain":0,"player_choice":"Fight","damage_taken":0,"max_hp_gain":0,"max_hp_loss":0,"event_name":"Mysterious Sphere","floor":38,"gold_loss":0},{"damage_healed":0,"gold_gain":0,"player_choice":"Fight","damage_taken":0,"max_hp_gain":0,"max_hp_loss":0,"event_name":"MindBloom","floor":39,"gold_loss":0},{"damage_healed":0,"gold_gain":222,"player_choice":"Wore Mask","damage_taken":0,"max_hp_gain":0,"max_hp_loss":0,"event_name":"Tomb of Lord Red Mask","floor":45,"gold_loss":0},{"cards_removed":["Skewer"],"damage_healed":18,"gold_gain":0,"player_choice":"Offered Uncommon","damage_taken":0,"max_hp_gain":0,"max_hp_loss":0,"event_name":"Bonfire Elementals","floor":48,"gold_loss":0}],"is_beta":false,"boss_relics":[{"not_picked":["HoveringKite","Runic Pyramid"],"picked":"WristBlade"},{"not_picked":["Runic Dome","SlaversCollar"],"picked":"Calling Bell"}],"items_purged_floors":[3],"is_endless":false,"potions_floor_spawned":[1,12,13,16,20,21,24,31,35,38,44],"ascension_level":1}}