{"host":"mqhvlr3kpxebko0t","time":1608374880,"event":{"mods":["AchievementEnabler","BaseMod","Colored Map","Colored Powertips","Keyboard Shortcuts","Minty Spire (QoL Compilation)","StSLib","SuperFastMode"],"gold_per_floor":[115,115,115,127,145,145,158,174,197,197,224,224,149,179,179,252,252,262,177,277,55,75,75,107,119,119,119,139,149,248,264,264,336,336,336,336],"floor_reached":35,"playtime":701,"items_purged":["Strike_G","Strike_G"],"score":647,"play_id":"243a8064-6037-4fbf-8d55-94ba242041fc","local_time":"20201219194800","is_ascension_mode":true,"campfire_choices":[{"data":"Neutralize","floor":6,"key":"SMITH"},{"data":"Glass Knife","floor":12,"key":"SMITH"},{"data":"Flechettes","floor":15,"key":"SMITH"},{"data":"Footwork","floor":23,"key":"SMITH"},{"data":"Riddle With Holes","floor":32,"key":"SMITH"}],"circlet_count":0,"master_deck":["AscendersBane","Strike_G","Defend_G+1","Defend_G","Defend_G","Defend_G","Defend_G","Survivor+1","Neutralize+1","Dagger Throw","Backstab","Escape Plan","Glass Knife+1","Terror","Flechettes+1","Venomology","CurseOfTheBell","Cloak And Dagger+1","Footwork+1","Blur","Ghostly","Ghostly","Ghostly","Ghostly","Ghostly","Blade Dance","Calculated Gamble","Riddle With Holes+1","Adrenaline"],"relics":["Ring of the Snake","Toy Ornithopter","Bronze Scales","Odd Mushroom","Calling Bell","Orichalcum","Gremlin Horn","Lizard Tail","PreservedInsect","Membership Card","Du-Vu Doll","StrikeDummy","HoveringKite"],"acts_visited":["Exordium","TheCity","TheBeyond"],"potions_floor_usage":[1,11,16,18,22,24,24,28,29,31,33,33,33],"damage_taken":[{"damage":1,"enemies":"Small Slimes","floor":1,"turns":4},{"damage":0,"enemies":"2 Louse","floor":4,"turns":3},{"damage":0,"enemies":"Jaw Worm","floor":5,"turns":2},{"damage":8,"enemies":"Large Slime","floor":7,"turns":8},{"damage":9,"enemies":"2 Fungi Beasts","floor":8,"turns":4},{"damage":16,"enemies":"Lagavulin","floor":11,"turns":8},{"damage":8,"enemies":"The Mushroom Lair","floor":14,"turns":3},{"damage":5,"enemies":"The Guardian","floor":16,"turns":12},{"damage":27,"enemies":"Spheric Guardian","floor":18,"turns":6},{"damage":5,"enemies":"Chosen","floor":22,"turns":4},{"damage":14,"enemies":"Slavers","floor":24,"turns":3},{"damage":18,"enemies":"Snake Plant","floor":25,"turns":2},{"damage":5,"enemies":"Cultist and Chosen","floor":28,"turns":7},{"damage":0,"enemies":"Sentry and Sphere","floor":29,"turns":4},{"damage":0,"enemies":"3 Cultists","floor":31,"turns":4},{"damage":52,"enemies":"Champ","floor":33,"turns":9},{"damage":33,"enemies":"3 Darklings","floor":35,"turns":3}],"seed_played":"3587161593292839431","potions_obtained":[{"floor":1,"key":"Fruit Juice"},{"floor":4,"key":"Block Potion"},{"floor":7,"key":"Fire Potion"},{"floor":11,"key":"LiquidBronze"},{"floor":18,"key":"CunningPotion"},{"floor":28,"key":"LiquidMemories"},{"floor":29,"key":"Fire Potion"},{"floor":33,"key":"Poison Potion"}],"is_trial":false,"path_per_floor":["M","?","?","M","M","R","M","M","T","?","E","R","$","?","R","B",null,"M","?","?","$","M","R","E","M","T","?","M","M","?","M","R","B",null,"M"],"character_chosen":"THE_SILENT","items_purchased":["Membership Card","Footwork"],"campfire_rested":0,"item_purchase_floors":[21,21],"current_hp_per_floor":[67,52,52,52,52,52,44,35,35,28,17,17,17,9,9,9,59,37,37,37,37,37,37,33,15,15,15,15,20,20,25,25,18,32,0,0],"gold":336,"neow_bonus":"REMOVE_CARD","is_daily":false,"chose_seed":false,"campfire_upgraded":5,"win_rate":0.0,"timestamp":1608374880,"path_taken":["M","?","?","M","M","R","?","M","T","?","E","R","$","?","R","BOSS","M","?","?","$","M","R","E","?","T","?","M","M","?","M","R","BOSS","M"],"items_purchased_type":["Relic","Card"],"build_version":"2020-12-13","purchased_purges":2,"victory":false,"max_hp_per_floor":[75,75,75,75,75,75,75,75,75,75,75,75,75,75,75,75,75,75,75,75,75,75,75,75,75,75,37,37,37,37,37,37,37,37,37,37],"card_choices":[{"not_picked":["Catalyst","Poisoned Stab"],"picked":"Dagger Throw","floor":1},{"not_picked":["Eviscerate","Poisoned Stab"],"picked":"Backstab","floor":4},{"not_picked":["Sucker Punch","Dagger Throw","PiercingWail"],"picked":"SKIP","floor":5},{"not_picked":["Blur","Underhanded Strike"],"picked":"Escape Plan","floor":7},{"not_picked":["Tactician","Outmaneuver"],"picked":"Glass Knife","floor":8},{"not_picked":["Unload","Cloak And Dagger"],"picked":"Terror","floor":11},{"not_picked":["Deflect","Flying Knee"],"picked":"Flechettes","floor":14},{"not_picked":["Night Terror","Corpse Explosion"],"picked":"Venomology","floor":16},{"not_picked":["Burst","Calculated Gamble+1"],"picked":"Cloak And Dagger+1","floor":18},{"not_picked":["Poisoned Stab+1","Catalyst","Sucker Punch"],"picked":"SKIP","floor":22},{"not_picked":["All Out Attack","Underhanded Strike","Deflect+1"],"picked":"SKIP","floor":24},{"not_picked":["Poisoned Stab","Blur","Flying Knee"],"picked":"SKIP","floor":25},{"not_picked":["Poisoned Stab","Flying Knee"],"picked":"Blur","floor":25},{"not_picked":["Skewer","Slice"],"picked":"Blade Dance","floor":28},{"not_picked":["Riddle With Holes","Phantasmal Killer"],"picked":"Calculated Gamble","floor":29},{"not_picked":["Heel Hook","Dagger Throw"],"picked":"Riddle With Holes","floor":31},{"not_picked":["Malaise","Unload"],"picked":"Adrenaline","floor":33}],"player_experience":650465,"relics_obtained":[{"floor":9,"key":"Toy Ornithopter"},{"floor":11,"key":"Bronze Scales"},{"floor":14,"key":"Odd Mushroom"},{"floor":17,"key":"Orichalcum"},{"floor":17,"key":"Gremlin Horn"},{"floor":17,"key":"Lizard Tail"},{"floor":24,"key":"Du-Vu Doll"},{"floor":26,"key":"StrikeDummy"}],"event_choices":[{"damage_healed":0,"gold_gain":0,"player_choice":"Entered Light","damage_taken":15,"max_hp_gain":0,"max_hp_loss":0,"event_name":"Shining Light","floor":2,"gold_loss":0,"cards_upgraded":["Survivor","Defend_G"]},{"damage_healed":0,"gold_gain":0,"player_choice":"Ignored","damage_taken":0,"max_hp_gain":0,"max_hp_loss":0,"event_name":"Liars Game","floor":3,"gold_loss":0},{"cards_removed":["Strike_G"],"damage_healed":0,"gold_gain":0,"player_choice":"Card Removal","damage_taken":7,"max_hp_gain":0,"max_hp_loss":0,"event_name":"Golden Wing","floor":10,"gold_loss":0},{"damage_healed":0,"gold_gain":0,"player_choice":"Fought Mushrooms","damage_taken":0,"max_hp_gain":0,"max_hp_loss":0,"event_name":"Mushrooms","floor":14,"gold_loss":0},{"damage_healed":0,"gold_gain":0,"player_choice":"Obtained Relic","damage_taken":0,"relics_obtained":["PreservedInsect"],"max_hp_gain":0,"max_hp_loss":0,"event_name":"Addict","floor":19,"gold_loss":85},{"damage_healed":0,"gold_gain":100,"player_choice":"Pray","damage_taken":0,"max_hp_gain":0,"max_hp_loss":0,"event_name":"Golden Shrine","floor":20,"gold_loss":0},{"damage_healed":0,"gold_gain":0,"player_choice":"Became a Ghost","damage_taken":0,"max_hp_gain":0,"max_hp_loss":38,"event_name":"Ghosts","floor":27,"gold_loss":0,"cards_obtained":["Ghostly","Ghostly","Ghostly","Ghostly","Ghostly"]},{"damage_healed":0,"gold_gain":99,"player_choice":"Stole From Cult","damage_taken":0,"max_hp_gain":0,"max_hp_loss":0,"event_name":"Nest","floor":30,"gold_loss":0}],"is_beta":false,"boss_relics":[{"not_picked":["Busted Crown","Philosopher\u0027s Stone"],"picked":"Calling Bell"},{"not_picked":["Snecko Eye","SlaversCollar"],"picked":"HoveringKite"}],"items_purged_floors":[13,21],"is_endless":false,"potions_floor_spawned":[1,4,7,11,18,28,29,33],"killed_by":"3 Darklings","ascension_level":13}}