{"host":"684z1xpuwaoqmmh1","time":1608404276,"event":{"mods":["BaseMod","Downfall","Hermit","Jorbs\u0027s Wanderer Trilogy","Marisa????????","Minty Spire (QoL Compilation)","StSLib","The Hierophant","The Mystic"],"gold_per_floor":[99,134,153,153,164,89,89,109,109,109],"floor_reached":9,"playtime":400,"items_purged":[],"score":85,"play_id":"e7a9bcdf-3016-4e2b-baff-41e65952aaa2","local_time":"20201219205756","is_ascension_mode":true,"campfire_choices":[{"floor":1.0,"key":"RECALL"},{"floor":6.0,"key":"REST"}],"circlet_count":0,"master_deck":["Guardian:Strike_Guardian","Guardian:Strike_Guardian","Guardian:Strike_Guardian","Guardian:Strike_Guardian","Guardian:Defend_Guardian","Guardian:Defend_Guardian","Guardian:Defend_Guardian","Guardian:Defend_Guardian","Guardian:CurlUp","Guardian:TwinSlam","Guardian:TimeBomb","Guardian:Gem_Blue","Guardian:Gem_Green","Guardian:Repulse","Guardian:BronzeArmor"],"relics":["Guardian:ModeShifter","Ancient Tea Set","downfall:HeartBlessingRed"],"acts_visited":["Exordium"],"potions_floor_usage":[],"damage_taken":[{"damage":54.0,"enemies":"Lagavulin","floor":2.0,"turns":11.0},{"damage":1.0,"enemies":"Small Slimes","floor":3.0,"turns":5.0},{"damage":0.0,"enemies":"Cultist","floor":5.0,"turns":4.0},{"damage":0.0,"enemies":"Jaw Worm","floor":8.0,"turns":2.0},{"damage":41,"enemies":"Gremlin Nob","floor":9,"turns":5}],"seed_played":"-2263111195104276994","potions_obtained":[{"floor":3.0,"key":"SteroidPotion"}],"is_trial":false,"path_per_floor":["R","E","M","?","M","R","T","M","E"],"character_chosen":"GUARDIAN","items_purchased":[],"campfire_rested":1,"item_purchase_floors":[],"current_hp_per_floor":[72,18,17,17,17,41,41,41,0,0],"gold":109,"neow_bonus":"THREE_CARDS","is_daily":false,"chose_seed":false,"campfire_upgraded":0,"win_rate":0.0,"timestamp":1608404276,"path_taken":["R","E","M","?","M","R","T","M","E"],"items_purchased_type":[],"build_version":"2020-12-13","purchased_purges":0,"victory":false,"max_hp_per_floor":[80,80,80,80,80,80,80,80,80,80],"card_choices":[{"not_picked":["Guardian:MultiBeam","Guardian:ShieldCharger"],"picked":"Guardian:Gem_Red","floor":0.0},{"not_picked":["Guardian:WalkerClaw","Guardian:PiercingHide"],"picked":"Guardian:TimeBomb","floor":2.0},{"not_picked":["Guardian:Incinerate","Guardian:VentSteam"],"picked":"Guardian:Gem_Blue","floor":3.0},{"not_picked":["Guardian:Planning","Guardian:PrimingBeam"],"picked":"Guardian:Repulse","floor":5.0},{"not_picked":["Guardian:PolyBeam","Guardian:Gem_Green"],"picked":"Guardian:BronzeArmor","floor":8.0}],"player_experience":2343722,"relics_obtained":[{"floor":2.0,"key":"Ancient Tea Set"}],"event_choices":[],"is_beta":false,"boss_relics":[],"items_purged_floors":[],"is_endless":false,"potions_floor_spawned":[3],"killed_by":"Gremlin Nob","ascension_level":8}}