{"host":"fkzh9ayetsaj48l7","time":1608400632,"event":{"mods":["Aspiration","BaseMod","Better Altar","Better Match","Better Note","Better Sensory Stone","Better Skull","Better Third Choice","BetterRewards","Colored Map","Colored Powertips","Conspire","Energized Spire","Halation","Hermit","Hubris","Jedi Mod","Jorbs\u0027s Wanderer Trilogy","Minty Spire (QoL Compilation)","MostiFishMod","Permanent Neow","Potionbrewer","Replay The Spire","Shade Mod","Shop Mod","Spicy Shops","StSLib","The Animator","The Dragon Tamer","The Forsaken","The Gatherer","The Hierophant","The Mystic","The Necromancer","The Runesmith","The Sage","The Showman","TheBandit","TheSwordswoman","TheWitcher","thorton","vexMod"],"gold_per_floor":[117,137,55,130,154,154,189,189],"floor_reached":7,"playtime":1392,"items_purged":[],"score":51,"play_id":"e5e7ae61-a399-4f65-971e-6434a31ead06","local_time":"20201219175712","is_ascension_mode":false,"campfire_choices":[{"data":"SnafuTest:BombSamum","floor":6,"key":"SMITH"}],"circlet_count":0,"master_deck":["SnafuTest:DefaultCommonAttack","SnafuTest:DefaultCommonAttack","SnafuTest:DefaultCommonAttack","SnafuTest:BountyHunt","SnafuTest:DefaultCommonSkill","SnafuTest:DefaultCommonSkill","SnafuTest:DefaultCommonSkill","SnafuTest:SignQuen+1","SnafuTest:FeignDeath","SnafuTest:BombSamum+1"],"relics":["SnafuTest:PlaceholderRelic","DaveBox","ImprovedEquipment","Question Card","jedi:purplefairy","potionbrewer:Torch"],"acts_visited":["Exordium"],"potions_floor_usage":[],"damage_taken":[{"damage":1,"enemies":"Jaw Worm","floor":1,"turns":4},{"damage":1,"enemies":"Cultist","floor":2,"turns":4},{"damage":6,"enemies":"conspire:RoseBush","floor":5,"turns":3},{"damage":12,"enemies":"Replay:BlueRogue","floor":7,"turns":12}],"seed_played":"3086962032483314382","potions_obtained":[{"floor":1,"key":"Block Potion"}],"is_trial":false,"path_per_floor":["M","M","$","?","M","R","E"],"character_chosen":"THE_WITCHER","items_purchased":["jedi:purplefairy"],"campfire_rested":0,"item_purchase_floors":[3],"current_hp_per_floor":[74,73,73,66,60,70,58,58],"gold":189,"neow_bonus":"UPGRADE_CARD","is_daily":false,"chose_seed":false,"campfire_upgraded":1,"win_rate":0.0,"timestamp":1608400632,"path_taken":["M","M","$","?","?","R","E"],"items_purchased_type":["Relic"],"build_version":"2020-12-13","purchased_purges":0,"victory":false,"max_hp_per_floor":[75,75,75,75,75,75,75,75],"card_choices":[{"not_picked":["SnafuTest:UnpredictablePuncture","SnafuTest:HermitsErudition"],"picked":"SnafuTest:FeignDeath","floor":1},{"not_picked":["SnafuTest:PayArmorSmith","SnafuTest:ScholarsIntrigue","SnafuTest:CalculatingAmbition","SnafuTest:FlashingEvasion"],"picked":"SKIP","floor":2},{"not_picked":["SnafuTest:Oriole","SnafuTest:ShoulderSlam","SnafuTest:SpellBlindFury"],"picked":"SnafuTest:BombSamum","floor":5}],"player_experience":373918,"relics_obtained":[{"floor":1,"key":"Question Card"},{"floor":7,"key":"potionbrewer:Torch"}],"event_choices":[{"damage_healed":0,"gold_gain":75,"player_choice":"Touch","damage_taken":7,"max_hp_gain":0,"max_hp_loss":0,"event_name":"FaceTrader","floor":4,"gold_loss":0}],"is_beta":false,"boss_relics":[],"items_purged_floors":[],"is_endless":false,"potions_floor_spawned":[1],"killed_by":"Replay:BlueRogue","ascension_level":0}}