{"host":"c12dw8t2fgmwtthz","time":1608396598,"event":{"mods":["AchievementEnabler","BaseMod","Colored Map","DeckTracker","Minty Spire (QoL Compilation)","StSLib","SuperFastMode"],"gold_per_floor":[113,124,136,149,160,160,175,193,193,208,228,228,257,217,217,289,289,305,305,322,340,340,375,375,410,410,435,451,464,483,500,500,574,574,592,592,592,592],"floor_reached":37,"playtime":1498,"items_purged":[],"score":1053,"play_id":"b9335f8b-0559-4369-8026-d0ab71979898","local_time":"20201220014958","is_ascension_mode":true,"campfire_choices":[{"floor":6.0,"key":"RECALL"},{"floor":12.0,"key":"REST"},{"floor":15.0,"key":"REST"},{"floor":24.0,"key":"REST"},{"floor":32.0,"key":"REST"}],"circlet_count":0,"master_deck":["AscendersBane","Defend_R+1","Defend_R+1","Defend_R+1","Defend_R+1","Bash+1","LessonLearned+1","LessonLearned+1","LessonLearned+1","LessonLearned+1","Secret Technique+1","Searing Blow+20","Shrug It Off+1","Body Slam+1","Searing Blow+20","Shrug It Off+1","Impervious","CurseOfTheBell"],"relics":["Burning Blood","Fusion Hammer","The Courier","Darkstone Periapt","Black Star","MutagenicStrength","Bag of Marbles","Blue Candle","Bronze Scales","Dream Catcher","Bag of Preparation","Bird Faced Urn","Calling Bell","Happy Flower","Kunai","Torii"],"acts_visited":[],"potions_floor_usage":[],"damage_taken":[{"damage":0.0,"enemies":"Cultist","floor":1.0,"turns":3.0},{"damage":7.0,"enemies":"Jaw Worm","floor":2.0,"turns":3.0},{"damage":3.0,"enemies":"2 Louse","floor":3.0,"turns":4.0},{"damage":3.0,"enemies":"Blue Slaver","floor":4.0,"turns":3.0},{"damage":32.0,"enemies":"Gremlin Gang","floor":5.0,"turns":9.0},{"damage":0.0,"enemies":"3 Louse","floor":7.0,"turns":4.0},{"damage":4.0,"enemies":"2 Fungi Beasts","floor":8.0,"turns":5.0},{"damage":6.0,"enemies":"Lots of Slimes","floor":10.0,"turns":11.0},{"damage":0.0,"enemies":"Exordium Wildlife","floor":11.0,"turns":3.0},{"damage":3.0,"enemies":"Gremlin Nob","floor":13.0,"turns":3.0},{"damage":48.0,"enemies":"Slime Boss","floor":16.0,"turns":12.0},{"damage":22.0,"enemies":"3 Byrds","floor":18.0,"turns":7.0},{"damage":8.0,"enemies":"Spheric Guardian","floor":20.0,"turns":5.0},{"damage":24.0,"enemies":"Shelled Parasite and Fungi","floor":21.0,"turns":9.0},{"damage":0.0,"enemies":"Gremlin Leader","floor":23.0,"turns":3.0},{"damage":24.0,"enemies":"Slavers","floor":25.0,"turns":5.0},{"damage":0.0,"enemies":"Gremlin Leader","floor":27.0,"turns":1.0},{"damage":18.0,"enemies":"Centurion and Healer","floor":28.0,"turns":4.0},{"damage":0.0,"enemies":"Snecko","floor":29.0,"turns":1.0},{"damage":10.0,"enemies":"3 Cultists","floor":30.0,"turns":7.0},{"damage":0.0,"enemies":"Snake Plant","floor":31.0,"turns":4.0},{"damage":37.0,"enemies":"Automaton","floor":33.0,"turns":5.0},{"damage":11.0,"enemies":"3 Darklings","floor":35.0,"turns":6.0}],"seed_played":"2789020833766748523","potions_obtained":[{"floor":1.0,"key":"EssenceOfSteel"},{"floor":3.0,"key":"SteroidPotion"},{"floor":7.0,"key":"Regen Potion"},{"floor":8.0,"key":"BloodPotion"},{"floor":16.0,"key":"LiquidMemories"},{"floor":25.0,"key":"Swift Potion"},{"floor":29.0,"key":"AttackPotion"},{"floor":30.0,"key":"GamblersBrew"}],"is_trial":false,"path_per_floor":["M","M","M","M","M","R","M","M","T","M","M","R","E","$","R","B",null,"M","?","M","M","?","E","R","E","T","E","M","M","M","M","R","B",null,"M","?","$"],"character_chosen":"IRONCLAD","items_purchased":["Body Slam"],"campfire_rested":4,"item_purchase_floors":[14],"current_hp_per_floor":[68,67,68,68,42,42,48,50,50,50,56,68,68,68,68,26,58,42,42,53,35,35,41,61,43,43,49,37,43,39,45,65,34,66,61,84,84,84],"gold":592,"neow_bonus":"RANDOM_COLORLESS_2","is_daily":false,"chose_seed":false,"campfire_upgraded":0,"win_rate":0.0,"timestamp":1608396598,"path_taken":["M","M","M","M","M","R","M","?","T","M","M","R","E","$","R","BOSS","M","?","M","?","?","E","R","E","T","E","M","M","M","M","R","BOSS","M","?","$"],"items_purchased_type":["Card"],"build_version":"2020-12-13","purchased_purges":0,"victory":false,"max_hp_per_floor":[68,68,68,68,68,68,68,68,68,68,68,68,68,68,68,68,68,68,68,68,68,68,68,68,68,68,68,68,68,68,68,68,68,74,74,84,84,84],"card_choices":[{"not_picked":["Chrysalis","Thinking Ahead"],"picked":"Secret Technique","floor":0.0},{"not_picked":["Anger","Combust","Headbutt"],"picked":"SKIP","floor":1.0},{"not_picked":["Sword Boomerang","Metallicize","Thunderclap"],"picked":"SKIP","floor":2.0},{"not_picked":["Blood for Blood","Iron Wave","Warcry"],"picked":"SKIP","floor":3.0},{"not_picked":["Clash","Clothesline"],"picked":"Shrug It Off","floor":4.0},{"not_picked":["Clash","Carnage","Bloodletting"],"picked":"SKIP","floor":5.0},{"not_picked":["Infernal Blade","Flex","Wild Strike"],"picked":"SKIP","floor":7.0},{"not_picked":["Heavy Blade","Brutality","Perfected Strike"],"picked":"SKIP","floor":8.0},{"not_picked":["Sever Soul","Clothesline","Perfected Strike"],"picked":"SKIP","floor":10.0},{"not_picked":["Armaments","Rampage","Wild Strike"],"picked":"SKIP","floor":11.0},{"not_picked":["Demon Form","Heavy Blade","Dropkick"],"picked":"SKIP","floor":13.0},{"not_picked":["Hemokinesis","Pummel","Clothesline"],"picked":"SKIP","floor":18.0},{"not_picked":["Wild Strike+1","Headbutt"],"picked":"Shrug It Off","floor":20.0},{"not_picked":["Headbutt","Armaments","True Grit"],"picked":"SKIP","floor":21.0},{"not_picked":["Armaments+1","Heavy Blade","Iron Wave"],"picked":"SKIP","floor":23.0},{"not_picked":["Spot Weakness","Second Wind","Havoc"],"picked":"SKIP","floor":25.0},{"not_picked":["Hemokinesis","Headbutt","Inflame"],"picked":"SKIP","floor":27.0},{"not_picked":["Pommel Strike","Seeing Red","Flame Barrier"],"picked":"SKIP","floor":28.0},{"not_picked":["Twin Strike","Perfected Strike","Heavy Blade"],"picked":"SKIP","floor":29.0},{"not_picked":["Thunderclap","Dark Embrace"],"picked":"Impervious","floor":30.0},{"not_picked":["Iron Wave","Sword Boomerang","Heavy Blade+1"],"picked":"SKIP","floor":31.0},{"not_picked":["Dark Embrace","Dropkick","Clothesline"],"picked":"SKIP","floor":35.0}],"player_experience":770797,"relics_obtained":[{"floor":9.0,"key":"The Courier"},{"floor":13.0,"key":"Darkstone Periapt"},{"floor":23.0,"key":"Bag of Marbles"},{"floor":23.0,"key":"Blue Candle"},{"floor":25.0,"key":"Bronze Scales"},{"floor":25.0,"key":"Dream Catcher"},{"floor":27.0,"key":"Bag of Preparation"},{"floor":27.0,"key":"Bird Faced Urn"},{"floor":34.0,"key":"Happy Flower"},{"floor":34.0,"key":"Kunai"},{"floor":34.0,"key":"Torii"}],"event_choices":[{"damage_healed":0.0,"max_hp_gain":0.0,"max_hp_loss":0.0,"gold_gain":0.0,"event_name":"Duplicator","player_choice":"Copied","floor":19.0,"gold_loss":0.0,"damage_taken":0.0,"cards_obtained":["Searing Blow"]},{"damage_healed":0.0,"max_hp_gain":0.0,"max_hp_loss":0.0,"gold_gain":0.0,"event_name":"Drug Dealer","player_choice":"Inject Mutagens","floor":22.0,"gold_loss":0.0,"damage_taken":0.0,"relics_obtained":["MutagenicStrength"]},{"cards_removed":["LessonLearned"],"damage_healed":13.0,"max_hp_gain":10.0,"max_hp_loss":0.0,"gold_gain":0.0,"event_name":"Bonfire Elementals","player_choice":"Offered Rare","floor":36.0,"gold_loss":0.0,"damage_taken":0.0}],"is_beta":false,"boss_relics":[{"not_picked":["Cursed Key","Black Blood"],"picked":"Black Star"},{"not_picked":["SacredBark","Sozu"],"picked":"Calling Bell"}],"items_purged_floors":[],"is_endless":false,"potions_floor_spawned":[1,3,7,8,16,18,25,29,30,31,33],"ascension_level":20}}