{"host":"344lv32hnei0mdhu","time":1608418124,"event":{"mods":["Act Like it!","BaseMod","Better Match","Better Sensory Stone","Better Skull","Better Third Choice","Better Vampires","Colored Powertips","Highlight Path","Minty Spire (QoL Compilation)","Quick Restart","Random Character Button","Rare Cards Sparkle","StSLib"],"gold_per_floor":[209,60,70,87,87,87,119,119,145,145,2,18,45,60,60,164,164,184,73,87,87,104,104,34,34,61,96,96,107,107,125,125,227,227,246,246,246,296,312,312,347,347,373,198,213,68,78,78,78,78,78],"floor_reached":50,"playtime":1924,"items_purged":["Strike_R","Doubt"],"score":722,"play_id":"01e3e7e8-fc6d-4fce-8e21-4f2d6de3795e","local_time":"20201219164844","is_ascension_mode":true,"campfire_choices":[{"data":"Rage","floor":6.0,"key":"SMITH"},{"floor":8.0,"key":"REST"},{"data":"Spot Weakness","floor":10.0,"key":"SMITH"},{"floor":15.0,"key":"REST"},{"floor":23.0,"key":"REST"},{"data":"Inflame","floor":25.0,"key":"SMITH"},{"floor":28.0,"key":"REST"},{"data":"Limit Break","floor":30.0,"key":"SMITH"},{"floor":32.0,"key":"REST"},{"floor":40.0,"key":"REST"},{"floor":49,"key":"REST"}],"circlet_count":0,"master_deck":["Strike_R","Strike_R+1","Strike_R","Strike_R","Defend_R","Defend_R","Defend_R","Defend_R","Bash","Rupture","Thunderclap+1","Rage+1","Shockwave+1","Spot Weakness+1","Rupture","Pummel","Wild Strike","Blood for Blood","Inflame+1","Limit Break+1","Metallicize+1","Feel No Pain","Hemokinesis","Pummel","Demon Form","Feed","Body Slam+1","Shrug It Off+1","Combust+1","Clumsy","Whirlwind","Metallicize+1"],"relics":["Burning Blood","MealTicket","Medical Kit","Lantern","Runic Pyramid","Art of War","Self Forming Clay","Cursed Key","Gambling Chip","Strawberry","Gremlin Horn","Whetstone","Chemical X"],"acts_visited":["Exordium","TheCity","TheBeyond"],"potions_floor_usage":[47],"damage_taken":[{"damage":6.0,"enemies":"Cultist","floor":1.0,"turns":4.0},{"damage":4.0,"enemies":"Jaw Worm","floor":3.0,"turns":3.0},{"damage":0.0,"enemies":"Small Slimes","floor":4.0,"turns":4.0},{"damage":38.0,"enemies":"3 Sentries","floor":7.0,"turns":8.0},{"damage":3.0,"enemies":"Exordium Thugs","floor":12.0,"turns":3.0},{"damage":46.0,"enemies":"Gremlin Nob","floor":13.0,"turns":5.0},{"damage":0.0,"enemies":"Exordium Wildlife","floor":14.0,"turns":3.0},{"damage":47.0,"enemies":"Slime Boss","floor":16.0,"turns":10.0},{"damage":50.0,"enemies":"Spheric Guardian","floor":18.0,"turns":6.0},{"damage":18.0,"enemies":"3 Byrds","floor":20.0,"turns":5.0},{"damage":11.0,"enemies":"Snecko","floor":22.0,"turns":6.0},{"damage":24.0,"enemies":"Gremlin Leader","floor":27.0,"turns":5.0},{"damage":24.0,"enemies":"Chosen and Byrds","floor":29.0,"turns":11.0},{"damage":22.0,"enemies":"Centurion and Healer","floor":31.0,"turns":4.0},{"damage":90.0,"enemies":"Collector","floor":33.0,"turns":10.0},{"damage":36.0,"enemies":"3 Darklings","floor":35.0,"turns":4.0},{"damage":2.0,"enemies":"Mind Bloom Boss Battle","floor":38.0,"turns":6.0},{"damage":18.0,"enemies":"Orb Walker","floor":39.0,"turns":4.0},{"damage":50.0,"enemies":"Reptomancer","floor":41.0,"turns":5.0},{"damage":24,"enemies":"4 Shapes","floor":45,"turns":3},{"damage":19,"enemies":"3 Darklings","floor":47,"turns":3},{"damage":63,"enemies":"Donu and Deca","floor":50,"turns":4}],"seed_played":"-5210323357268626500","potions_obtained":[{"floor":1.0,"key":"Fire Potion"},{"floor":7.0,"key":"Fire Potion"},{"floor":13.0,"key":"ColorlessPotion"},{"floor":14.0,"key":"ColorlessPotion"},{"floor":18.0,"key":"Fire Potion"},{"floor":22.0,"key":"Strength Potion"},{"floor":27.0,"key":"FairyPotion"},{"floor":35.0,"key":"Dexterity Potion"},{"floor":39.0,"key":"Block Potion"},{"floor":45,"key":"FearPotion"}],"is_trial":false,"path_per_floor":["M","$","M","M","?","R","E","R","T","R","$","M","E","M","R","B",null,"M","$","M","$","M","R","$","R","T","E","R","M","R","M","R","B",null,"M","?","?","?","M","R","E","T","T","$","M","$","M","$","R","B"],"character_chosen":"IRONCLAD","items_purchased":["Thunderclap","Rage","Shockwave","Medical Kit","Feel No Pain","Hemokinesis","Whirlwind","Chemical X"],"campfire_rested":7,"item_purchase_floors":[2,2,2,11,19,24,44,46],"current_hp_per_floor":[72,72,74,80,80,80,48,72,72,72,80,80,40,46,70,29,67,23,38,26,41,36,60,75,75,75,57,80,62,62,46,70,19,65,38,38,38,42,30,54,17,17,17,32,14,29,16,31,58,0,0],"gold":78,"neow_bonus":"HUNDRED_GOLD","is_daily":false,"chose_seed":false,"campfire_upgraded":4,"win_rate":0.0,"timestamp":1608418124,"path_taken":["M","$","M","M","?","R","E","R","T","R","$","M","E","M","R","BOSS","M","?","?","$","M","R","$","R","T","E","R","?","R","M","R","BOSS","M","?","?","?","?","R","E","?","T","$","M","$","M","$","R","BOSS"],"items_purchased_type":["Card","Card","Card","Relic","Card","Card","Card","Relic"],"build_version":"2020-12-13","purchased_purges":2,"victory":false,"max_hp_per_floor":[80,80,80,80,80,80,80,80,80,80,80,80,80,80,80,80,80,80,80,80,80,80,80,80,80,80,80,80,80,80,80,80,80,80,83,83,83,83,83,83,90,90,90,90,90,90,90,90,90,90,90],"card_choices":[{"not_picked":["Dual Wield","Sword Boomerang"],"picked":"Rupture","floor":1.0},{"not_picked":["Shrug It Off","Warcry"],"picked":"Spot Weakness","floor":3.0},{"not_picked":["Carnage","Dropkick"],"picked":"Rupture","floor":4.0},{"not_picked":["Flex","Second Wind"],"picked":"Pummel","floor":7.0},{"not_picked":["Cleave","Havoc"],"picked":"Wild Strike","floor":12.0},{"not_picked":["Reckless Charge","Iron Wave"],"picked":"Blood for Blood","floor":13.0},{"not_picked":["True Grit","Spot Weakness"],"picked":"Inflame","floor":14.0},{"not_picked":["Corruption","Juggernaut"],"picked":"Limit Break","floor":16.0},{"not_picked":["Warcry","Havoc"],"picked":"Metallicize+1","floor":18.0},{"not_picked":["Clothesline","Shockwave","Sentinel+1"],"picked":"SKIP","floor":20.0},{"not_picked":["Flex","Carnage","Headbutt"],"picked":"SKIP","floor":22.0},{"not_picked":["Corruption","Fire Breathing","Wild Strike"],"picked":"SKIP","floor":27.0},{"not_picked":["Flex+1","Warcry"],"picked":"Pummel","floor":29.0},{"not_picked":["Hemokinesis","Iron Wave"],"picked":"Demon Form","floor":31.0},{"not_picked":["Double Tap","Corruption"],"picked":"Feed","floor":33.0},{"not_picked":["Sword Boomerang+1","Evolve+1"],"picked":"Body Slam+1","floor":35.0},{"not_picked":["Flex+1","Clash+1"],"picked":"Shrug It Off+1","floor":39.0},{"not_picked":["Headbutt","Perfected Strike"],"picked":"Combust+1","floor":41.0},{"not_picked":["Whirlwind","Twin Strike","Clash"],"picked":"SKIP","floor":45},{"not_picked":["Thunderclap","Cleave+1"],"picked":"Metallicize+1","floor":47}],"player_experience":351491,"relics_obtained":[{"floor":7.0,"key":"MealTicket"},{"floor":13.0,"key":"Lantern"},{"floor":26.0,"key":"Art of War"},{"floor":27.0,"key":"Self Forming Clay"},{"floor":38.0,"key":"Gambling Chip"},{"floor":41.0,"key":"Strawberry"},{"floor":42.0,"key":"Gremlin Horn"},{"floor":43.0,"key":"Whetstone"}],"event_choices":[{"damage_healed":0.0,"max_hp_gain":0.0,"max_hp_loss":0.0,"gold_gain":0.0,"event_name":"Upgrade Shrine","player_choice":"Upgraded","floor":5.0,"gold_loss":0.0,"damage_taken":0.0,"cards_upgraded":["Shockwave"]},{"damage_healed":0.0,"max_hp_gain":0.0,"max_hp_loss":0.0,"gold_gain":0.0,"event_name":"Tomb of Lord Red Mask","player_choice":"Ignored","floor":36.0,"gold_loss":0.0,"damage_taken":0.0},{"damage_healed":0.0,"max_hp_gain":0.0,"max_hp_loss":0.0,"gold_gain":3.0,"event_name":"betterStone:BetterStone","player_choice":"1","floor":37.0,"gold_loss":0.0,"damage_taken":0.0},{"damage_healed":0.0,"max_hp_gain":0.0,"max_hp_loss":0.0,"gold_gain":0.0,"event_name":"MindBloom","player_choice":"Fight","floor":38.0,"gold_loss":0.0,"damage_taken":0.0}],"is_beta":false,"boss_relics":[{"not_picked":["Fusion Hammer","Mark of Pain"],"picked":"Runic Pyramid"},{"not_picked":["Black Star","Philosopher\u0027s Stone"],"picked":"Cursed Key"}],"items_purged_floors":[19,44],"is_endless":false,"potions_floor_spawned":[1,7,13,14,18,22,27,35,39,45],"killed_by":"Donu and Deca","ascension_level":9}}