{"host":"egyxg9lnjq7g2hmw","time":1608364700,"event":{"mods":["AchievementEnabler","BaseMod","Block Reminder","Colored Map","Colored Powertips","Highlight Path","Minty Spire (QoL Compilation)","Rare Cards Sparkle","StSLib"],"gold_per_floor":[18,18,18,43,59,93,93,133,133,133,147,161,161,175,175,265,265,280,205,205,120,144,144,15,59,86,86,107,107,127,150,150,150,150],"floor_reached":33,"playtime":1779,"items_purged":["Strike_G"],"score":554,"play_id":"54ffada3-eadf-4886-bd55-b82211050243","local_time":"20201218235820","is_ascension_mode":true,"campfire_choices":[{"data":"Predator","floor":7.0,"key":"SMITH"},{"floor":10.0,"key":"REST"},{"data":"Underhanded Strike","floor":13.0,"key":"SMITH"},{"data":"Concentrate","floor":15.0,"key":"SMITH"},{"floor":23.0,"key":"REST"},{"data":"RitualDagger","floor":27.0,"key":"SMITH"},{"data":"Footwork","floor":29.0,"key":"SMITH"},{"floor":32.0,"key":"REST"}],"circlet_count":0,"master_deck":["AscendersBane","Strike_G","Strike_G","Strike_G","Defend_G","Defend_G","Defend_G","Defend_G","Defend_G","Survivor","Neutralize","Predator+1","Underhanded Strike+1","Backstab","Dash","Concentrate+1","After Image","Acrobatics","RitualDagger+1","Footwork+1","Backstab"],"relics":["Ring of the Serpent","Gambling Chip","Golden Idol","Bronze Scales","Shuriken","Bag of Marbles","Akabeko","HornCleat","Snake Skull"],"acts_visited":["Exordium","TheCity"],"potions_floor_usage":[33],"damage_taken":[{"damage":1.0,"enemies":"2 Louse","floor":1.0,"turns":4.0},{"damage":1.0,"enemies":"Small Slimes","floor":4.0,"turns":4.0},{"damage":0.0,"enemies":"Jaw Worm","floor":5.0,"turns":5.0},{"damage":14.0,"enemies":"Gremlin Nob","floor":6.0,"turns":4.0},{"damage":40.0,"enemies":"Lagavulin","floor":8.0,"turns":5.0},{"damage":0.0,"enemies":"Large Slime","floor":11.0,"turns":4.0},{"damage":0.0,"enemies":"Exordium Thugs","floor":12.0,"turns":2.0},{"damage":0.0,"enemies":"Looter","floor":14.0,"turns":1.0},{"damage":9.0,"enemies":"Hexaghost","floor":16.0,"turns":8.0},{"damage":18.0,"enemies":"Shell Parasite","floor":18.0,"turns":5.0},{"damage":0.0,"enemies":"2 Thieves","floor":22.0,"turns":4.0},{"damage":13.0,"enemies":"Book of Stabbing","floor":25.0,"turns":4.0},{"damage":1.0,"enemies":"3 Cultists","floor":28.0,"turns":4.0},{"damage":0.0,"enemies":"Cultist and Chosen","floor":30.0,"turns":5.0},{"damage":5.0,"enemies":"Chosen and Byrds","floor":31.0,"turns":7.0},{"damage":57,"enemies":"Champ","floor":33,"turns":11}],"seed_played":"-9118670642035272194","potions_obtained":[{"floor":1.0,"key":"Block Potion"},{"floor":4.0,"key":"Explosive Potion"},{"floor":14.0,"key":"FearPotion"},{"floor":28.0,"key":"Weak Potion"},{"floor":30.0,"key":"Energy Potion"}],"is_trial":false,"path_per_floor":["M","$","?","M","M","E","R","E","T","R","M","M","R","M","R","B",null,"M","?","?","?","M","R","$","E","T","R","M","R","M","M","R","B"],"character_chosen":"THE_SILENT","items_purchased":["ColorlessPotion"],"campfire_rested":3,"item_purchase_floors":[24],"current_hp_per_floor":[58,58,58,57,57,43,43,3,3,21,21,21,21,21,21,12,48,30,30,24,24,24,42,42,29,29,29,28,28,28,23,41,0,0],"gold":150,"neow_bonus":"ONE_RARE_RELIC","is_daily":false,"chose_seed":false,"campfire_upgraded":5,"win_rate":0.0,"timestamp":1608364700,"path_taken":["M","$","?","M","M","E","R","E","T","R","M","M","R","M","R","BOSS","M","?","?","?","M","R","$","E","T","R","M","R","M","M","R","BOSS"],"items_purchased_type":["Potion"],"build_version":"2020-12-13","purchased_purges":1,"victory":false,"max_hp_per_floor":[66,66,60,60,60,60,60,60,60,60,60,60,60,60,60,60,60,60,60,60,60,60,60,60,60,60,60,60,60,60,60,60,60,60],"card_choices":[{"not_picked":["Slice","Deflect"],"picked":"Predator","floor":1.0},{"not_picked":["Setup","Catalyst"],"picked":"Underhanded Strike","floor":4.0},{"not_picked":["Bane","Cloak And Dagger","Endless Agony"],"picked":"SKIP","floor":5.0},{"not_picked":["Riddle With Holes","Quick Slash","Blade Dance"],"picked":"SKIP","floor":6.0},{"not_picked":["Dagger Throw","PiercingWail"],"picked":"Backstab","floor":8.0},{"not_picked":["Dodge and Roll","Dagger Spray","Catalyst"],"picked":"SKIP","floor":11.0},{"not_picked":["Bane","Deflect"],"picked":"Dash","floor":12.0},{"not_picked":["Dagger Spray","Concentrate","Grand Finale"],"picked":"SKIP","floor":14.0},{"not_picked":["Dagger Spray","Grand Finale"],"picked":"Concentrate","floor":14.0},{"not_picked":["Die Die Die","Venomology"],"picked":"After Image","floor":16.0},{"not_picked":["Choke","Deflect"],"picked":"Acrobatics","floor":18.0},{"not_picked":["Blade Dance","Concentrate"],"picked":"Footwork","floor":22.0},{"not_picked":["Riddle With Holes","Deflect","Slice"],"picked":"SKIP","floor":25.0},{"not_picked":["Blade Dance","Deadly Poison","Riddle With Holes"],"picked":"SKIP","floor":28.0},{"not_picked":["Predator","Noxious Fumes","Dodge and Roll"],"picked":"SKIP","floor":30.0},{"not_picked":["Sucker Punch","Acrobatics"],"picked":"Backstab","floor":31.0}],"player_experience":532233,"relics_obtained":[{"floor":6.0,"key":"Bronze Scales"},{"floor":8.0,"key":"Shuriken"},{"floor":9.0,"key":"Bag of Marbles"},{"floor":25.0,"key":"HornCleat"},{"floor":26.0,"key":"Snake Skull"}],"event_choices":[{"damage_healed":0.0,"max_hp_gain":0.0,"max_hp_loss":6.0,"gold_gain":0.0,"event_name":"Golden Idol","player_choice":"Lose Max HP","floor":3.0,"gold_loss":0.0,"damage_taken":0.0,"relics_obtained":["Golden Idol"]},{"cards_removed":["Strike_G"],"damage_healed":0.0,"max_hp_gain":0.0,"max_hp_loss":0.0,"gold_gain":0.0,"event_name":"Beggar","player_choice":"Gave Gold","floor":19.0,"gold_loss":75.0,"damage_taken":0.0},{"damage_healed":0.0,"max_hp_gain":0.0,"max_hp_loss":0.0,"gold_gain":0.0,"event_name":"Nest","player_choice":"Joined the Cult","floor":20.0,"gold_loss":0.0,"damage_taken":6.0,"cards_obtained":["RitualDagger"]},{"damage_healed":0.0,"max_hp_gain":0.0,"max_hp_loss":0.0,"gold_gain":0.0,"event_name":"Addict","player_choice":"Obtained Relic","floor":21.0,"gold_loss":85.0,"damage_taken":0.0,"relics_obtained":["Akabeko"]}],"is_beta":false,"boss_relics":[{"not_picked":["Coffee Dripper","Calling Bell"],"picked":"Ring of the Serpent"}],"items_purged_floors":[24],"is_endless":false,"potions_floor_spawned":[1,4,14,28,30],"killed_by":"Champ","ascension_level":20}}