{"host":"6ve8qn5s1am4lo6s","time":1608386237,"event":{"mods":["AchievementEnabler","BaseMod","BetterRewards","Downfall","Friendly Minions","GifTheSpireLib","Minty Spire (QoL Compilation)","Permanent Neow","Relic Stats","StSLib"],"gold_per_floor":[99,119,44,79,79,89,89,14,29,55,55,66,66,66,85,182,182,107,120,138,138,150,150,232,251,251,251,251],"floor_reached":27,"playtime":3239,"items_purged":[],"score":248,"play_id":"ec71d081-540a-4b3b-9616-e5d6c9e1d31d","local_time":"20201219085717","is_ascension_mode":false,"campfire_choices":[{"floor":1.0,"key":"RECALL"},{"data":"hexamod:Defend","floor":3.0,"key":"SMITH"},{"data":"hexamod:HexaLevel","floor":5,"key":"SMITH"},{"data":"hexamod:InspiringFlames","floor":8,"key":"SMITH"},{"data":"hexamod:CatchUp","floor":18,"key":"SMITH"},{"data":"hexamod:RadiantFlame","floor":21,"key":"SMITH"},{"data":"hexamod:EmpoweredFlame","floor":23,"key":"SMITH"},{"data":"hexamod:GhostOfSpirePast","floor":26,"key":"SMITH"}],"circlet_count":0,"master_deck":["hexamod:Strike","hexamod:Strike","hexamod:Strike","hexamod:Strike","hexamod:Defend+1","hexamod:Defend","hexamod:Defend","hexamod:Defend","hexamod:Sear","hexamod:Float+1","hexamod:HauntingEcho","hexamod:HexaLevel+1","hexamod:InspiringFlames+1","hexamod:RadiantFlame+1","hexamod:FirstSeal","hexamod:StepThrough","hexamod:CatchUp+1","hexamod:WildfireWeapon","hexamod:FastForward","hexamod:EmpoweredFlame+1","hexamod:GhostOfSpirePast+1"],"relics":["hexamod:SpiritBrand","downfall:HeartBlessingRed","Eternal Feather","downfall:HeartBlessingBlue","Potion Belt","SlaversCollar","downfall:HeartBlessingGreen","Bottled Flame"],"acts_visited":["Exordium","TheCity"],"potions_floor_usage":[16,19,22],"damage_taken":[{"damage":0.0,"enemies":"2 Louse","floor":2.0,"turns":3.0},{"damage":20.0,"enemies":"3 Sentries","floor":4.0,"turns":9.0},{"damage":6,"enemies":"Small Slimes","floor":6,"turns":3},{"damage":0,"enemies":"Cultist","floor":9,"turns":4},{"damage":6,"enemies":"Lagavulin","floor":10,"turns":6},{"damage":7,"enemies":"Red Slaver","floor":12,"turns":4},{"damage":1,"enemies":"Blue Slaver","floor":15,"turns":5},{"damage":13,"enemies":"downfall:Silent","floor":16,"turns":6},{"damage":4,"enemies":"Shell Parasite","floor":19,"turns":6},{"damage":8,"enemies":"Centurion and Healer","floor":20,"turns":6},{"damage":0,"enemies":"Snecko","floor":22,"turns":5},{"damage":46,"enemies":"Chosen and Byrds","floor":25,"turns":5},{"damage":64,"enemies":"Slavers","floor":27,"turns":4}],"seed_played":"-6513520004763298107","potions_obtained":[{"floor":4.0,"key":"Ancient Potion"},{"floor":10,"key":"SpeedPotion"},{"floor":14,"key":"champ:CounterPotion"},{"floor":14,"key":"sneckomod:MuddlingPotion"},{"floor":14,"key":"Block Potion"},{"floor":15,"key":"AttackPotion"},{"floor":19,"key":"Fruit Juice"},{"floor":25,"key":"SpeedPotion"}],"is_trial":false,"path_per_floor":["R","M","R","E","R","M","T","R","M","E","?","M","?","?","M","B",null,"R","M","M","R","M","R","T","M","R","E"],"character_chosen":"THE_SPIRIT","items_purchased":[],"campfire_rested":0,"item_purchase_floors":[],"current_hp_per_floor":[70,70,70,50,56,50,50,66,66,60,53,46,46,46,52,39,80,80,85,84,85,85,85,85,46,58,0,0],"gold":251,"neow_bonus":"UPGRADE_CARD","is_daily":false,"chose_seed":false,"campfire_upgraded":7,"win_rate":0.0,"timestamp":1608386237,"path_taken":["R","M","R","E","R","M","T","R","M","E","?","M","?","?","M","BOSS","R","?","M","R","M","R","T","M","R","E"],"items_purchased_type":[],"build_version":"2020-12-13","purchased_purges":0,"victory":false,"max_hp_per_floor":[70,70,70,70,70,70,70,80,80,80,80,80,80,80,80,80,80,80,85,85,85,85,85,85,85,85,85,85],"relic_stats":{"counters":[13,66],"Eternal Feather":25,"obtain_stats":[{"Potion Belt":10,"SlaversCollar":17,"Bottled Flame":24,"downfall:HeartBlessingRed":3,"downfall:HeartBlessingBlue":8,"Eternal Feather":4,"downfall:HeartBlessingGreen":18,"hexamod:SpiritBrand":0},{"Potion Belt":5,"SlaversCollar":8,"Bottled Flame":11,"downfall:HeartBlessingRed":1,"downfall:HeartBlessingBlue":3,"Eternal Feather":2,"downfall:HeartBlessingGreen":8,"hexamod:SpiritBrand":0},{"Potion Belt":25,"SlaversCollar":40,"Bottled Flame":57,"downfall:HeartBlessingRed":3,"downfall:HeartBlessingBlue":15,"Eternal Feather":12,"downfall:HeartBlessingGreen":40,"hexamod:SpiritBrand":0}]},"card_choices":[{"not_picked":["hexamod:SwordOfDarkness","hexamod:NightmareStrike"],"picked":"hexamod:HauntingEcho","floor":2.0},{"not_picked":["hexamod:GhostShield","hexamod:Hexaguard"],"picked":"hexamod:HexaLevel","floor":4.0},{"not_picked":["hexamod:SwordOfDarkness","hexamod:NecessarySacrifice"],"picked":"hexamod:InspiringFlames","floor":6},{"not_picked":["hexamod:HeatShield","hexamod:BacktrackSmack"],"picked":"hexamod:RadiantFlame","floor":9},{"not_picked":["hexamod:GhostShield","hexamod:RainOfEmbers","hexamod:AdvancingGuard"],"picked":"SKIP","floor":10},{"not_picked":["hexamod:NecessarySacrifice","hexamod:GhostLash"],"picked":"hexamod:StepThrough","floor":12},{"not_picked":["hexamod:GhostShield","hexamod:Firestarter"],"picked":"hexamod:CatchUp","floor":15},{"not_picked":["hexamod:SearingWound","hexamod:ParanormalForm"],"picked":"hexamod:WildfireWeapon","floor":16},{"not_picked":["hexamod:BurningTouch","hexamod:AdvancingGuard","hexamod:ThermalTransfer"],"picked":"SKIP","floor":19},{"not_picked":["hexamod:PhantomCloak+1","hexamod:FirstSeal"],"picked":"hexamod:FastForward","floor":20},{"not_picked":["hexamod:ShieldOfDarkness","hexamod:NightmareStrike"],"picked":"hexamod:EmpoweredFlame","floor":22},{"not_picked":["hexamod:AdvancingGuard+1","hexamod:NightmareStrike"],"picked":"hexamod:GhostOfSpirePast","floor":25}],"player_experience":301945,"relics_obtained":[{"floor":4.0,"key":"Eternal Feather"},{"floor":10,"key":"Potion Belt"},{"floor":24,"key":"Bottled Flame"}],"event_choices":[{"damage_healed":0,"gold_gain":0,"player_choice":"Got Potions","damage_taken":0,"max_hp_gain":0,"max_hp_loss":0,"event_name":"Lab","floor":14,"gold_loss":0}],"is_beta":false,"boss_relics":[{"not_picked":["Astrolabe","Black Star"],"picked":"SlaversCollar"}],"items_purged_floors":[],"is_endless":false,"potions_floor_spawned":[4,10,15,19,25],"killed_by":"Slavers","ascension_level":0}}