{"host":"xcuflocadasoaqda","time":1608400219,"event":{"mods":["BaseMod","Bestiary","Filter the Spire","Minty Spire (QoL Compilation)","Relic Stats"],"gold_per_floor":[116,116,127,140,153,153,185,185,185,216,235,73,73,102,102,181,181,191,207,207,217,62,95,95,127,127,17,17,35,50,61,61,138,138,151,163,163,188,206,233,233,260,260,260,260,134,169,186,186,186,186,186,186,52,82,82],"floor_reached":57,"playtime":2821,"items_purged":["Masterful Stab","Bane","Poisoned Stab"],"score":3325,"play_id":"7c65e75d-2678-48c8-a365-11e8a036ad43","local_time":"20201219115019","is_ascension_mode":true,"campfire_choices":[{"data":"Corpse Explosion","floor":6.0,"key":"SMITH"},{"data":"Footwork","floor":8.0,"key":"SMITH"},{"data":"Glass Knife","floor":15.0,"key":"SMITH"},{"data":"Footwork","floor":28,"key":"SMITH"},{"data":"Dash","floor":32,"key":"SMITH"},{"floor":41,"key":"RECALL"},{"floor":44,"key":"DIG"},{"floor":49,"key":"DIG"},{"floor":53,"key":"DIG"}],"circlet_count":0,"master_deck":["AscendersBane","Survivor","Neutralize+1","Deflect","Corpse Explosion+1","Dash+1","Blur","Backflip","Footwork+1","Catalyst+1","PiercingWail+1","Glass Knife+1","Deadly Poison+1","After Image","CurseOfTheBell","Adrenaline+1","Catalyst+1","Crippling Poison+1","Necronomicurse","Footwork+1","Dash+1","Backflip+1","Burst+1","Calculated Gamble+1","Dark Shackles+1","Backflip+1","Deadly Poison+1","Blur+1","Blur+1","Noxious Fumes"],"relics":["Pandora\u0027s Box","Toxic Egg 2","Strawberry","Meat on the Bone","Akabeko","Bag of Marbles","Blue Candle","Calling Bell","Art of War","Sundial","Tough Bandages","Anchor","Necronomicon","Dream Catcher","Letter Opener","Busted Crown","Shovel","Omamori","Juzu Bracelet","Smiling Mask","Molten Egg 2","Pen Nib","Bottled Tornado","Whetstone"],"acts_visited":["Exordium","TheCity","TheBeyond","TheEnding"],"potions_floor_usage":[25,56,56],"damage_taken":[{"damage":0.0,"enemies":"2 Louse","floor":1.0,"turns":1.0},{"damage":0.0,"enemies":"Cultist","floor":3.0,"turns":2.0},{"damage":0.0,"enemies":"Jaw Worm","floor":4.0,"turns":2.0},{"damage":0.0,"enemies":"Gremlin Gang","floor":5.0,"turns":3.0},{"damage":0.0,"enemies":"3 Sentries","floor":7.0,"turns":2.0},{"damage":0.0,"enemies":"Lagavulin","floor":10.0,"turns":5.0},{"damage":0.0,"enemies":"Large Slime","floor":11.0,"turns":2.0},{"damage":0.0,"enemies":"Gremlin Nob","floor":14.0,"turns":3.0},{"damage":0.0,"enemies":"The Guardian","floor":16.0,"turns":8.0},{"damage":0.0,"enemies":"2 Thieves","floor":18.0,"turns":4.0},{"damage":2.0,"enemies":"Shell Parasite","floor":19.0,"turns":4.0},{"damage":0.0,"enemies":"Snecko","floor":21.0,"turns":2.0},{"damage":1.0,"enemies":"Gremlin Leader","floor":23.0,"turns":4.0},{"damage":25,"enemies":"Book of Stabbing","floor":25,"turns":5},{"damage":0,"enemies":"Snake Plant","floor":29,"turns":2},{"damage":0,"enemies":"3 Cultists","floor":30,"turns":1},{"damage":0,"enemies":"Cultist and Chosen","floor":31,"turns":2},{"damage":24,"enemies":"Champ","floor":33,"turns":7},{"damage":1,"enemies":"3 Shapes","floor":35,"turns":4},{"damage":1,"enemies":"3 Darklings","floor":36,"turns":3},{"damage":0,"enemies":"Mind Bloom Boss Battle","floor":38,"turns":3},{"damage":3,"enemies":"Jaw Worm Horde","floor":39,"turns":5},{"damage":6,"enemies":"Giant Head","floor":40,"turns":5},{"damage":0,"enemies":"Nemesis","floor":42,"turns":5},{"damage":1,"enemies":"Giant Head","floor":47,"turns":6},{"damage":0,"enemies":"4 Shapes","floor":48,"turns":6},{"damage":0,"enemies":"Time Eater","floor":50,"turns":12},{"damage":23,"enemies":"Awakened One","floor":51,"turns":15},{"damage":0,"enemies":"Shield and Spear","floor":55,"turns":5},{"damage":54,"enemies":"The Heart","floor":56,"turns":11}],"seed_played":"-1372625047354827790","potions_obtained":[{"floor":4.0,"key":"BlessingOfTheForge"},{"floor":7.0,"key":"Swift Potion"},{"floor":21.0,"key":"Fruit Juice"},{"floor":25,"key":"Swift Potion"},{"floor":36,"key":"PowerPotion"}],"is_trial":false,"path_per_floor":["M","?","M","M","M","R","E","R","T","E","M","$","?","E","R","B",null,"M","M","?","M","$","E","?","E","T","?","R","M","M","M","R","B",null,"M","M","?","?","M","E","R","E","T","R","?","$","E","M","R","B","B",null,"R","$","E","B",null],"character_chosen":"THE_SILENT","items_purchased":["Bag of Marbles","Crippling Poison+1","Blur+1","Noxious Fumes"],"campfire_rested":0,"item_purchase_floors":[12,22,46,54],"current_hp_per_floor":[59,59,59,59,59,59,66,66,66,66,66,66,73,73,73,73,73,73,71,71,71,71,70,49,41,41,41,41,41,41,41,41,29,66,65,64,54,54,51,45,45,45,45,45,45,45,44,44,44,44,33,67,67,67,67,25],"gold":82,"neow_bonus":"BOSS_RELIC","is_daily":false,"chose_seed":false,"campfire_upgraded":5,"win_rate":0.0,"timestamp":1608400219,"path_taken":["M","?","M","?","M","R","E","R","T","E","M","$","?","E","R","BOSS","M","?","?","M","?","E","?","E","T","?","R","M","?","M","R","BOSS","M","M","?","?","M","E","R","E","T","R","?","$","E","M","R","BOSS","BOSS","R","$","E","BOSS"],"items_purchased_type":["Relic","Card","Card","Card"],"build_version":"2020-12-13","purchased_purges":3,"victory":true,"max_hp_per_floor":[66,66,66,66,66,66,73,73,73,73,73,73,73,73,73,73,73,73,73,73,73,73,73,73,78,78,78,78,78,78,78,78,78,78,78,78,78,78,78,78,78,78,78,78,78,78,78,78,78,78,78,78,78,78,78,78],"relic_stats":{"counters":[30,139],"Blue Candle":[9],"Pen Nib":[4],"Juzu Bracelet":1,"Letter Opener":[292],"Whetstone":[],"Smiling Mask":125,"Tough Bandages":[150],"Dream Catcher":0,"Busted Crown":24,"Shovel":3,"Sundial":[12],"Pandora\u0027s Box":["Poisoned Stab","Deflect","Bane","Corpse Explosion","Dash","Blur","Setup","Tactician","Masterful Stab","Masterful Stab"],"Art of War":[39],"Necronomicon":[34],"obtain_stats":[{"Juzu Bracelet":42,"Whetstone":55,"Bottled Tornado":53,"Smiling Mask":44,"Tough Bandages":17,"Dream Catcher":25,"Shovel":38,"Sundial":17,"Strawberry":7,"Necronomicon":24,"Toxic Egg 2":2,"Ring of the Snake":0,"Blue Candle":14,"Pen Nib":49,"Omamori":40,"Letter Opener":26,"Akabeko":10,"Calling Bell":17,"Anchor":23,"Busted Crown":34,"Pandora\u0027s Box":0,"Molten Egg 2":47,"Bag of Marbles":12,"Art of War":17,"Meat on the Bone":9},{"Juzu Bracelet":24,"Whetstone":29,"Bottled Tornado":28,"Smiling Mask":24,"Tough Bandages":9,"Dream Catcher":14,"Shovel":21,"Sundial":9,"Strawberry":5,"Necronomicon":13,"Toxic Egg 2":1,"Ring of the Snake":0,"Blue Candle":8,"Pen Nib":26,"Omamori":23,"Letter Opener":14,"Akabeko":6,"Calling Bell":9,"Anchor":13,"Busted Crown":18,"Pandora\u0027s Box":0,"Molten Egg 2":25,"Bag of Marbles":7,"Art of War":9,"Meat on the Bone":5},{"Juzu Bracelet":84,"Whetstone":128,"Bottled Tornado":123,"Smiling Mask":84,"Tough Bandages":28,"Dream Catcher":47,"Shovel":69,"Sundial":28,"Strawberry":10,"Necronomicon":42,"Toxic Egg 2":1,"Ring of the Snake":0,"Blue Candle":20,"Pen Nib":96,"Omamori":79,"Letter Opener":47,"Akabeko":15,"Calling Bell":28,"Anchor":42,"Busted Crown":59,"Pandora\u0027s Box":0,"Molten Egg 2":90,"Bag of Marbles":17,"Art of War":28,"Meat on the Bone":10}],"Meat on the Bone":48},"card_choices":[{"not_picked":["Bane","Acrobatics"],"picked":"Backflip","floor":1.0},{"not_picked":["Bane","Dash"],"picked":"Footwork","floor":3.0},{"not_picked":["Quick Slash","Deadly Poison+1"],"picked":"Catalyst+1","floor":4.0},{"not_picked":["Unload","Quick Slash","Underhanded Strike"],"picked":"SKIP","floor":5.0},{"not_picked":["Endless Agony","Bane"],"picked":"PiercingWail+1","floor":7.0},{"not_picked":["Slice","Grand Finale"],"picked":"Glass Knife","floor":10.0},{"not_picked":["Dash","Quick Slash","Masterful Stab"],"picked":"SKIP","floor":11.0},{"not_picked":["Slice","Terror+1"],"picked":"Deadly Poison+1","floor":14.0},{"not_picked":["Envenom","Glass Knife"],"picked":"After Image","floor":16.0},{"not_picked":["Poisoned Stab","Dagger Spray","Sucker Punch"],"picked":"SKIP","floor":18.0},{"not_picked":["Eviscerate","Blur+1"],"picked":"Adrenaline+1","floor":19.0},{"not_picked":["Cloak And Dagger+1","Quick Slash","Sucker Punch"],"picked":"SKIP","floor":21.0},{"not_picked":["Sucker Punch","Quick Slash","Blade Dance+1"],"picked":"SKIP","floor":23.0},{"not_picked":["Expertise+1","Deflect+1"],"picked":"Footwork","floor":25},{"not_picked":["Flying Knee","Riddle With Holes"],"picked":"Dash+1","floor":29},{"not_picked":["Prepared+1","Crippling Poison+1"],"picked":"Backflip+1","floor":30},{"not_picked":["Slice","Endless Agony","Blade Dance+1"],"picked":"SKIP","floor":31},{"not_picked":["Glass Knife","Malaise+1"],"picked":"Burst+1","floor":33},{"not_picked":[],"picked":"Calculated Gamble+1","floor":35},{"not_picked":["Dagger Throw"],"picked":"SKIP","floor":36},{"not_picked":[],"picked":"Dark Shackles+1","floor":37},{"not_picked":[],"picked":"Backflip+1","floor":38},{"not_picked":["Deadly Poison+1"],"picked":"SKIP","floor":39},{"not_picked":[],"picked":"Deadly Poison+1","floor":39},{"not_picked":["Quick Slash+1"],"picked":"SKIP","floor":40},{"not_picked":[],"picked":"Blur+1","floor":42},{"not_picked":["Deadly Poison+1"],"picked":"SKIP","floor":47},{"not_picked":["Cloak And Dagger+1"],"picked":"SKIP","floor":48},{"not_picked":["Bane+1"],"picked":"SKIP","floor":55}],"player_experience":1751818,"relics_obtained":[{"floor":7.0,"key":"Strawberry"},{"floor":9.0,"key":"Meat on the Bone"},{"floor":10.0,"key":"Akabeko"},{"floor":14.0,"key":"Blue Candle"},{"floor":17.0,"key":"Art of War"},{"floor":17.0,"key":"Sundial"},{"floor":17.0,"key":"Tough Bandages"},{"floor":23.0,"key":"Anchor"},{"floor":24.0,"key":"Necronomicon"},{"floor":25,"key":"Dream Catcher"},{"floor":26,"key":"Letter Opener"},{"floor":38,"key":"Shovel"},{"floor":40,"key":"Omamori"},{"floor":42,"key":"Juzu Bracelet"},{"floor":44,"key":"Smiling Mask"},{"floor":47,"key":"Molten Egg 2"},{"floor":49,"key":"Pen Nib"},{"floor":53,"key":"Bottled Tornado"},{"floor":55,"key":"Whetstone"}],"event_choices":[{"cards_removed":["Tactician"],"damage_healed":0.0,"max_hp_gain":0.0,"max_hp_loss":0.0,"gold_gain":0.0,"event_name":"WeMeetAgain","player_choice":"Gave Card","floor":2.0,"gold_loss":0.0,"damage_taken":0.0,"relics_obtained":["Toxic Egg 2"]},{"cards_removed":["Setup"],"damage_healed":7.0,"max_hp_gain":0.0,"max_hp_loss":0.0,"gold_gain":0.0,"event_name":"Bonfire Elementals","player_choice":"Offered Uncommon","floor":13.0,"gold_loss":0.0,"damage_taken":0.0},{"damage_healed":0.0,"max_hp_gain":0.0,"max_hp_loss":0.0,"gold_gain":0.0,"event_name":"Match and Keep!","player_choice":"1 cards matched","floor":20.0,"gold_loss":0.0,"damage_taken":0.0,"cards_obtained":["Catalyst"]},{"damage_healed":0.0,"max_hp_gain":0.0,"max_hp_loss":0.0,"gold_gain":0.0,"event_name":"Cursed Tome","player_choice":"Obtained Book","floor":24.0,"gold_loss":0.0,"damage_taken":21.0},{"cards_removed":["Masterful Stab"],"damage_healed":0,"gold_gain":0,"player_choice":"Upgrade and Remove","damage_taken":0,"max_hp_gain":0,"max_hp_loss":0,"event_name":"Designer","floor":27,"gold_loss":110,"cards_upgraded":["Neutralize"]},{"damage_healed":0,"gold_gain":0,"player_choice":"Memory 3","damage_taken":10,"max_hp_gain":0,"max_hp_loss":0,"event_name":"SensoryStone","floor":37,"gold_loss":0},{"damage_healed":0,"gold_gain":0,"player_choice":"Fight","damage_taken":0,"max_hp_gain":0,"max_hp_loss":0,"event_name":"MindBloom","floor":38,"gold_loss":0},{"damage_healed":0,"gold_gain":0,"player_choice":"Ignored","damage_taken":0,"max_hp_gain":0,"max_hp_loss":0,"event_name":"Tomb of Lord Red Mask","floor":45,"gold_loss":0}],"is_beta":false,"boss_relics":[{"not_picked":["Velvet Choker","Ectoplasm"],"picked":"Calling Bell"},{"not_picked":["Astrolabe","WristBlade"],"picked":"Busted Crown"}],"items_purged_floors":[22,46,54],"is_endless":false,"potions_floor_spawned":[4,7,10,11,18,21,25,29,35,36,40,42],"ascension_level":20}}