{"host":"w4b7hmige5bnqipq","time":1608364994,"event":{"mods":["BaseMod","Minty Spire (QoL Compilation)","Rare Cards Sparkle","SuperFastMode","everything is the same but u backflip on backflip","slay the spire mod where everything is the same but ironclad has a cowboy hat"],"gold_per_floor":[109,59,59,69,80,112,132,163,163,163,238,252,272,304,304,377,377,392,192,192,291,303,303,303],"floor_reached":23,"playtime":835,"items_purged":["Strike_R"],"score":359,"play_id":"51d33145-68e0-4be9-a485-c142a7443a6c","local_time":"20201219160314","is_ascension_mode":true,"campfire_choices":[{"data":"Immolate","floor":10.0,"key":"SMITH"},{"data":"Barricade","floor":15.0,"key":"SMITH"}],"circlet_count":0,"master_deck":["AscendersBane","Strike_R","Defend_R","Defend_R","Defend_R","Bash","Impervious","Wild Strike","Twin Strike","Shrug It Off","Immolate+1","Power Through","Havoc","Barricade+1","Berserk","Feed+1","Iron Wave+1","Hemokinesis+1","Dropkick","Evolve","Shrug It Off","Pain","Battle Trance"],"relics":["Burning Blood","Calipers","Juzu Bracelet","Bag of Marbles","Astrolabe","WarpedTongs"],"acts_visited":["TheCity"],"potions_floor_usage":[],"damage_taken":[{"damage":3.0,"enemies":"Small Slimes","floor":1.0,"turns":5.0},{"damage":7.0,"enemies":"Jaw Worm","floor":4.0,"turns":6.0},{"damage":6.0,"enemies":"Cultist","floor":5.0,"turns":3.0},{"damage":24.0,"enemies":"3 Sentries","floor":6.0,"turns":10.0},{"damage":4.0,"enemies":"Red Slaver","floor":7.0,"turns":4.0},{"damage":22.0,"enemies":"Lagavulin","floor":8.0,"turns":8.0},{"damage":0.0,"enemies":"3 Louse","floor":12.0,"turns":1.0},{"damage":0.0,"enemies":"Blue Slaver","floor":13.0,"turns":5.0},{"damage":13.0,"enemies":"Gremlin Nob","floor":14.0,"turns":4.0},{"damage":23.0,"enemies":"Slime Boss","floor":16.0,"turns":15.0},{"damage":2.0,"enemies":"Chosen","floor":18.0,"turns":4.0},{"damage":50,"enemies":"3 Byrds","floor":22,"turns":9},{"damage":26,"enemies":"Book of Stabbing","floor":23,"turns":3}],"seed_played":"-5953319082754995497","potions_obtained":[{"floor":1.0,"key":"ElixirPotion"},{"floor":5.0,"key":"DistilledChaos"},{"floor":6.0,"key":"EssenceOfSteel"},{"floor":13.0,"key":"GamblersBrew"}],"is_trial":false,"path_per_floor":["M","?","$","M","M","E","M","E","T","R","?","M","M","E","R","B",null,"M","$","?","?","M","E"],"character_chosen":"IRONCLAD","items_purchased":["Evolve","Shrug It Off"],"campfire_rested":0,"item_purchase_floors":[19,19],"current_hp_per_floor":[71,71,71,70,70,52,54,38,38,38,31,37,43,36,36,19,61,69,69,69,69,25,0,0],"gold":303,"neow_bonus":"ONE_RANDOM_RARE_CARD","is_daily":false,"chose_seed":false,"campfire_upgraded":2,"win_rate":0.0,"timestamp":1608364994,"path_taken":["M","?","?","M","M","E","M","E","T","R","?","M","M","E","R","BOSS","M","$","?","?","M","E"],"items_purchased_type":["Card","Card"],"build_version":"2020-12-13","purchased_purges":1,"victory":false,"max_hp_per_floor":[75,75,75,75,75,75,75,75,75,75,75,75,75,75,75,75,75,79,79,79,79,79,79,79],"card_choices":[{"not_picked":["Infernal Blade","Perfected Strike"],"picked":"Wild Strike","floor":1.0},{"not_picked":["Intimidate","Anger"],"picked":"Twin Strike","floor":4.0},{"not_picked":["Searing Blow","Twin Strike"],"picked":"Shrug It Off","floor":5.0},{"not_picked":["Dual Wield","Rupture","Heavy Blade"],"picked":"SKIP","floor":6.0},{"not_picked":["Twin Strike","Flame Barrier"],"picked":"Immolate","floor":7.0},{"not_picked":["Searing Blow","Clash"],"picked":"Power Through","floor":8.0},{"not_picked":["True Grit","Heavy Blade"],"picked":"Havoc","floor":12.0},{"not_picked":["True Grit","Clash"],"picked":"Barricade","floor":13.0},{"not_picked":["Iron Wave","Spot Weakness","Twin Strike"],"picked":"SKIP","floor":14.0},{"not_picked":["Reaper","Limit Break"],"picked":"Berserk","floor":16.0},{"not_picked":["Wild Strike","Headbutt"],"picked":"Dropkick","floor":18.0},{"not_picked":["Perfected Strike","Fire Breathing"],"picked":"Battle Trance","floor":22}],"player_experience":396841,"relics_obtained":[{"floor":6.0,"key":"Calipers"},{"floor":8.0,"key":"Juzu Bracelet"},{"floor":9.0,"key":"Bag of Marbles"}],"event_choices":[{"cards_removed":["Strike_R"],"damage_healed":0.0,"max_hp_gain":0.0,"max_hp_loss":0.0,"gold_gain":0.0,"event_name":"The Cleric","player_choice":"Card Removal","floor":2.0,"gold_loss":50.0,"damage_taken":0.0},{"damage_healed":0.0,"max_hp_gain":0.0,"max_hp_loss":0.0,"gold_gain":75.0,"event_name":"FaceTrader","player_choice":"Touch","floor":11.0,"gold_loss":0.0,"damage_taken":7.0},{"damage_healed":0.0,"max_hp_gain":0.0,"max_hp_loss":0.0,"gold_gain":0.0,"event_name":"Accursed Blacksmith","player_choice":"Rummage","floor":20.0,"gold_loss":0.0,"damage_taken":0.0,"relics_obtained":["WarpedTongs"],"cards_obtained":["Pain"]},{"damage_healed":0.0,"max_hp_gain":0.0,"max_hp_loss":0.0,"gold_gain":99.0,"event_name":"Nest","player_choice":"Stole From Cult","floor":21.0,"gold_loss":0.0,"damage_taken":0.0}],"is_beta":false,"boss_relics":[{"not_picked":["Black Star","SacredBark"],"picked":"Astrolabe"}],"items_purged_floors":[19],"is_endless":false,"potions_floor_spawned":[1,5,6,13],"killed_by":"Book of Stabbing","ascension_level":14}}