{"host":"df9o10zwd5ba1nc2","time":1608338902,"event":{"mods":["Aspiration","Bard","BaseMod","Beaked The Cultist","Better Altar","Better Match","Better Note","Better Sensory Stone","Better Skull","Better Third Choice","BetterRewards","CCEM","Clawfect","Colored Map","Conspire","Downfall","GifTheSpireLib","Googly Eyes","Halation","Hermit","Highlight Path","Hubris","Hunter ??","Infinite Spire","Jedi Mod","Jorbs\u0027s Wanderer Trilogy","Mad Scientist","Marisa????????","Minty Spire (QoL Compilation)","Permanent Neow","Replay The Spire","Shade Mod","Shop Mod","Spicy Shops","StSLib","Stuff the Spire","The Administrix","The Animator","The Cursed","The Disciple","The Problem Sleuth","The Servant 0.9.4","Unceasing Turn Reminder","everything is the same but u backflip on backflip","slay the spire mod where everything is the same but ironclad has a cowboy hat"],"gold_per_floor":[111,111,111,111,125,158,10,10,10,10,46,67,82,95,95,221,221,235,235,235,235,36,50,50,50],"floor_reached":24,"playtime":1703,"items_purged":[],"score":204,"play_id":"08d3495f-53d7-4350-b4b8-6c5589a249a5","local_time":"20201218194822","is_ascension_mode":false,"campfire_choices":[{"floor":15,"key":"REST"}],"circlet_count":0,"master_deck":["Strike_G","Strike_G","Strike_G","Strike_G","Strike_G","Defend_G","Defend_G","Defend_G","Defend_G","Defend_G","Survivor","Neutralize+1","Slice","Skewer","jedi:studypoison","Backflip","Crippling Poison","Poisoned Stab","Bouncing Flask","A Thousand Cuts+1","jedi:pocketpoison","StuffTheSpire:CuriosityCurse","Cloak And Dagger","StuffTheSpire:ReptileScales"],"relics":["Ring of the Snake","halation:BottledLove","Golden Idol","jedi:heavyjacket","Art of War","Darkstone Periapt","Chameleon Ring","hubris:HollowSoul","Quantum Egg","infinitespire:CursedDice"],"acts_visited":["Exordium","TheCity"],"potions_floor_usage":[6,16,16],"damage_taken":[{"damage":4,"enemies":"Cultist","floor":1,"turns":5},{"damage":1,"enemies":"Jaw Worm","floor":5,"turns":4},{"damage":18,"enemies":"Gremlin Nob","floor":6,"turns":5},{"damage":30,"enemies":"Lagavulin","floor":11,"turns":7},{"damage":6,"enemies":"conspire:RoseBush","floor":12,"turns":2},{"damage":0,"enemies":"Large Slime","floor":13,"turns":6},{"damage":15,"enemies":"Exordium Thugs","floor":14,"turns":3},{"damage":16,"enemies":"Hexaghost","floor":16,"turns":9},{"damage":12,"enemies":"3 Byrds","floor":18,"turns":7},{"damage":14,"enemies":"Chosen","floor":23,"turns":5},{"damage":0,"enemies":"Gremlin Leader","floor":24,"turns":1}],"seed_played":"2757396781623162921","potions_obtained":[{"floor":1,"key":"Flashbang"},{"floor":6,"key":"Swift Potion"},{"floor":11,"key":"Dexterity Potion"}],"is_trial":false,"path_per_floor":["M","T","?","?","M","E","$","R","T","?","E","M","M","M","R","B",null,"M","?","?","?","$","M","E"],"character_chosen":"THE_SILENT","items_purchased":["Art of War","infinitespire:CursedDice","Cloak And Dagger"],"campfire_rested":1,"item_purchase_floors":[7,22,22],"current_hp_per_floor":[66,66,49,49,48,30,30,30,30,80,50,44,44,29,53,37,80,68,68,74,74,74,60,17,17],"gold":50,"neow_bonus":"ONE_RANDOM_RARE_CARD","is_daily":false,"chose_seed":false,"campfire_upgraded":0,"win_rate":0.0,"timestamp":1608338902,"path_taken":["M","?","?","?","M","E","$","R","T","?","E","?","M","M","R","BOSS","M","?","?","?","$","M","E"],"items_purchased_type":["Relic","Relic","Card"],"build_version":"2020-12-13","purchased_purges":0,"victory":false,"max_hp_per_floor":[70,70,70,70,70,70,70,70,70,80,80,80,80,80,80,80,80,80,80,86,86,86,86,17,17],"card_choices":[{"not_picked":["Dagger Spray","Heel Hook"],"picked":"Slice","floor":1},{"not_picked":["StuffTheSpire:DoubleShiv","StuffTheSpire:Incursion"],"picked":"Skewer","floor":5},{"not_picked":["Skewer","Slice"],"picked":"jedi:studypoison","floor":6},{"not_picked":["hubris:Counter","ReplayTheSpireMod:Tripwire"],"picked":"Backflip","floor":11},{"not_picked":["StuffTheSpire:BumpUp","Skewer"],"picked":"Crippling Poison","floor":12},{"not_picked":["ReplayTheSpireMod:Tripwire","PiercingWail"],"picked":"Poisoned Stab","floor":13},{"not_picked":["StuffTheSpire:DoubleShiv","hubris:SlightOfHand"],"picked":"Bouncing Flask","floor":14},{"not_picked":["Wraith Form v2","Die Die Die"],"picked":"A Thousand Cuts","floor":16},{"not_picked":["StuffTheSpire:BrimstoneBlast","hubris:SlightOfHand"],"picked":"jedi:pocketpoison","floor":18},{"not_picked":["ReplayTheSpireMod:The Works","Dagger Throw"],"picked":"StuffTheSpire:ReptileScales","floor":23}],"player_experience":36236,"relics_obtained":[{"floor":2,"key":"halation:BottledLove"},{"floor":6,"key":"jedi:heavyjacket"},{"floor":9,"key":"Darkstone Periapt"},{"floor":11,"key":"Chameleon Ring"}],"event_choices":[{"damage_healed":0,"gold_gain":0,"player_choice":"Take Damage","damage_taken":17,"relics_obtained":["Golden Idol"],"max_hp_gain":0,"max_hp_loss":0,"event_name":"Golden Idol","floor":3,"gold_loss":0},{"cards_removed":["Doppelganger"],"damage_healed":40,"gold_gain":0,"player_choice":"Offered Rare","damage_taken":0,"max_hp_gain":10,"max_hp_loss":0,"event_name":"Bonfire Elementals","floor":10,"gold_loss":0},{"damage_healed":0,"gold_gain":0,"player_choice":"Ignored","damage_taken":0,"max_hp_gain":0,"max_hp_loss":0,"event_name":"betterNote:BetterNote","floor":19,"gold_loss":0,"cards_obtained":["Regret"]},{"damage_healed":0,"gold_gain":0,"player_choice":"Upgraded","damage_taken":0,"max_hp_gain":0,"max_hp_loss":0,"event_name":"Upgrade Shrine","floor":21,"gold_loss":0,"cards_upgraded":["A Thousand Cuts"]}],"is_beta":false,"boss_relics":[{"not_picked":["Runic Dome","Runic Pyramid"],"picked":"hubris:HollowSoul"}],"items_purged_floors":[],"is_endless":false,"potions_floor_spawned":[1,6,11],"killed_by":"Gremlin Leader","ascension_level":0}}