{"host":"30jsp143e4v19aze","time":1608402805,"event":{"mods":["BaseMod","Colored Map","Highlight Path","Minty Spire (QoL Compilation)","Quick Restart","Relic Sorter","Relic Stats","Say the Spire","StSLib"],"gold_per_floor":[109,128,128,140,140,140,181,193,258,303,329,341,353,365,377,389,389],"floor_reached":16,"playtime":1095,"items_purged":[],"score":316,"play_id":"4d0f1a22-b3e6-45b2-8240-57e27ef7b6cc","local_time":"20201219193325","is_ascension_mode":true,"campfire_choices":[{"data":"Bash","floor":6,"key":"SMITH"},{"data":"Immolate","floor":12,"key":"SMITH"},{"floor":15,"key":"REST"}],"circlet_count":0,"master_deck":["AscendersBane","Strike_R","Strike_R","Strike_R","Defend_R","Defend_R+1","Defend_R","Defend_R","Bash+1","Pommel Strike","Battle Trance+1","Evolve","Wild Strike+1","Immolate+1","Whirlwind","Headbutt"],"relics":["Burning Blood","Golden Idol","MawBank","War Paint","Dream Catcher"],"acts_visited":["Exordium"],"potions_floor_usage":[7,10],"damage_taken":[{"damage":12,"enemies":"Small Slimes","floor":1,"turns":5},{"damage":2,"enemies":"Jaw Worm","floor":2,"turns":3},{"damage":1,"enemies":"Cultist","floor":4,"turns":3},{"damage":32,"enemies":"3 Sentries","floor":7,"turns":12},{"damage":8,"enemies":"Gremlin Nob","floor":10,"turns":3},{"damage":0,"enemies":"3 Louse","floor":11,"turns":1}],"seed_played":"4541577318247125918","potions_obtained":[{"floor":4,"key":"SkillPotion"},{"floor":7,"key":"AttackPotion"}],"is_trial":false,"path_per_floor":["M","M","?","M","?","R","E","$","T","E","M","R","?","?","R","B"],"character_chosen":"IRONCLAD","items_purchased":[],"campfire_rested":1,"item_purchase_floors":[],"current_hp_per_floor":[69,73,73,78,50,50,24,24,24,22,28,28,21,21,45,0,0],"gold":389,"neow_bonus":"TEN_PERCENT_HP_BONUS","is_daily":false,"chose_seed":false,"campfire_upgraded":2,"win_rate":0.0,"timestamp":1608402805,"path_taken":["M","M","?","M","?","R","E","?","T","E","M","R","?","?","R","BOSS"],"items_purchased_type":[],"build_version":"2020-12-13","purchased_purges":0,"victory":false,"max_hp_per_floor":[82,82,82,82,82,82,82,82,82,82,82,82,82,82,82,82,82],"relic_stats":{"Dream Catcher":1,"counters":[7,39],"Golden Idol":18,"War Paint":["Battle Trance","Defend_R"],"MawBank":108,"obtain_stats":[{"Dream Catcher":10,"Golden Idol":5,"War Paint":9,"MawBank":7,"Burning Blood":0},{"Dream Catcher":5,"Golden Idol":3,"War Paint":4,"MawBank":4,"Burning Blood":0},{"Dream Catcher":26,"Golden Idol":11,"War Paint":23,"MawBank":23,"Burning Blood":0}],"Burning Blood":36},"card_choices":[{"not_picked":["Body Slam","Havoc"],"picked":"Pommel Strike","floor":1},{"not_picked":["Twin Strike","Entrench","Heavy Blade"],"picked":"SKIP","floor":2},{"not_picked":["Pommel Strike","Iron Wave"],"picked":"Evolve","floor":4},{"not_picked":["Dark Embrace","Flex"],"picked":"Wild Strike","floor":7},{"not_picked":["Rampage","Pommel Strike"],"picked":"Immolate","floor":10},{"not_picked":["Ghostly Armor","Body Slam"],"picked":"Whirlwind","floor":11},{"not_picked":["Twin Strike","Sword Boomerang"],"picked":"Headbutt","floor":15}],"player_experience":2937278,"relics_obtained":[{"floor":7,"key":"MawBank"},{"floor":9,"key":"War Paint"},{"floor":10,"key":"Dream Catcher"}],"event_choices":[{"damage_healed":0,"gold_gain":0,"cards_transformed":["Strike_R"],"player_choice":"Change","damage_taken":0,"max_hp_gain":0,"max_hp_loss":0,"event_name":"Living Wall","floor":3,"gold_loss":0,"cards_obtained":["Battle Trance"]},{"damage_healed":0,"gold_gain":0,"player_choice":"Take Damage","damage_taken":28,"relics_obtained":["Golden Idol"],"max_hp_gain":0,"max_hp_loss":0,"event_name":"Golden Idol","floor":5,"gold_loss":0},{"cards_removed":["Strike_R"],"damage_healed":0,"gold_gain":0,"player_choice":"Card Removal","damage_taken":7,"max_hp_gain":0,"max_hp_loss":0,"event_name":"Golden Wing","floor":13,"gold_loss":0},{"damage_healed":0,"gold_gain":0,"player_choice":"Upgraded","damage_taken":0,"max_hp_gain":0,"max_hp_loss":0,"event_name":"Upgrade Shrine","floor":14,"gold_loss":0,"cards_upgraded":["Wild Strike"]}],"is_beta":false,"boss_relics":[],"items_purged_floors":[],"is_endless":false,"potions_floor_spawned":[4,7],"killed_by":"The Guardian","ascension_level":20}}