{"host":"fne7yx97fnz7kq05","time":1608414523,"event":{"mods":["BaseMod","Colored Map","Colored Powertips","Downfall","Highlight Path","Minty Spire (QoL Compilation)","Relic Stats","StSLib"],"gold_per_floor":[99,110,128,41,41,53,79,79,89,121,131,195,213,224,239,343,343,343,360,360,371,402,402,452,452,602,602,128,128,38,48,64,162,162,162,180,180,105,90,90,90],"floor_reached":40,"playtime":4032,"items_purged":["Slimebound:Strike_Slimebound"],"score":456,"play_id":"fd34f9df-917c-4ef1-a431-56ef396522af","local_time":"20201219154843","is_ascension_mode":false,"campfire_choices":[{"data":"Slimebound:Split","floor":1,"key":"SMITH"},{"data":"Slimebound:CorrosiveSpit","floor":8,"key":"SMITH"},{"data":"Slimebound:SamplingLick","floor":18,"key":"SMITH"},{"data":"Slimebound:RainOfGoop","floor":20,"key":"SMITH"},{"floor":23,"key":"REST"},{"data":"Slimebound:Gluttony","floor":25,"key":"SMITH"},{"data":"Slimebound:SplitLeeching","floor":27,"key":"SMITH"},{"floor":35,"key":"RECALL"},{"data":"Slimebound:MinionMaster","floor":38,"key":"SMITH"}],"circlet_count":0,"master_deck":["Slimebound:Strike_Slimebound","Slimebound:Tackle","Slimebound:Defend_Slimebound","Slimebound:Defend_Slimebound","Slimebound:Defend_Slimebound","Slimebound:Defend_Slimebound","Slimebound:Split+1","Slimebound:CorrosiveSpit+1","Slimebound:SplitBruiser","Slimebound:AcidTongue","Slimebound:SlimeSpikes","Slimebound:RainOfGoop+1","Slimebound:ItLooksTasty","Slimebound:Gluttony+1","Slimebound:MassFeed","Slimebound:GoopSpray","Slimebound:SamplingLick+1","Slimebound:ViciousTackle","Slimebound:LeechEnergy","Slimebound:GrowthPunch","Slimebound:LeechLife","Slimebound:GoopSpray","Slimebound:PressTheAttack","Slimebound:MinionMaster+1","Slimebound:SplitLeeching+1","Slimebound:SamplingLick+1","Slimebound:TongueLash+1","Slimebound:Schlurp+1","Slimebound:SlimeSpikes","Slimebound:LevelUp","Slimebound:OozeBath","Slimebound:Grow","Slimebound:FormOfPuddle+1","Slimebound:DuplicatedForm","Slimebound:SplitMire","Slimebound:SplitAcid+1","Slimebound:SplitLeeching+1"],"relics":["Slimebound:AbsorbEndCombat","Bag of Preparation","Prayer Wheel","Velvet Choker","Oddly Smooth Stone","Centennial Puzzle","OrangePellets","Nunchaku","Coffee Dripper","downfall:HeartBlessingRed"],"acts_visited":["Exordium","TheCity","TheBeyond"],"potions_floor_usage":[11,12,36],"damage_taken":[{"damage":9,"enemies":"Jaw Worm","floor":2,"turns":3},{"damage":12,"enemies":"Cultist","floor":3,"turns":3},{"damage":12,"enemies":"downfall:FleeingMerchant","floor":4,"turns":4},{"damage":17,"enemies":"Small Slimes","floor":6,"turns":3},{"damage":15,"enemies":"2 Fungi Beasts","floor":9,"turns":3},{"damage":21,"enemies":"Lagavulin","floor":10,"turns":5},{"damage":23,"enemies":"Exordium Thugs","floor":11,"turns":3},{"damage":25,"enemies":"3 Sentries","floor":12,"turns":5},{"damage":22,"enemies":"Large Slime","floor":13,"turns":5},{"damage":19,"enemies":"Blue Slaver","floor":14,"turns":3},{"damage":18,"enemies":"Exordium Thugs","floor":15,"turns":3},{"damage":60,"enemies":"downfall:Ironclad","floor":16,"turns":9},{"damage":13,"enemies":"Chosen","floor":19,"turns":3},{"damage":21,"enemies":"Spheric Guardian","floor":21,"turns":4},{"damage":64,"enemies":"Book of Stabbing","floor":22,"turns":6},{"damage":18,"enemies":"downfall:FleeingMerchant","floor":28,"turns":4},{"damage":30,"enemies":"downfall:FleeingMerchant","floor":30,"turns":4},{"damage":32,"enemies":"3 Cultists","floor":31,"turns":4},{"damage":33,"enemies":"Shelled Parasite and Fungi","floor":32,"turns":6},{"damage":76,"enemies":"downfall:Silent","floor":33,"turns":9},{"damage":11,"enemies":"Orb Walker","floor":36,"turns":4},{"damage":54,"enemies":"downfall:FleeingMerchant","floor":39,"turns":4},{"damage":77,"enemies":"Reptomancer","floor":40,"turns":3}],"seed_played":"8360105599970889019","potions_obtained":[{"floor":2,"key":"SkillPotion"},{"floor":3,"key":"Strength Potion"},{"floor":10,"key":"Block Potion"},{"floor":12,"key":"DuplicationPotion"},{"floor":14,"key":"Strength Potion"},{"floor":15,"key":"Slimebound:SlimyTonguePotion"},{"floor":19,"key":"Slimebound:SlimedPotion"}],"is_trial":false,"path_per_floor":["R","M","M","$","?","M","T","R","M","E","M","?","M","M","M","B",null,"R","M","R","M","E","R","T","R","?","R","$","?","$","M","M","B",null,"R","M","?","R","$","E"],"character_chosen":"SLIMEBOUND","items_purchased":["Slimebound:RainOfGoop","OrangePellets","Slimebound:LevelUp","Nunchaku","Slimebound:Grow"],"campfire_rested":1,"item_purchase_floors":[4,28,28,28,30],"current_hp_per_floor":[66,66,66,66,66,63,63,63,65,63,58,49,50,50,56,45,75,75,72,72,64,26,49,49,49,49,49,43,43,69,55,78,40,78,78,77,77,77,57,0,0],"gold":90,"neow_bonus":"TEN_PERCENT_HP_BONUS","is_daily":false,"chose_seed":false,"campfire_upgraded":7,"win_rate":0.0,"timestamp":1608414523,"path_taken":["R","M","M","$","?","M","T","R","M","E","?","?","M","M","M","BOSS","R","M","R","M","E","R","T","R","?","R","?","?","?","?","M","BOSS","R","M","?","R","$","E"],"items_purchased_type":["Card","Relic","Card","Relic","Card"],"build_version":"2020-12-13","purchased_purges":1,"victory":false,"max_hp_per_floor":[66,66,66,66,66,66,66,66,66,66,66,66,69,72,72,75,75,75,75,75,78,78,78,78,78,78,78,78,78,78,78,78,78,78,78,78,78,78,78,78,78],"relic_stats":{"OrangePellets":[5],"Centennial Puzzle":[24],"Nunchaku":[2],"counters":[23,97],"Prayer Wheel":8,"Bag of Preparation":[38],"obtain_stats":[{"OrangePellets":28,"Centennial Puzzle":24,"Nunchaku":28,"downfall:HeartBlessingRed":38,"Vajra":10,"Velvet Choker":17,"Oddly Smooth Stone":22,"Prayer Wheel":12,"Slimebound:AbsorbEndCombat":0,"Bag of Preparation":7,"Coffee Dripper":34},{"OrangePellets":16,"Centennial Puzzle":15,"Nunchaku":16,"downfall:HeartBlessingRed":21,"Vajra":6,"Velvet Choker":12,"Oddly Smooth Stone":15,"Prayer Wheel":8,"Slimebound:AbsorbEndCombat":0,"Bag of Preparation":4,"Coffee Dripper":20},{"OrangePellets":63,"Centennial Puzzle":59,"Nunchaku":63,"downfall:HeartBlessingRed":90,"Vajra":21,"Velvet Choker":47,"Oddly Smooth Stone":59,"Prayer Wheel":27,"Slimebound:AbsorbEndCombat":0,"Bag of Preparation":13,"Coffee Dripper":86}]},"card_choices":[{"not_picked":["Slimebound:GoopTackle","Slimebound:SlimeTap"],"picked":"Slimebound:SplitBruiser","floor":2},{"not_picked":["Slimebound:RollThrough","Slimebound:GoopTackle"],"picked":"Slimebound:AcidTongue","floor":3},{"not_picked":["Slimebound:RollThrough","Slimebound:SplitMire"],"picked":"Slimebound:SlimeSpikes","floor":4},{"not_picked":["Slimebound:SplitBruiser","Slimebound:SlimeBrawl"],"picked":"Slimebound:ItLooksTasty","floor":6},{"not_picked":["Slimebound:FormOfPuddle","Slimebound:AcidTongue"],"picked":"Slimebound:Gluttony","floor":9},{"not_picked":["Slimebound:PrepareCrush","Slimebound:HauntingLick"],"picked":"Slimebound:MassFeed","floor":10},{"not_picked":["Slimebound:SlimeBrawl","Slimebound:RollThrough"],"picked":"Slimebound:GoopSpray","floor":11},{"not_picked":["Slimebound:GoopTackle","Slimebound:Schlurp"],"picked":"Slimebound:SamplingLick","floor":12},{"not_picked":["Slimebound:RainOfGoop","Slimebound:SplitAcid"],"picked":"Slimebound:ViciousTackle","floor":13},{"not_picked":["Slimebound:LeechEnergy","Slimebound:Repurpose","Slimebound:Chomp"],"picked":"SKIP","floor":13},{"not_picked":["Slimebound:Repurpose","Slimebound:Chomp"],"picked":"Slimebound:LeechEnergy","floor":13},{"not_picked":["Slimebound:ViciousTackle","Slimebound:Schlurp"],"picked":"Slimebound:GrowthPunch","floor":14},{"not_picked":["Slimebound:SlimeSpikes","Slimebound:FirmFortitude"],"picked":"Slimebound:LeechLife","floor":14},{"not_picked":["Slimebound:SplitBruiser","Slimebound:ForwardTackle"],"picked":"Slimebound:GoopSpray","floor":15},{"not_picked":["Slimebound:Prepare","Slimebound:RejuvenatingLick"],"picked":"Slimebound:PressTheAttack","floor":15},{"not_picked":["Slimebound:DuplicatedForm","Slimebound:SlimeSlap"],"picked":"Slimebound:MinionMaster","floor":16},{"not_picked":["Slimebound:Chomp+1","Slimebound:SamplingLick"],"picked":"Slimebound:SplitLeeching","floor":19},{"not_picked":["Slimebound:PressTheAttack","Slimebound:SlimeSpikes"],"picked":"Slimebound:SamplingLick+1","floor":19},{"not_picked":["Slimebound:LeechingTouch","Slimebound:SplitLeeching"],"picked":"Slimebound:TongueLash+1","floor":21},{"not_picked":["Slimebound:RainOfGoop","Slimebound:Equalize"],"picked":"Slimebound:Schlurp+1","floor":21},{"not_picked":["Slimebound:ForwardTackle","Slimebound:FlameTackle+1","Slimebound:FinishingTackle"],"picked":"SKIP","floor":22},{"not_picked":["Slimebound:MegaLick","Slimebound:ViciousTackle"],"picked":"Slimebound:SlimeSpikes","floor":28},{"not_picked":["Slimebound:Schlurp","Slimebound:MegaLick"],"picked":"Slimebound:OozeBath","floor":30},{"not_picked":["Slimebound:SplitBruiser","Slimebound:LeechingTouch"],"picked":"Slimebound:FormOfPuddle+1","floor":31},{"not_picked":["Slimebound:ComboTackle","Slimebound:SamplingLick","Slimebound:Nibble+1"],"picked":"SKIP","floor":31},{"not_picked":["Slimebound:SamplingLick","Slimebound:ItLooksTasty","Slimebound:LeechEnergy"],"picked":"SKIP","floor":32},{"not_picked":["Slimebound:SplitAcid","Slimebound:LeechEnergy","Slimebound:SplitBruiser"],"picked":"SKIP","floor":32},{"not_picked":["Slimebound:OneTwoCombo","Slimebound:OozeBath"],"picked":"Slimebound:DuplicatedForm","floor":33},{"not_picked":["Slimebound:LeechEnergy+1","Slimebound:LevelUp"],"picked":"Slimebound:SplitMire","floor":36},{"not_picked":["Slimebound:SlimeTap+1","Slimebound:SplitBruiser"],"picked":"Slimebound:SplitAcid+1","floor":36},{"not_picked":["Slimebound:GrowthPunch","Slimebound:TongueLash+1"],"picked":"Slimebound:SplitLeeching+1","floor":39}],"player_experience":43505,"relics_obtained":[{"floor":7,"key":"Bag of Preparation"},{"floor":10,"key":"Vajra"},{"floor":12,"key":"Prayer Wheel"},{"floor":22,"key":"Oddly Smooth Stone"},{"floor":24,"key":"Centennial Puzzle"}],"event_choices":[{"cards_removed":["Slimebound:Strike_Slimebound"],"damage_healed":0,"gold_gain":0,"player_choice":"Purged","damage_taken":0,"max_hp_gain":0,"max_hp_loss":0,"event_name":"Purifier","floor":5,"gold_loss":0},{"damage_healed":0,"gold_gain":0,"player_choice":"Ignored","damage_taken":0,"max_hp_gain":0,"max_hp_loss":0,"event_name":"Vampires","floor":29,"gold_loss":0},{"damage_healed":0,"gold_gain":0,"player_choice":"Ignored","damage_taken":0,"max_hp_gain":0,"max_hp_loss":0,"event_name":"Mysterious Sphere","floor":37,"gold_loss":0}],"is_beta":false,"boss_relics":[{"not_picked":["Black Star","Runic Dome"],"picked":"Velvet Choker"},{"not_picked":["Calling Bell","Runic Pyramid"],"picked":"Coffee Dripper"}],"items_purged_floors":[28],"is_endless":false,"potions_floor_spawned":[2,3,10,12,14,15,19],"killed_by":"Reptomancer","ascension_level":0}}