{"host":"vumwfieg2b2mnrfl","time":1608353430,"event":{"mods":["AchievementEnabler","BaseMod","Minty Spire (QoL Compilation)","Rare Cards Sparkle","Relic Stats"],"gold_per_floor":[118,118,38,38,48,382,382,382,382,382,402,428,463,489,489,598,598,620,508,522,542,542,542,586,611,687,697,710,736,736,736,736],"floor_reached":31,"playtime":1300,"items_purged":[],"score":363,"play_id":"70f74098-846e-48f5-aeb0-a418fed455a1","local_time":"20201218225030","is_ascension_mode":true,"campfire_choices":[{"floor":8,"key":"REST"},{"floor":10,"key":"REST"},{"floor":15,"key":"REST"},{"floor":23,"key":"REST"},{"floor":30,"key":"REST"}],"circlet_count":0,"master_deck":["Strike_R+1","Strike_R+1","Strike_R+1","Strike_R+1","Defend_R+1","Defend_R+1","Defend_R+1","Bash","Barricade","Disarm","Feel No Pain","Rage","Immolate","Uppercut","Iron Wave","Armaments","Spot Weakness","Armaments","Reaper","Thunderclap+1","Hemokinesis+1","Ghostly Armor+1","Battle Trance","Reckless Charge+1","True Grit+1","Double Tap","Clothesline+1"],"relics":["Burning Blood","Old Coin","CeramicFish","Potion Belt","Sozu","Orrery","Pocketwatch","Bottled Flame"],"acts_visited":["Exordium","TheCity"],"potions_floor_usage":[16,24],"damage_taken":[{"damage":13,"enemies":"Jaw Worm","floor":1,"turns":6},{"damage":3,"enemies":"Cultist","floor":5,"turns":4},{"damage":63,"enemies":"Lagavulin","floor":6,"turns":16},{"damage":0,"enemies":"2 Louse","floor":11,"turns":1},{"damage":7,"enemies":"2 Fungi Beasts","floor":12,"turns":4},{"damage":34,"enemies":"3 Sentries","floor":13,"turns":9},{"damage":13,"enemies":"Exordium Thugs","floor":14,"turns":5},{"damage":17,"enemies":"The Guardian","floor":16,"turns":18},{"damage":31,"enemies":"Spheric Guardian","floor":18,"turns":9},{"damage":8,"enemies":"Chosen","floor":20,"turns":7},{"damage":39,"enemies":"Shelled Parasite and Fungi","floor":21,"turns":7},{"damage":28,"enemies":"Slavers","floor":24,"turns":7},{"damage":9,"enemies":"Snake Plant","floor":25,"turns":6},{"damage":20,"enemies":"Centurion and Healer","floor":27,"turns":6},{"damage":26,"enemies":"Shelled Parasite and Fungi","floor":28,"turns":3},{"damage":16,"enemies":"Snake Plant","floor":29,"turns":4},{"damage":55,"enemies":"Gremlin Leader","floor":31,"turns":6}],"seed_played":"8468023780474154921","potions_obtained":[{"floor":1,"key":"ElixirPotion"},{"floor":5,"key":"HeartOfIron"},{"floor":6,"key":"ElixirPotion"},{"floor":14,"key":"Energy Potion"}],"is_trial":false,"path_per_floor":["M","?","$","$","M","E","?","R","T","R","M","M","E","M","R","B",null,"M","$","M","M","?","R","E","M","T","M","M","M","R","E"],"character_chosen":"IRONCLAD","items_purchased":["Feel No Pain","Orrery"],"campfire_rested":5,"item_purchase_floors":[3,19],"current_hp_per_floor":[65,65,65,65,68,11,11,35,35,59,65,64,36,29,53,42,71,46,46,50,33,33,57,45,51,51,47,37,27,51,0,0],"gold":736,"neow_bonus":"ONE_RANDOM_RARE_CARD","is_daily":false,"chose_seed":false,"campfire_upgraded":0,"win_rate":0.0,"timestamp":1608353430,"path_taken":["M","?","?","$","M","E","?","R","T","R","M","M","E","M","R","BOSS","M","$","M","M","?","R","E","M","T","M","M","M","R","E"],"items_purchased_type":["Card","Relic"],"build_version":"2020-12-13","purchased_purges":0,"victory":false,"max_hp_per_floor":[80,80,80,80,80,80,80,80,80,80,80,80,80,80,80,80,80,80,80,80,80,80,80,80,80,80,80,80,80,80,80,80],"relic_stats":{"Sozu":4,"counters":[17,118],"CeramicFish":117,"obtain_stats":[{"Potion Belt":13,"Sozu":17,"Bottled Flame":26,"CeramicFish":9,"Orrery":19,"Burning Blood":0,"Old Coin":6,"Pocketwatch":24},{"Potion Belt":6,"Sozu":8,"Bottled Flame":13,"CeramicFish":3,"Orrery":9,"Burning Blood":0,"Old Coin":3,"Pocketwatch":12},{"Potion Belt":40,"Sozu":63,"Bottled Flame":99,"CeramicFish":26,"Orrery":72,"Burning Blood":0,"Old Coin":26,"Pocketwatch":93}],"Burning Blood":96,"Pocketwatch":[24]},"card_choices":[{"not_picked":["Clash","Body Slam"],"picked":"Disarm","floor":1},{"not_picked":["Flex","Anger"],"picked":"Rage","floor":5},{"not_picked":["Uppercut","Flex"],"picked":"Immolate","floor":6},{"not_picked":["Whirlwind","Body Slam"],"picked":"Iron Wave","floor":11},{"not_picked":["Headbutt","Shrug It Off"],"picked":"Armaments","floor":12},{"not_picked":["Thunderclap","Inflame"],"picked":"Spot Weakness","floor":13},{"not_picked":["Rage","Immolate"],"picked":"Armaments","floor":14},{"not_picked":["Juggernaut","Double Tap"],"picked":"Reaper","floor":16},{"not_picked":["Cleave","Anger"],"picked":"Thunderclap+1","floor":18},{"not_picked":["Fire Breathing","Seeing Red+1"],"picked":"Hemokinesis+1","floor":19},{"not_picked":["Thunderclap","True Grit"],"picked":"Ghostly Armor+1","floor":19},{"not_picked":["Perfected Strike","Twin Strike"],"picked":"Battle Trance","floor":19},{"not_picked":["Body Slam","Clothesline"],"picked":"Reckless Charge+1","floor":19},{"not_picked":["Fire Breathing+1","Cleave","Perfected Strike"],"picked":"SKIP","floor":20},{"not_picked":["Power Through","Rage","Iron Wave"],"picked":"SKIP","floor":21},{"not_picked":["Dual Wield","Iron Wave+1"],"picked":"True Grit+1","floor":24},{"not_picked":["Perfected Strike","Pommel Strike"],"picked":"Double Tap","floor":25},{"not_picked":["Headbutt","Sword Boomerang","Warcry"],"picked":"SKIP","floor":27},{"not_picked":["Fire Breathing+1","Flex","Clothesline"],"picked":"SKIP","floor":28},{"not_picked":["Heavy Blade","Sword Boomerang+1"],"picked":"Clothesline+1","floor":29}],"player_experience":254447,"relics_obtained":[{"floor":6,"key":"Old Coin"},{"floor":9,"key":"CeramicFish"},{"floor":13,"key":"Potion Belt"},{"floor":24,"key":"Pocketwatch"},{"floor":26,"key":"Bottled Flame"}],"event_choices":[{"cards_removed":["Strike_R"],"damage_healed":0,"gold_gain":0,"player_choice":"Purged","damage_taken":0,"max_hp_gain":0,"max_hp_loss":0,"event_name":"Purifier","floor":2,"gold_loss":0},{"damage_healed":0,"gold_gain":0,"cards_transformed":["Defend_R"],"player_choice":"Change","damage_taken":0,"max_hp_gain":0,"max_hp_loss":0,"event_name":"Living Wall","floor":7,"gold_loss":0,"cards_obtained":["Uppercut"]},{"damage_healed":0,"gold_gain":0,"player_choice":"Simplicity","damage_taken":0,"max_hp_gain":0,"max_hp_loss":0,"event_name":"Back to Basics","floor":22,"gold_loss":0,"cards_upgraded":["Strike_R","Strike_R","Strike_R","Strike_R","Defend_R","Defend_R","Defend_R"]}],"is_beta":false,"boss_relics":[{"not_picked":["Runic Pyramid","Astrolabe"],"picked":"Sozu"}],"items_purged_floors":[],"is_endless":false,"potions_floor_spawned":[1,5,6,14,24,25,27,28],"killed_by":"Gremlin Leader","ascension_level":7}}