{"host":"thn8o1tmql8xszd5","time":1608422108,"event":{"mods":["AchievementEnabler","BaseMod","Block Reminder","Colored Map","DeckTracker","Highlight Path","Minty Spire (QoL Compilation)","Permanent Neow","Quick Restart","Relic Stats","Robot Space Explorer","StSLib","The Blue Laboratory"],"gold_per_floor":[111,128,128,146,146,146,171,171,171,181,191,191,220,238,238,335,335,351,93,93,93,113,142,142,167,221,146,146,157,157,157],"floor_reached":30,"playtime":2308,"items_purged":["RobotSpaceExplorer:Strike"],"score":389,"play_id":"57a7a4bb-63df-419f-876a-8062fd50d016","local_time":"20201219185508","is_ascension_mode":true,"campfire_choices":[{"data":"RobotSpaceExplorer:Pulsar","floor":6,"key":"SMITH"},{"floor":8,"key":"REST"},{"data":"RobotSpaceExplorer:ShovelStrike","floor":12,"key":"SMITH"},{"data":"RobotSpaceExplorer:StarLightning","floor":15,"key":"SMITH"},{"data":"RobotSpaceExplorer:BlastShield","floor":24,"key":"SMITH"},{"data":"RobotSpaceExplorer:RigExplosive","floor":28,"key":"SMITH"}],"circlet_count":0,"master_deck":["RobotSpaceExplorer:Defend","RobotSpaceExplorer:Defend","RobotSpaceExplorer:Defend","RobotSpaceExplorer:Defend","RobotSpaceExplorer:Scan","RobotSpaceExplorer:MiniLasers","RobotSpaceExplorer:BlastShield+1","RobotSpaceExplorer:StunGrenade","RobotSpaceExplorer:Pulsar+1","RobotSpaceExplorer:ScrapMissile","RobotSpaceExplorer:LuckyStrike","RobotSpaceExplorer:ShovelStrike+1","RobotSpaceExplorer:StarLightning+1","RobotSpaceExplorer:FreezingShield","RobotSpaceExplorer:ShockMissile","RobotSpaceExplorer:StarLightning+1","RobotSpaceExplorer:FreezingShield","Ghostly","Ghostly","Ghostly","Ghostly","Ghostly","RobotSpaceExplorer:RigExplosive+1","RobotSpaceExplorer:Pulsar+1"],"relics":["RobotSpaceExplorer:RoboCore","White Beast Statue","Question Card","HornCleat","SacredBark","DollysMirror","Pantograph","Incense Burner","Bronze Scales"],"acts_visited":["Exordium","TheCity"],"potions_floor_usage":[5,13,13,16,18,22,22,23,23,25,25,25],"damage_taken":[{"damage":13,"enemies":"Jaw Worm","floor":1,"turns":8},{"damage":4,"enemies":"Cultist","floor":2,"turns":5},{"damage":0,"enemies":"2 Louse","floor":4,"turns":3},{"damage":0,"enemies":"Large Slime","floor":5,"turns":5},{"damage":13,"enemies":"Lagavulin","floor":7,"turns":9},{"damage":0,"enemies":"Gremlin Gang","floor":10,"turns":3},{"damage":0,"enemies":"Blue Slaver","floor":11,"turns":4},{"damage":6,"enemies":"Gremlin Nob","floor":13,"turns":3},{"damage":0,"enemies":"3 Louse","floor":14,"turns":3},{"damage":19,"enemies":"The Guardian","floor":16,"turns":12},{"damage":0,"enemies":"Shell Parasite","floor":18,"turns":3},{"damage":1,"enemies":"Chosen","floor":22,"turns":4},{"damage":2,"enemies":"Book of Stabbing","floor":23,"turns":6},{"damage":4,"enemies":"Slavers","floor":25,"turns":8},{"damage":19,"enemies":"Snecko","floor":29,"turns":5},{"damage":13,"enemies":"Gremlin Leader","floor":30,"turns":8}],"seed_played":"2712222376538427672","potions_obtained":[{"floor":4,"key":"SmokeBomb"},{"floor":7,"key":"blueLaboratory:AbyssPotion"},{"floor":10,"key":"AttackPotion"},{"floor":11,"key":"Fire Potion"},{"floor":13,"key":"AttackPotion"},{"floor":14,"key":"Explosive Potion"},{"floor":16,"key":"Block Potion"},{"floor":18,"key":"blueLaboratory:FruitPunch"},{"floor":21,"key":"blueLaboratory:HummingbirdPotion"},{"floor":21,"key":"blueLaboratory:EmptyBottle"},{"floor":22,"key":"BlessingOfTheForge"},{"floor":23,"key":"blueLaboratory:FrostheartPotion"},{"floor":25,"key":"blueLaboratory:AbyssPotion"},{"floor":29,"key":"blueLaboratory:FrostheartPotion"}],"is_trial":false,"path_per_floor":["M","M","?","M","M","R","E","R","T","M","M","R","E","M","R","B",null,"M","$","?","?","M","E","R","E","T","?","R","M","E"],"character_chosen":"RobotSpaceExplorer","items_purchased":["DollysMirror","RobotSpaceExplorer:FreezingShield"],"campfire_rested":1,"item_purchase_floors":[19,19],"current_hp_per_floor":[55,51,51,51,51,51,38,58,58,58,58,58,52,52,52,33,59,59,59,34,34,37,35,35,31,31,31,31,12,0,0],"gold":157,"neow_bonus":"TRANSFORM_TWO_CARDS","is_daily":false,"chose_seed":false,"campfire_upgraded":5,"win_rate":0.0,"timestamp":1608422108,"path_taken":["M","M","?","?","M","R","E","R","T","M","M","R","E","M","R","BOSS","M","$","?","?","?","E","R","E","T","?","R","M","E"],"items_purchased_type":["Relic","Card"],"build_version":"2020-12-13","purchased_purges":1,"victory":false,"max_hp_per_floor":[68,68,68,68,68,68,68,68,68,68,68,68,68,68,68,68,68,68,68,34,34,38,38,38,38,38,38,38,38,38,38],"relic_stats":{"counters":[16,89],"Pantograph":0,"Bronze Scales":[19],"Question Card":10,"obtain_stats":[{"HornCleat":13,"DollysMirror":19,"SacredBark":17,"Pantograph":23,"Bronze Scales":26,"RobotSpaceExplorer:RoboCore":0,"Incense Burner":25,"Question Card":9,"White Beast Statue":7},{"HornCleat":8,"DollysMirror":11,"SacredBark":10,"Pantograph":13,"Bronze Scales":14,"RobotSpaceExplorer:RoboCore":0,"Incense Burner":14,"Question Card":5,"White Beast Statue":5},{"HornCleat":40,"DollysMirror":58,"SacredBark":55,"Pantograph":68,"Bronze Scales":76,"RobotSpaceExplorer:RoboCore":0,"Incense Burner":76,"Question Card":30,"White Beast Statue":30}]},"card_choices":[{"not_picked":["RobotSpaceExplorer:FreezingShield","RobotSpaceExplorer:Probe"],"picked":"RobotSpaceExplorer:Pulsar","floor":1},{"not_picked":["RobotSpaceExplorer:SurgingShield","RobotSpaceExplorer:SwiftStep"],"picked":"RobotSpaceExplorer:ScrapMissile","floor":2},{"not_picked":["RobotSpaceExplorer:Accelerator","RobotSpaceExplorer:Reload"],"picked":"RobotSpaceExplorer:LuckyStrike","floor":4},{"not_picked":["RobotSpaceExplorer:Electroshield","RobotSpaceExplorer:SlimeMissile","RobotSpaceExplorer:MetalStrike"],"picked":"SKIP","floor":7},{"not_picked":["RobotSpaceExplorer:SwiftStep","RobotSpaceExplorer:MetalStrike","RobotSpaceExplorer:FreezingShield"],"picked":"RobotSpaceExplorer:ShovelStrike","floor":10},{"not_picked":["RobotSpaceExplorer:Discharger","RobotSpaceExplorer:Probe","RobotSpaceExplorer:MetalStrike","RobotSpaceExplorer:SurgingStrike"],"picked":"SKIP","floor":11},{"not_picked":["RobotSpaceExplorer:BigMissile","RobotSpaceExplorer:ShovelStrike","RobotSpaceExplorer:StunGrenade"],"picked":"RobotSpaceExplorer:StarLightning","floor":13},{"not_picked":["RobotSpaceExplorer:ExhaustFan","RobotSpaceExplorer:FrostMissile","RobotSpaceExplorer:ScrapMissile"],"picked":"RobotSpaceExplorer:FreezingShield","floor":14},{"not_picked":["RobotSpaceExplorer:Accelerator","RobotSpaceExplorer:Wormhole","RobotSpaceExplorer:HighVoltage"],"picked":"RobotSpaceExplorer:ShockMissile","floor":16},{"not_picked":["RobotSpaceExplorer:ShovelStrike","RobotSpaceExplorer:ShockKick+1","RobotSpaceExplorer:GlueSpray","RobotSpaceExplorer:SwiftStep+1"],"picked":"SKIP","floor":18},{"not_picked":["RobotSpaceExplorer:Fix","RobotSpaceExplorer:Smokescreen","RobotSpaceExplorer:Calculate+1"],"picked":"RobotSpaceExplorer:RigExplosive","floor":22},{"not_picked":["RobotSpaceExplorer:SurgingShield","RobotSpaceExplorer:ScrapShield+1","RobotSpaceExplorer:Smokescreen+1","RobotSpaceExplorer:ExhaustFan"],"picked":"SKIP","floor":23},{"not_picked":["RobotSpaceExplorer:Probe","RobotSpaceExplorer:ScrapToss","RobotSpaceExplorer:GlueShot","RobotSpaceExplorer:GearShield+1"],"picked":"SKIP","floor":25},{"not_picked":["RobotSpaceExplorer:Probe+1","RobotSpaceExplorer:Ammunition","RobotSpaceExplorer:Counterblock"],"picked":"RobotSpaceExplorer:Pulsar+1","floor":29}],"player_experience":497055,"relics_obtained":[{"floor":7,"key":"White Beast Statue"},{"floor":9,"key":"Question Card"},{"floor":13,"key":"HornCleat"},{"floor":23,"key":"Pantograph"},{"floor":25,"key":"Incense Burner"},{"floor":26,"key":"Bronze Scales"}],"event_choices":[{"damage_healed":0,"gold_gain":0,"player_choice":"0 cards matched","damage_taken":0,"max_hp_gain":0,"max_hp_loss":0,"event_name":"Match and Keep!","floor":3,"gold_loss":0,"cards_obtained":[]},{"damage_healed":0,"gold_gain":0,"player_choice":"Became a Ghost","damage_taken":0,"max_hp_gain":0,"max_hp_loss":34,"event_name":"Ghosts","floor":20,"gold_loss":0,"cards_obtained":["Ghostly","Ghostly","Ghostly","Ghostly","Ghostly"]},{"damage_healed":0,"gold_gain":0,"player_choice":"Got Potions","damage_taken":0,"max_hp_gain":0,"max_hp_loss":0,"event_name":"Lab","floor":21,"gold_loss":0},{"cards_removed":["RobotSpaceExplorer:Strike"],"damage_healed":0,"gold_gain":0,"player_choice":"Gave Gold","damage_taken":0,"max_hp_gain":0,"max_hp_loss":0,"event_name":"Beggar","floor":27,"gold_loss":75}],"is_beta":false,"boss_relics":[{"not_picked":["Coffee Dripper","Runic Dome"],"picked":"SacredBark"}],"items_purged_floors":[19],"is_endless":false,"potions_floor_spawned":[4,7,10,11,13,14,16,18,22,23,25,29],"killed_by":"Gremlin Leader","ascension_level":6}}