{"host":"qwttrqaysb380yri","time":1608364596,"event":{"mods":["BaseMod","Custom Start","Minty Spire (QoL Compilation)","Permanent Neow","Puzzle Mod","Relic Stats","StSLib","The Cursed","The Hierophant"],"gold_per_floor":[118,134,152,327,327,327,359,359,385,222,257,257,1,12,12,116,116,135,135,152,27,27,62,62,93,93,123,143,160,193,207,207,306,306,317,367,384,384,429,461,461,492,492,492,518,518,532,558,558,558],"floor_reached":51,"playtime":2255,"items_purged":["Decay","Strike_B","Strike_B"],"score":1777,"play_id":"ca3ffd34-c57e-4b10-ac5c-462010700397","local_time":"20201219085636","is_ascension_mode":true,"campfire_choices":[{"data":"Biased Cognition","floor":6,"key":"SMITH"},{"data":"Steam Power","floor":8,"key":"SMITH"},{"data":"Static Discharge","floor":12,"key":"SMITH"},{"data":"Discovery","floor":15,"key":"SMITH"},{"data":"Capacitor","floor":24,"key":"SMITH"},{"data":"Coolheaded","floor":32,"key":"SMITH"},{"data":"Defend_B","floor":41,"key":"PURGE"},{"data":"Defend_B","floor":44,"key":"PURGE"},{"data":"Strike_B","floor":46,"key":"PURGE"},{"data":"Strike_B","floor":49,"key":"PURGE"}],"circlet_count":0,"master_deck":["AscendersBane","Defend_B","Defend_B","Zap","Dualcast","Biased Cognition+1","Ball Lightning","Cold Snap","Cold Snap","Steam Power+1","Discovery+1","Static Discharge+1","Coolheaded+1","Core Surge","Go for the Eyes","Capacitor+1","Chill+1","Biased Cognition+1","Conserve Battery","Compile Driver","White Noise+1","Doom and Gloom+1","Loop+1","Electrodynamics","Compile Driver","Master of Strategy","Tempest+1","Capacitor+1"],"relics":["Cracked Core","Spirit Poop","Orichalcum","Anchor","Peace Pipe","OrangePellets","Cursed Key","Bag of Preparation","Ice Cream","Bottled Lightning","Bag of Marbles","Nuclear Battery","Bird Faced Urn","Emotion Chip","Happy Flower","Pear","Smiling Mask","Bottled Tornado"],"acts_visited":["Exordium","TheCity","TheBeyond"],"potions_floor_usage":[11,23,25,33,48,50,50,50,50],"damage_taken":[{"damage":9,"enemies":"Small Slimes","floor":1,"turns":3},{"damage":0,"enemies":"2 Louse","floor":2,"turns":2},{"damage":0,"enemies":"Cultist","floor":3,"turns":2},{"damage":16,"enemies":"Gremlin Nob","floor":7,"turns":4},{"damage":0,"enemies":"Lagavulin","floor":11,"turns":5},{"damage":2,"enemies":"3 Louse","floor":14,"turns":3},{"damage":1,"enemies":"Hexaghost","floor":16,"turns":8},{"damage":2,"enemies":"Shell Parasite","floor":18,"turns":3},{"damage":0,"enemies":"Spheric Guardian","floor":20,"turns":4},{"damage":0,"enemies":"Slavers","floor":23,"turns":6},{"damage":0,"enemies":"Gremlin Leader","floor":25,"turns":5},{"damage":0,"enemies":"Slavers","floor":27,"turns":5},{"damage":3,"enemies":"Cultist and Chosen","floor":28,"turns":5},{"damage":0,"enemies":"Snake Plant","floor":29,"turns":3},{"damage":0,"enemies":"Gremlin Leader","floor":30,"turns":5},{"damage":0,"enemies":"3 Cultists","floor":31,"turns":3},{"damage":0,"enemies":"Champ","floor":33,"turns":8},{"damage":1,"enemies":"3 Darklings","floor":35,"turns":3},{"damage":0,"enemies":"Mind Bloom Boss Battle","floor":36,"turns":6},{"damage":0,"enemies":"3 Shapes","floor":37,"turns":4},{"damage":0,"enemies":"2 Orb Walkers","floor":39,"turns":3},{"damage":3,"enemies":"Reptomancer","floor":40,"turns":3},{"damage":0,"enemies":"Giant Head","floor":42,"turns":6},{"damage":0,"enemies":"Nemesis","floor":45,"turns":5},{"damage":0,"enemies":"Writhing Mass","floor":47,"turns":3},{"damage":4,"enemies":"Reptomancer","floor":48,"turns":4},{"damage":2,"enemies":"Donu and Deca","floor":50,"turns":5}],"seed_played":"-8415351670081037359","potions_obtained":[{"floor":1,"key":"EssenceOfSteel"},{"floor":3,"key":"SpeedPotion"},{"floor":7,"key":"SteroidPotion"},{"floor":11,"key":"Ancient Potion"},{"floor":23,"key":"PowerPotion"},{"floor":27,"key":"EntropicBrew"},{"floor":33,"key":"Fruit Juice"},{"floor":37,"key":"Dexterity Potion"},{"floor":47,"key":"SpeedPotion"},{"floor":48,"key":"Block Potion"}],"is_trial":false,"path_per_floor":["M","M","M","?","?","R","E","R","T","$","E","R","$","M","R","B",null,"M","?","M","$","?","E","R","E","T","E","M","M","E","M","R","B",null,"M","?","M","?","?","E","R","E","T","R","E","R","M","E","R","B",null],"character_chosen":"DEFECT","items_purchased":["Discovery","OrangePellets"],"campfire_rested":0,"item_purchase_floors":[10,13],"current_hp_per_floor":[59,59,59,59,59,59,43,43,43,43,43,43,43,41,41,40,66,64,64,64,64,64,64,64,64,64,64,61,61,61,61,61,66,77,76,76,80,70,80,79,79,90,90,90,90,90,90,90,90,90],"gold":558,"neow_bonus":"THREE_RARE_CARDS","is_daily":false,"chose_seed":false,"campfire_upgraded":6,"win_rate":0.0,"timestamp":1608364596,"path_taken":["M","M","M","?","?","R","E","R","T","$","E","R","$","M","R","BOSS","M","?","M","$","?","E","R","E","T","E","M","M","E","M","R","BOSS","M","?","M","?","?","E","R","E","T","R","E","R","M","E","R","BOSS"],"items_purchased_type":["Card","Relic"],"build_version":"2020-12-13","purchased_purges":3,"victory":true,"max_hp_per_floor":[75,75,75,75,75,75,75,75,75,75,75,75,75,75,75,75,75,75,75,75,75,75,75,75,75,75,75,75,75,75,75,75,80,80,80,80,80,80,80,80,80,90,90,90,90,90,90,90,90,90],"relic_stats":{"Peace Pipe":4,"OrangePellets":[45],"Emotion Chip":[17,12,4,1,0],"Happy Flower":[7],"counters":[27,115],"Bird Faced Urn":[23],"Bag of Preparation":[34],"Orichalcum":[132],"Cursed Key":0,"Smiling Mask":0,"obtain_stats":[{"Ice Cream":25,"Pear":42,"Happy Flower":40,"Spirit Poop":5,"Bag of Preparation":23,"Orichalcum":7,"Bottled Tornado":48,"Cursed Key":17,"Smiling Mask":45,"Nuclear Battery":34,"Peace Pipe":11,"OrangePellets":13,"Anchor":9,"Emotion Chip":39,"Bird Faced Urn":36,"Bag of Marbles":30,"Bottled Lightning":27,"Cracked Core":0},{"Ice Cream":11,"Pear":23,"Happy Flower":22,"Spirit Poop":3,"Bag of Preparation":10,"Orichalcum":4,"Bottled Tornado":26,"Cursed Key":7,"Smiling Mask":24,"Nuclear Battery":17,"Peace Pipe":5,"OrangePellets":5,"Anchor":4,"Emotion Chip":21,"Bird Faced Urn":19,"Bag of Marbles":15,"Bottled Lightning":12,"Cracked Core":0},{"Ice Cream":45,"Pear":98,"Happy Flower":92,"Spirit Poop":7,"Bag of Preparation":40,"Orichalcum":11,"Bottled Tornado":110,"Cursed Key":27,"Smiling Mask":103,"Nuclear Battery":74,"Peace Pipe":16,"OrangePellets":16,"Anchor":11,"Emotion Chip":89,"Bird Faced Urn":83,"Bag of Marbles":63,"Bottled Lightning":50,"Cracked Core":0}]},"card_choices":[{"not_picked":["Thunder Strike","Amplify"],"picked":"Biased Cognition","floor":0},{"not_picked":["Conserve Battery","Recycle"],"picked":"Ball Lightning","floor":1},{"not_picked":["Hello World","Steam"],"picked":"Cold Snap","floor":2},{"not_picked":["Coolheaded","Rebound"],"picked":"Cold Snap","floor":3},{"not_picked":["Barrage","Blizzard"],"picked":"Steam Power","floor":7},{"not_picked":["Rebound","Beam Cell"],"picked":"Static Discharge","floor":11},{"not_picked":["Redo","Leap"],"picked":"Coolheaded","floor":14},{"not_picked":["Multi-Cast","All For One"],"picked":"Core Surge","floor":16},{"not_picked":["Compile Driver","Barrage"],"picked":"Go for the Eyes","floor":18},{"not_picked":["Steam","Redo+1"],"picked":"Chill+1","floor":20},{"not_picked":["Melter","Leap","Chill"],"picked":"SKIP","floor":23},{"not_picked":["Aggregate","Buffer"],"picked":"Conserve Battery","floor":25},{"not_picked":["Turbo","Cold Snap+1"],"picked":"Compile Driver","floor":27},{"not_picked":["Streamline","Aggregate","Fusion"],"picked":"SKIP","floor":28},{"not_picked":["Stack","Ball Lightning"],"picked":"White Noise+1","floor":29},{"not_picked":["Barrage","Genetic Algorithm"],"picked":"Doom and Gloom+1","floor":30},{"not_picked":["Go for the Eyes+1","Undo"],"picked":"Loop+1","floor":31},{"not_picked":["Rainbow","Core Surge"],"picked":"Electrodynamics","floor":33},{"not_picked":["Doom and Gloom","Loop+1","Rebound"],"picked":"SKIP","floor":35},{"not_picked":["Go for the Eyes+1","Coolheaded"],"picked":"Compile Driver","floor":36},{"not_picked":["Recycle+1","Gash","Coolheaded"],"picked":"SKIP","floor":37},{"not_picked":["Blind","Mayhem"],"picked":"Master of Strategy","floor":38},{"not_picked":["Redo","Compile Driver","Force Field+1"],"picked":"SKIP","floor":40},{"not_picked":["Redo","FTL+1","White Noise"],"picked":"SKIP","floor":42},{"not_picked":["Steam","Coolheaded"],"picked":"Tempest+1","floor":45},{"not_picked":["Barrage","Conserve Battery","Gash"],"picked":"SKIP","floor":47},{"not_picked":["Hyperbeam","Rebound"],"picked":"Capacitor+1","floor":48}],"player_experience":1888099,"relics_obtained":[{"floor":7,"key":"Orichalcum"},{"floor":9,"key":"Anchor"},{"floor":11,"key":"Peace Pipe"},{"floor":23,"key":"Bag of Preparation"},{"floor":25,"key":"Ice Cream"},{"floor":27,"key":"Bottled Lightning"},{"floor":30,"key":"Bag of Marbles"},{"floor":36,"key":"Bird Faced Urn"},{"floor":39,"key":"Emotion Chip"},{"floor":40,"key":"Happy Flower"},{"floor":42,"key":"Pear"},{"floor":45,"key":"Smiling Mask"},{"floor":48,"key":"Bottled Tornado"}],"event_choices":[{"damage_healed":0,"gold_gain":175,"player_choice":"AGREE","damage_taken":0,"max_hp_gain":0,"max_hp_loss":0,"event_name":"Liars Game","floor":4,"gold_loss":0,"cards_obtained":["Doubt"]},{"cards_removed":["Doubt"],"damage_healed":0,"gold_gain":0,"player_choice":"Offered Curse","damage_taken":0,"relics_obtained":["Spirit Poop"],"max_hp_gain":0,"max_hp_loss":0,"event_name":"Bonfire Elementals","floor":5,"gold_loss":0},{"damage_healed":0,"gold_gain":0,"player_choice":"Read","damage_taken":0,"max_hp_gain":0,"max_hp_loss":0,"event_name":"The Library","floor":19,"gold_loss":0,"cards_obtained":["Capacitor"]},{"damage_healed":0,"gold_gain":0,"player_choice":"Copied","damage_taken":0,"max_hp_gain":0,"max_hp_loss":0,"event_name":"Duplicator","floor":22,"gold_loss":0,"cards_obtained":["Biased Cognition"]},{"damage_healed":0,"gold_gain":0,"player_choice":"Fight","damage_taken":0,"max_hp_gain":0,"max_hp_loss":0,"event_name":"MindBloom","floor":36,"gold_loss":0},{"damage_healed":0,"gold_gain":0,"player_choice":"Memory 3","damage_taken":10,"max_hp_gain":0,"max_hp_loss":0,"event_name":"SensoryStone","floor":38,"gold_loss":0},{"damage_healed":0,"gold_gain":0,"player_choice":"Fight","damage_taken":0,"max_hp_gain":0,"max_hp_loss":0,"event_name":"Mysterious Sphere","floor":39,"gold_loss":0}],"is_beta":false,"boss_relics":[{"not_picked":["Tiny House","Astrolabe"],"picked":"Cursed Key"},{"not_picked":["Runic Dome","Snecko Eye"],"picked":"Nuclear Battery"}],"items_purged_floors":[10,13,21],"is_endless":false,"potions_floor_spawned":[1,3,7,11,23,27,28,29,31,33,37,42,47,48],"ascension_level":12}}