{"host":"d0verjtbj2sjunpo","time":1608336504,"event":{"mods":["AchievementEnabler","Aspiration","BaseMod","Better Altar","Better Third Choice","BetterRewards","Downfall","Marisa????????","Minty Spire (QoL Compilation)","Replay The Spire","StSLib","The Cursed","The Servant 0.9.4"],"gold_per_floor":[116,19,19,33,33,33,61,61,84,111,76,76,92,103,103,208,208,223,238,258,258,269,300,300,334,334,334,354,354],"floor_reached":28,"playtime":2374,"items_purged":[],"score":285,"play_id":"1dee3e1c-8d18-4dca-b7c2-9f68487e8cae","local_time":"20201218180824","is_ascension_mode":true,"campfire_choices":[{"floor":6.0,"key":"RECALL"},{"floor":8.0,"key":"REST"},{"floor":15.0,"key":"REST"},{"floor":24,"key":"REST"},{"floor":27,"key":"REST"}],"circlet_count":0,"master_deck":["Strike_G","Strike_G","Defend_G","Defend_G","Defend_G","Defend_G","Defend_G","Survivor","Neutralize+1","Guardian:CurlUp","Dash","Outmaneuver+1","Terror","ReplayTheSpireMod:From All Sides+1","Languid","Deflect","Toxin Wave","Eviscerate","Fluid Movement","Footwork","Catalyst","Expertise","ReplayTheSpireMod:Necrosis+1","Slice","Backstab","Deflect+1","Catalyst+1","Deadly Poison+1","Underhanded Strike+1","Masterful Stab","Backflip+1","Eviscerate","Dash","Cloak And Dagger+1","Distraction+1","Masterful Stab"],"relics":["Ring of the Snake","Replay:PocketPolymizer","Gremlin Food","Bronze Scales","Prayer Wheel","aspiration:HiddenCompartment","aspiration:SeaSaltIceCream","Pear","WristBlade","Replay:Bandana"],"acts_visited":["Exordium","TheCity"],"potions_floor_usage":[23,23],"damage_taken":[{"damage":2.0,"enemies":"Jaw Worm","floor":1.0,"turns":8.0},{"damage":0.0,"enemies":"Cultist","floor":4.0,"turns":4.0},{"damage":65.0,"enemies":"Gremlin Nob","floor":7.0,"turns":7.0},{"damage":7.0,"enemies":"Lagavulin","floor":10.0,"turns":9.0},{"damage":0.0,"enemies":"2 Louse","floor":13.0,"turns":2.0},{"damage":4.0,"enemies":"Exordium Thugs","floor":14.0,"turns":5.0},{"damage":8.0,"enemies":"Hexaghost","floor":16.0,"turns":11.0},{"damage":0.0,"enemies":"Chosen","floor":18.0,"turns":3.0},{"damage":15.0,"enemies":"Shell Parasite","floor":19.0,"turns":5.0},{"damage":23.0,"enemies":"Chosen and Byrds","floor":20.0,"turns":4.0},{"damage":22.0,"enemies":"Sentry and Sphere","floor":22.0,"turns":7.0},{"damage":14,"enemies":"Book of Stabbing","floor":23,"turns":5},{"damage":11,"enemies":"Shelled Parasite and Fungi","floor":25,"turns":8},{"damage":45,"enemies":"Slavers","floor":28,"turns":4}],"seed_played":"-9059537063500537494","potions_obtained":[{"floor":4.0,"key":"BlessingOfTheForge"},{"floor":12.0,"key":"Slimebound:ThreeZeroPotion"},{"floor":12.0,"key":"sneckomod:MuddlingPotion"}],"is_trial":false,"path_per_floor":["M","?","$","M","?","R","E","R","T","E","$","?","M","M","R","B",null,"M","M","M","?","M","E","R","M","T","R","E"],"character_chosen":"THE_SILENT","items_purchased":["Toxin Wave"],"campfire_rested":4,"item_purchase_floors":[11],"current_hp_per_floor":[68,68,68,68,68,68,3,24,24,27,27,27,27,23,47,39,80,80,65,42,42,20,6,30,19,19,43,0,0],"gold":354,"neow_bonus":"ONE_RARE_RELIC","is_daily":false,"chose_seed":false,"campfire_upgraded":0,"win_rate":0.0,"timestamp":1608336504,"path_taken":["M","?","?","M","?","R","E","R","T","E","$","?","M","?","R","BOSS","M","M","?","?","M","E","R","?","T","R","E"],"items_purchased_type":["Card"],"build_version":"2020-12-13","purchased_purges":0,"victory":false,"max_hp_per_floor":[70,70,70,70,70,70,70,70,70,80,80,80,80,80,80,80,80,80,80,80,80,80,80,80,80,80,80,80,80],"card_choices":[{"not_picked":["Dagger Spray","ReplayTheSpireMod:Speed Training"],"picked":"Dash","floor":1.0},{"not_picked":["Dagger Spray","Endless Agony"],"picked":"Outmaneuver","floor":4.0},{"not_picked":["Sucker Punch","Hidden Blade"],"picked":"ReplayTheSpireMod:From All Sides","floor":7.0},{"not_picked":["Hidden Blade","Dagger Spray"],"picked":"Deflect","floor":10.0},{"not_picked":["Accuracy","Sucker Punch"],"picked":"Eviscerate","floor":13.0},{"not_picked":["ReplayTheSpireMod:Tripwire","PiercingWail"],"picked":"Fluid Movement","floor":13.0},{"not_picked":["Calculated Gamble","Slice"],"picked":"Footwork","floor":14.0},{"not_picked":["Bane","Acrobatics"],"picked":"Catalyst","floor":14.0},{"not_picked":["Venomology","Unload"],"picked":"ReplayTheSpireMod:Necrosis","floor":16.0},{"not_picked":["Acrobatics+1","Poisoned Stab"],"picked":"Slice","floor":18.0},{"not_picked":["Backflip","Outmaneuver"],"picked":"Backstab","floor":18.0},{"not_picked":["Sneak Up","Blade Dance+1"],"picked":"Deflect+1","floor":19.0},{"not_picked":["Infinite Blades","Endless Agony"],"picked":"Catalyst+1","floor":19.0},{"not_picked":["Calculated Gamble","Dash"],"picked":"Deadly Poison+1","floor":20.0},{"not_picked":["Night Terror","Fluid Movement"],"picked":"Underhanded Strike+1","floor":20.0},{"not_picked":["ReplayTheSpireMod:Tripwire","Blade Dance"],"picked":"Masterful Stab","floor":22.0},{"not_picked":["PiercingWail","Heel Hook"],"picked":"Backflip+1","floor":22.0},{"not_picked":["Predator","Sucker Punch+1"],"picked":"Eviscerate","floor":23},{"not_picked":["Hidden Blade","Dagger Spray"],"picked":"Cloak And Dagger+1","floor":25},{"not_picked":["Sucker Punch","PiercingWail"],"picked":"Distraction+1","floor":25}],"player_experience":171221,"relics_obtained":[{"floor":7.0,"key":"Prayer Wheel"},{"floor":9.0,"key":"aspiration:HiddenCompartment"},{"floor":10.0,"key":"aspiration:SeaSaltIceCream"},{"floor":23,"key":"Replay:Bandana"}],"event_choices":[{"damage_healed":0.0,"max_hp_gain":0.0,"max_hp_loss":0.0,"gold_gain":0.0,"event_name":"WeMeetAgain","player_choice":"Paid Gold","floor":2.0,"gold_loss":97.0,"damage_taken":0.0,"relics_obtained":["Gremlin Food"]},{"damage_healed":0.0,"max_hp_gain":0.0,"max_hp_loss":0.0,"gold_gain":0.0,"event_name":"Big Fish","player_choice":"Box","floor":5.0,"gold_loss":0.0,"damage_taken":0.0,"relics_obtained":["Bronze Scales"],"cards_obtained":["Regret"]},{"damage_healed":0.0,"max_hp_gain":0.0,"max_hp_loss":0.0,"gold_gain":0.0,"event_name":"Lab","player_choice":"Got Potions","floor":12.0,"gold_loss":0.0,"damage_taken":0.0},{"damage_healed":0.0,"max_hp_gain":0.0,"max_hp_loss":0.0,"gold_gain":0.0,"event_name":"The Woman in Blue","player_choice":"Bought 0 Potions","floor":21.0,"gold_loss":0.0,"damage_taken":0.0}],"is_beta":false,"boss_relics":[{"not_picked":["Coffee Dripper","Empty Cage"],"picked":"WristBlade"}],"items_purged_floors":[],"is_endless":false,"potions_floor_spawned":[4,14,16,18,20],"killed_by":"Slavers","ascension_level":1}}