{"host":"c12dw8t2fgmwtthz","time":1608400142,"event":{"mods":["AchievementEnabler","BaseMod","Colored Map","DeckTracker","Minty Spire (QoL Compilation)","StSLib","SuperFastMode"],"gold_per_floor":[113,113,113,127,202,202,221,221,221,221,247,259,6,22,22,94,94,110,129,129,149,74,74,90,90,145,164,214,229,254,268,268,268,268],"floor_reached":33,"playtime":1799,"items_purged":[],"score":538,"play_id":"b0db7dd6-e6e8-463e-90fe-d5192e60a595","local_time":"20201220024902","is_ascension_mode":true,"campfire_choices":[{"data":"Beam Cell","floor":6.0,"key":"SMITH"},{"data":"Conserve Battery","floor":8.0,"key":"SMITH"},{"data":"Secret Weapon","floor":15,"key":"SMITH"},{"data":"Defragment","floor":23,"key":"SMITH"},{"data":"Defragment","floor":25,"key":"SMITH"},{"floor":32,"key":"REST"}],"circlet_count":0,"master_deck":["AscendersBane","Defend_B","Defend_B","Defend_B","Defend_B","Zap","Dualcast","Beam Cell+1","Rainbow","Conserve Battery+1","Cold Snap","Electrodynamics","All For One","Turbo","Go for the Eyes","Secret Weapon+1","Creative AI","Steam","Defragment+1","Defragment+1"],"relics":["Cracked Core","Bird Faced Urn","Incense Burner","Girya","Pocketwatch","Empty Cage","Anchor","Peace Pipe"],"acts_visited":["Exordium","TheCity"],"potions_floor_usage":[18,31,31],"damage_taken":[{"damage":1.0,"enemies":"Cultist","floor":1.0,"turns":3.0},{"damage":7.0,"enemies":"Small Slimes","floor":4.0,"turns":3.0},{"damage":3.0,"enemies":"2 Louse","floor":7.0,"turns":7.0},{"damage":6,"enemies":"3 Sentries","floor":11,"turns":6},{"damage":1,"enemies":"Exordium Thugs","floor":12,"turns":3},{"damage":4,"enemies":"Blue Slaver","floor":14,"turns":4},{"damage":11,"enemies":"Hexaghost","floor":16,"turns":9},{"damage":0,"enemies":"Shell Parasite","floor":18,"turns":6},{"damage":33,"enemies":"2 Thieves","floor":19,"turns":4},{"damage":31,"enemies":"Centurion and Healer","floor":21,"turns":27},{"damage":11,"enemies":"Cultist and Chosen","floor":24,"turns":6},{"damage":9,"enemies":"Snecko","floor":27,"turns":8},{"damage":23,"enemies":"Sentry and Sphere","floor":29,"turns":5},{"damage":46,"enemies":"Book of Stabbing","floor":30,"turns":9},{"damage":12,"enemies":"3 Cultists","floor":31,"turns":5},{"damage":55,"enemies":"Collector","floor":33,"turns":8}],"seed_played":"3820874333922122433","potions_obtained":[{"floor":14,"key":"Block Potion"},{"floor":19,"key":"EntropicBrew"},{"floor":27,"key":"Regen Potion"}],"is_trial":false,"path_per_floor":["M","T","?","M","?","R","M","R","T","?","E","M","$","M","R","B",null,"M","M","?","M","?","R","M","R","T","M","?","M","E","M","R","B"],"character_chosen":"DEFECT","items_purchased":["Go for the Eyes","Secret Weapon"],"campfire_rested":1,"item_purchase_floors":[13,13],"current_hp_per_floor":[63,63,63,56,45,45,42,42,42,42,38,39,39,35,35,26,55,63,35,35,64,64,64,54,54,54,63,63,45,17,20,39,0,0],"gold":268,"neow_bonus":"ONE_RARE_RELIC","is_daily":false,"chose_seed":false,"campfire_upgraded":5,"win_rate":0.0,"timestamp":1608400142,"path_taken":["M","?","?","?","?","R","M","R","T","?","E","M","$","M","R","BOSS","M","M","?","M","?","R","M","R","T","M","?","?","E","M","R","BOSS"],"items_purchased_type":["Card","Card"],"build_version":"2020-12-13","purchased_purges":0,"victory":false,"max_hp_per_floor":[64,64,64,64,64,64,64,64,64,64,64,64,64,64,64,64,64,64,64,64,64,64,64,64,64,64,64,64,64,64,64,64,64,64],"card_choices":[{"not_picked":["Coolheaded","Compile Driver"],"picked":"Beam Cell","floor":1.0},{"not_picked":["Streamline","Compile Driver"],"picked":"Conserve Battery","floor":4.0},{"not_picked":["Conserve Battery","Gash"],"picked":"Cold Snap","floor":7.0},{"not_picked":["Buffer","Beam Cell"],"picked":"All For One","floor":11},{"not_picked":["Rip and Tear","Leap"],"picked":"Turbo","floor":12},{"not_picked":["Streamline","Redo","White Noise"],"picked":"SKIP","floor":14},{"not_picked":["Core Surge","All For One"],"picked":"Creative AI","floor":16},{"not_picked":["Go for the Eyes","Coolheaded","Steam Power"],"picked":"SKIP","floor":18},{"not_picked":["Sweeping Beam","Loop"],"picked":"Steam","floor":19},{"not_picked":["Rip and Tear","Defragment","Compile Driver"],"picked":"SKIP","floor":21},{"not_picked":["Rip and Tear","Defragment","Compile Driver"],"picked":"SKIP","floor":21},{"not_picked":["Rip and Tear","Compile Driver"],"picked":"Defragment","floor":21},{"not_picked":["Double Energy","Melter+1","Beam Cell"],"picked":"SKIP","floor":24},{"not_picked":["Rebound","Rainbow","Go for the Eyes"],"picked":"SKIP","floor":27},{"not_picked":["Leap","Compile Driver","Tempest"],"picked":"SKIP","floor":29},{"not_picked":["Beam Cell","Go for the Eyes","Loop"],"picked":"SKIP","floor":30},{"not_picked":["Beam Cell","Streamline+1","Electrodynamics"],"picked":"SKIP","floor":31}],"player_experience":773833,"relics_obtained":[{"floor":2.0,"key":"Incense Burner"},{"floor":9.0,"key":"Girya"},{"floor":11,"key":"Pocketwatch"},{"floor":26,"key":"Anchor"},{"floor":30,"key":"Peace Pipe"}],"event_choices":[{"damage_healed":0.0,"max_hp_gain":0.0,"max_hp_loss":0.0,"gold_gain":0.0,"cards_transformed":["Strike_B"],"event_name":"Transmorgrifier","player_choice":"Transformed","floor":3.0,"gold_loss":0.0,"damage_taken":0.0,"cards_obtained":["Rainbow"]},{"damage_healed":0.0,"max_hp_gain":0.0,"max_hp_loss":0.0,"gold_gain":75.0,"event_name":"World of Goop","player_choice":"Gather Gold","floor":5.0,"gold_loss":0.0,"damage_taken":11.0},{"damage_healed":0,"gold_gain":0,"player_choice":"1 cards matched","damage_taken":0,"max_hp_gain":0,"max_hp_loss":0,"event_name":"Match and Keep!","floor":10,"gold_loss":0,"cards_obtained":["Electrodynamics"]},{"damage_healed":0,"gold_gain":0,"player_choice":"Read","damage_taken":0,"max_hp_gain":0,"max_hp_loss":0,"event_name":"The Library","floor":20,"gold_loss":0,"cards_obtained":["Defragment"]},{"cards_removed":["Strike_B"],"damage_healed":0,"gold_gain":0,"player_choice":"Gave Gold","damage_taken":0,"max_hp_gain":0,"max_hp_loss":0,"event_name":"Beggar","floor":22,"gold_loss":75},{"damage_healed":0,"gold_gain":100,"player_choice":"Bet on Murderer","damage_taken":0,"max_hp_gain":0,"max_hp_loss":0,"event_name":"The Joust","floor":28,"gold_loss":50}],"is_beta":false,"boss_relics":[{"not_picked":["Fusion Hammer","Philosopher\u0027s Stone"],"picked":"Empty Cage"}],"items_purged_floors":[],"is_endless":false,"potions_floor_spawned":[14,19,27,29],"killed_by":"Collector","ascension_level":20}}