{"host":"fauqrvll5t0ss0vm","time":1608417270,"event":{"mods":["2.2 Compatiblity","Act Like it!","Aspiration","Bard","BaseMod","Beaked The Cultist","Better Altar","Better Match","Better Note","Better Sensory Stone","Better Skull","Better Third Choice","Better Vampires","Card Filter","Clockwork Mod","Colored Map","Conspire","Displayed Cursed Tome","Downfall","Emptier Cage","Energized Spire","Friendly Minions","GifTheSpireLib","Glutton Mod","Gremlin Mod","Gremlin Skip","Halation","Hermit","Highlight Path","Hubris","Jorbs\u0027s Wanderer Trilogy","Mad Scientist","Marked Mod","Minty Spire (QoL Compilation)","Permanent Neow","Random Character Button","Relic Filter","Reorder Act Four","Replay The Spire","Shop Mod","Somnambulant","Spikes Relics","StSLib","Stuff the Spire","SuperFastMode","The Construct","The Cursed","The Disciple","The Elementalist","The Judge","The Juggle","The Mystic","The Runesmith","The Sage","The Servant 0.9.4","The Valiant","Trackpad","Uncapped"],"gold_per_floor":[115,127,9,20,34,34,67,67,94,94,127,127,127,52,52,52,52],"floor_reached":16,"playtime":11162,"items_purged":[],"score":216,"play_id":"a1babef5-e9c1-4071-b6a2-ad938255b9ad","local_time":"20201219233430","is_ascension_mode":true,"campfire_choices":[{"data":"PrimeTime","floor":6,"key":"SMITH"},{"data":"WatchCommand","floor":8,"key":"SMITH"},{"data":"PatternShift","floor":10,"key":"SMITH"}],"circlet_count":0,"master_deck":["AscendersBane","Strike_Br","Strike_Br","Defend_Br","Defend_Br","SecondHand","PatternShift+1","LockedMercury","Echoward+1","Stagnate","Stagnate","HandsUpC","VestedLegacy","PrimeTime+1","WatchCommand+1","LockedPlans"],"relics":["Chronometer","SlipperyGoo","Akabeko","Guardian:PocketSentry"],"acts_visited":["Exordium"],"potions_floor_usage":[7,7,16],"damage_taken":[{"damage":6,"enemies":"Small Slimes","floor":1,"turns":6},{"damage":1,"enemies":"2 Louse","floor":2,"turns":3},{"damage":0,"enemies":"Jaw Worm","floor":4,"turns":8},{"damage":3,"enemies":"3 Louse","floor":5,"turns":10},{"damage":9,"enemies":"Lagavulin","floor":7,"turns":12},{"damage":9,"enemies":"Gremlin Nob","floor":11,"turns":10},{"damage":50,"enemies":"Slime Boss","floor":16,"turns":12}],"seed_played":"-502326402041484554","potions_obtained":[{"floor":1,"key":"hexamod:EctoCoolerPotion"},{"floor":5,"key":"Adrenaline Potion"},{"floor":11,"key":"LiquidMemories"}],"is_trial":false,"path_per_floor":["M","M","$","M","M","R","E","R","T","R","E","?","?","?","R_BF","B"],"character_chosen":"CHRONO_CLASS","items_purchased":["Stagnate","HandsUpC"],"campfire_rested":0,"item_purchase_floors":[3,3],"current_hp_per_floor":[50,49,49,49,46,46,37,37,37,37,28,28,28,28,44,0,0],"gold":52,"neow_bonus":"REMOVE_TWO","is_daily":false,"chose_seed":false,"campfire_upgraded":3,"win_rate":0.0,"timestamp":1608417270,"path_taken":["M","M","$","M","M","R","E","R","T","R","E","?","?","?","R_BF","BOSS"],"items_purchased_type":["Card","Card"],"build_version":"2020-12-13","purchased_purges":0,"victory":false,"max_hp_per_floor":[56,56,56,56,56,56,56,56,56,56,56,56,56,56,56,56,56],"card_choices":[{"not_picked":["Cuckoo","CrunchTime"],"picked":"LockedMercury","floor":1},{"not_picked":["AlternateTimeline","LockedWhetstone"],"picked":"Echoward","floor":2},{"not_picked":["Engulf","LockedOrichalcum"],"picked":"VestedLegacy","floor":4},{"not_picked":["LockedWhetstone","EscortCommand"],"picked":"PrimeTime","floor":5},{"not_picked":["PrimeTime","Recurrance"],"picked":"WatchCommand","floor":7},{"not_picked":["LockedTornado","LockedWhetstone"],"picked":"LockedPlans","floor":11}],"player_experience":7318175,"relics_obtained":[{"floor":7,"key":"SlipperyGoo"},{"floor":9,"key":"Akabeko"},{"floor":11,"key":"Guardian:PocketSentry"}],"event_choices":[{"damage_healed":0,"gold_gain":0,"player_choice":"Ignored","damage_taken":127,"max_hp_gain":0,"max_hp_loss":0,"event_name":"betterThird:BetterSerpent","floor":13,"gold_loss":0},{"cards_removed":["Strike_Br"],"damage_healed":0,"gold_gain":0,"player_choice":"Card Removal","damage_taken":0,"max_hp_gain":0,"max_hp_loss":0,"event_name":"The Cleric","floor":14,"gold_loss":75}],"is_beta":false,"boss_relics":[],"items_purged_floors":[],"is_endless":false,"potions_floor_spawned":[1,5,11],"killed_by":"Slime Boss","ascension_level":20}}