{"host":"9otlqf0vf2rn9nx1","time":1608361393,"event":{"mods":["Act Like it!","BaseMod","Decade(Õı–°√˜)","Downfall","Gensokyo","Marisa£®ÏF”Í°°ƒß¿Ì…≥£©","Minty Spire (QoL Compilation)","Reimu£®≤©¿ˆ¡È√Œ£©","Remilia£®¿Ÿ√◊¿Ú—«£©","Replay The Spire","StSLib","The Servant 0.9.4","Youmu£®ªÍ∆«—˝√Œ£©"],"gold_per_floor":[99,99,99,99,99,35,35,35,52,52,65,65,81,66,78,78,78],"floor_reached":16,"playtime":747,"items_purged":[],"score":88,"play_id":"125f59a1-616b-48c1-a5a0-9a96c2e90271","local_time":"20201219150313","is_ascension_mode":false,"campfire_choices":[{"data":"NB:ReiMu","floor":1.0,"key":"SMITH"},{"floor":5.0,"key":"RECALL"},{"data":"SpringWay:ReiMu","floor":8.0,"key":"SMITH"},{"data":"Stagnation:ReiMu","floor":10.0,"key":"SMITH"}],"circlet_count":0,"master_deck":["Strike_Lin:ReiMu","Strike_Lin:ReiMu","Strike_Lin:ReiMu","Strike_Lin:ReiMu","Defend_Lin:ReiMu","Defend_Lin:ReiMu","Defend_Lin:ReiMu","Defend_Lin:ReiMu","NB:ReiMu+1","Stagnation:ReiMu+1","SpringWay:ReiMu+1","SealNeedle:ReiMu","YinYangSange:ReiMu","AirStrike:ReiMu","SubAcupoint:ReiMu","CareerPray:ReiMu+1","KyokaiOfKami:ReiMu","ForcedLanding:ReiMu"],"relics":["FlyPower:ReiMu","downfall:HeartsMalice"],"acts_visited":["Exordium"],"potions_floor_usage":[],"damage_taken":[{"damage":0.0,"enemies":"2 Louse","floor":2.0,"turns":1.0},{"damage":0.0,"enemies":"Cultist","floor":3.0,"turns":1.0},{"damage":0.0,"enemies":"Jaw Worm","floor":4.0,"turns":1.0},{"damage":0.0,"enemies":"downfall:FleeingMerchant","floor":6.0,"turns":4.0},{"damage":4.0,"enemies":"3 Louse","floor":9.0,"turns":5.0},{"damage":0.0,"enemies":"Large Slime","floor":11.0,"turns":6.0},{"damage":23,"enemies":"Exordium Thugs","floor":13,"turns":6},{"damage":0,"enemies":"downfall:FleeingMerchant","floor":14,"turns":4},{"damage":3,"enemies":"Large Slime","floor":15,"turns":4},{"damage":40,"enemies":"downfall:Silent","floor":16,"turns":4}],"seed_played":"7397079097219242673","potions_obtained":[{"floor":11.0,"key":"Block Potion"},{"floor":15,"key":"AttackPotion"}],"is_trial":false,"path_per_floor":["R","M","M","M","R","$","T","R","M","R","M","?","M","$","M","B"],"character_chosen":"REIMU","items_purchased":["AirStrike:ReiMu"],"campfire_rested":0,"item_purchase_floors":[6],"current_hp_per_floor":[65,65,65,65,65,65,65,65,61,61,61,61,38,38,35,0,0],"gold":78,"neow_bonus":"THREE_ENEMY_KILL","is_daily":false,"chose_seed":false,"campfire_upgraded":3,"win_rate":0.0,"timestamp":1608361393,"path_taken":["R","M","M","M","R","$","T","R","M","R","M","?","M","?","M","BOSS"],"items_purchased_type":["Card"],"build_version":"2020-12-13","purchased_purges":0,"victory":false,"max_hp_per_floor":[65,65,65,65,65,65,65,65,65,65,65,65,65,65,65,65,65],"card_choices":[{"not_picked":["Meditation:ReiMu","RainPray2:ReiMu","SpreadBorder2:ReiMu"],"picked":"SKIP","floor":2.0},{"not_picked":["OctopathBindingBorder2:ReiMu","FantasyBorder:ReiMu"],"picked":"SpringWay:ReiMu","floor":3.0},{"not_picked":["Crusade:ReiMu","PassingAway:ReiMu"],"picked":"SealNeedle:ReiMu","floor":4.0},{"not_picked":["OrbThrow:ReiMu","Intuition:ReiMu"],"picked":"YinYangSange:ReiMu","floor":6.0},{"not_picked":["BarrageOfMoneybags:ReiMu","AirStrike:ReiMu"],"picked":"SubAcupoint:ReiMu","floor":9.0},{"not_picked":["MountainWay:ReiMu","FineLineFantasy:ReiMu"],"picked":"CareerPray:ReiMu","floor":11.0},{"not_picked":["WonderfulDomain:ReiMu","Intuition:ReiMu","EmergencyTakeOff:ReiMu"],"picked":"SKIP","floor":13},{"not_picked":["AirStrike:ReiMu","BarrageOfMoneybags:ReiMu"],"picked":"KyokaiOfKami:ReiMu","floor":14},{"not_picked":["Amulet:ReiMu","TightArray:ReiMu"],"picked":"ForcedLanding:ReiMu","floor":15}],"player_experience":5970,"relics_obtained":[],"event_choices":[{"damage_healed":0.0,"max_hp_gain":0.0,"max_hp_loss":0.0,"gold_gain":0.0,"event_name":"Accursed Blacksmith","player_choice":"Forge","floor":12.0,"gold_loss":0.0,"damage_taken":0.0,"cards_upgraded":["CareerPray:ReiMu"]}],"is_beta":false,"boss_relics":[],"items_purged_floors":[],"is_endless":false,"potions_floor_spawned":[11,15],"killed_by":"downfall:Silent","ascension_level":0}}