{"host":"y9jgkjnf95sujozk","time":1608388528,"event":{"mods":["2.2 Compatiblity","AchievementEnabler","BaseMod","Block Reminder","Colored Map","Colored Powertips","Downfall","Friendly Minions","GifTheSpireLib","Hermit","Highlight Path","MarisaÅiñ∂âJÅ@ñÇóùçπÅj","Minty Spire (QoL Compilation)","Random Character Button","Rare Cards Sparkle","Replay The Spire","StSLib","SuperFastMode","The Animator","The Bug Knight","The Cursed","The Servant 0.9.4"],"gold_per_floor":[217,232,307,386,399,427,427,459,507,522,3,3,31,31,31,136,136,117,117,135,148,148,148],"floor_reached":22,"playtime":700,"items_purged":[],"score":237,"play_id":"c4a591ec-f68f-4b4f-9c0c-3f7e229e7db0","local_time":"20201219153528","is_ascension_mode":true,"campfire_choices":[{"floor":7,"key":"REST"},{"data":"Replay:Undeath\u0027s Touch","floor":15,"key":"SMITH"}],"circlet_count":0,"master_deck":["Strike_R","Strike_R","Strike_R","Strike_R","Strike_R","Defend_R","Defend_R","Defend_R","Defend_R+1","Bash","Warcry","Uppercut","True Grit+1","Clash","Cleave","Burning Pact","Warcry+1","Warcry+1","Pommel Strike+1","Feed+1","ReplayTheSpireMod:Corrosion Curse+1","True Grit+1","expansioncontent:AwakenDeath+1","Replay:Undeath\u0027s Touch+1","Feed","Replay:Undeath\u0027s Touch","Eclipse","Havoc"],"relics":["Burning Blood","HollowMod:StagPassRelic","War Paint","Tiny Chest","Orrery","Regal Pillow","Replay:Bronze Core"],"acts_visited":["Exordium","TheCity"],"potions_floor_usage":[6,6,11,12,16,22],"damage_taken":[{"damage":8,"enemies":"Jaw Worm","floor":1,"turns":5},{"damage":11,"enemies":"Small Slimes","floor":2,"turns":3},{"damage":4,"enemies":"Cultist","floor":5,"turns":5},{"damage":26,"enemies":"Gremlin Nob","floor":6,"turns":4},{"damage":12,"enemies":"HollowMod:MossKnight","floor":8,"turns":13},{"damage":15,"enemies":"2 Fungi Beasts","floor":10,"turns":3},{"damage":0,"enemies":"Exordium Thugs","floor":12,"turns":1},{"damage":16,"enemies":"Gremlin Nob","floor":13,"turns":3},{"damage":145,"enemies":"Hexaghost","floor":16,"turns":21},{"damage":22,"enemies":"2 Thieves","floor":18,"turns":5},{"damage":25,"enemies":"Shell Parasite","floor":20,"turns":15},{"damage":31,"enemies":"Snecko","floor":21,"turns":5},{"damage":36,"enemies":"Snake Plant","floor":22,"turns":4}],"seed_played":"-8340353872256253794","potions_obtained":[{"floor":2,"key":"ElixirPotion"},{"floor":5,"key":"Swift Potion"},{"floor":10,"key":"SmokeBomb"},{"floor":13,"key":"Adrenaline Potion"},{"floor":21,"key":"Elixir"}],"is_trial":false,"path_per_floor":["M","M","?","?","M","E","R","E","T","M","$","M","E","?","R","B",null,"M","?","M","M","M"],"character_chosen":"IRONCLAD","items_purchased":["Warcry","Orrery","The Bomb","expansioncontent:AwakenDeath","BloodPotion"],"campfire_rested":1,"item_purchase_floors":[11,11,11,11,11],"current_hp_per_floor":[78,73,62,62,64,44,68,62,62,53,69,75,65,90,90,65,90,74,74,58,33,0,0],"gold":148,"neow_bonus":"HUNDRED_GOLD","is_daily":false,"chose_seed":false,"campfire_upgraded":1,"win_rate":0.0,"timestamp":1608388528,"path_taken":["M","M","?","?","M","E","R","E","T","M","$","M","E","?","R","BOSS","M","?","M","M","M"],"items_purchased_type":["Card","Relic","Card","Card","Potion"],"build_version":"2020-12-13","purchased_purges":0,"victory":false,"max_hp_per_floor":[80,80,80,80,80,80,80,80,80,80,80,80,80,90,90,90,90,90,90,93,93,93,93],"card_choices":[{"not_picked":["True Grit","Rupture"],"picked":"Warcry","floor":1},{"not_picked":["Perfected Strike","Thunderclap"],"picked":"Uppercut","floor":2},{"not_picked":["Iron Wave","Shrug It Off"],"picked":"True Grit","floor":5},{"not_picked":["Cleave","Shrug It Off"],"picked":"Clash","floor":6},{"not_picked":["Shrug It Off","Perfected Strike"],"picked":"Cleave","floor":8},{"not_picked":["Clothesline","Feel No Pain"],"picked":"Burning Pact","floor":10},{"not_picked":["Battle Trance","Offering"],"picked":"Warcry","floor":11},{"not_picked":["ReplayTheSpireMod:Limb From Limb","Flame Barrier"],"picked":"Pommel Strike","floor":11},{"not_picked":["Inflame","Feel No Pain"],"picked":"Feed","floor":11},{"not_picked":["Whirlwind","ReplayReversal"],"picked":"ReplayTheSpireMod:Corrosion Curse","floor":11},{"not_picked":["Flame Barrier","Double Tap"],"picked":"True Grit","floor":11},{"not_picked":["Battle Trance","Shrug It Off"],"picked":"Replay:Undeath\u0027s Touch","floor":13},{"not_picked":["Corruption","Demon Form"],"picked":"Feed","floor":16},{"not_picked":["Iron Wave","Cleave"],"picked":"Replay:Undeath\u0027s Touch","floor":18},{"not_picked":["Shrug It Off","Armaments"],"picked":"Eclipse","floor":20},{"not_picked":["Pommel Strike+1","Intimidate"],"picked":"Havoc","floor":21}],"player_experience":108002,"relics_obtained":[{"floor":6,"key":"HollowMod:StagPassRelic"},{"floor":8,"key":"War Paint"},{"floor":9,"key":"Tiny Chest"},{"floor":13,"key":"Regal Pillow"}],"event_choices":[{"damage_healed":0,"gold_gain":75,"player_choice":"Gather Gold","damage_taken":11,"max_hp_gain":0,"max_hp_loss":0,"event_name":"World of Goop","floor":3,"gold_loss":0},{"damage_healed":0,"gold_gain":79,"player_choice":"Gained Gold","damage_taken":0,"max_hp_gain":0,"max_hp_loss":0,"event_name":"Golden Wing","floor":4,"gold_loss":0},{"cards_removed":["The Bomb"],"damage_healed":15,"gold_gain":0,"player_choice":"Offered Rare","damage_taken":0,"max_hp_gain":10,"max_hp_loss":0,"event_name":"Bonfire Elementals","floor":14,"gold_loss":0},{"damage_healed":0,"gold_gain":0,"player_choice":"Ignored","damage_taken":0,"max_hp_gain":0,"max_hp_loss":0,"event_name":"Beggar","floor":19,"gold_loss":0}],"is_beta":false,"boss_relics":[{"not_picked":["SacredBark","ReplayTheSpireMod:DimensionalGlitch"],"picked":"Replay:Bronze Core"}],"items_purged_floors":[],"is_endless":false,"potions_floor_spawned":[2,5,10,13,21],"killed_by":"Snake Plant","ascension_level":3}}