{"host":"Niota","time":1608395044,"event":{"mods":["BaseMod","Colored Map","Colored Powertips","DeckTracker","Highlight Path","Minty Spire (QoL Compilation)"],"gold_per_floor":[114,189,154,229,244,244,244,273,297,297,328,343,343,343],"floor_reached":13,"playtime":661,"items_purged":[],"score":132,"play_id":"a7502f02-e3e8-445d-bfbf-a1e68228ea76","local_time":"20201219172404","is_ascension_mode":true,"campfire_choices":[{"data":"Dualcast","floor":6,"key":"SMITH"},{"data":"Sweeping Beam","floor":10,"key":"SMITH"}],"circlet_count":0,"master_deck":["Strike_B","Strike_B","Defend_B","Defend_B","Defend_B","Defend_B","Zap","Dualcast+1","Force Field","Force Field","Sweeping Beam+1","Lockon","Doom and Gloom","Compile Driver","Chaos","Undo"],"relics":["Cracked Core","Meat on the Bone","Potion Belt","Girya"],"acts_visited":["Exordium"],"potions_floor_usage":[8],"damage_taken":[{"damage":8,"enemies":"Jaw Worm","floor":1,"turns":4},{"damage":1,"enemies":"Cultist","floor":5,"turns":3},{"damage":30,"enemies":"3 Sentries","floor":8,"turns":6},{"damage":16,"enemies":"Gremlin Nob","floor":11,"turns":3},{"damage":8,"enemies":"2 Louse","floor":12,"turns":2},{"damage":35,"enemies":"3 Sentries","floor":13,"turns":5}],"seed_played":"-6645115454571190909","potions_obtained":[{"floor":1,"key":"Dexterity Potion"},{"floor":8,"key":"SpeedPotion"}],"is_trial":false,"path_per_floor":["M","?","$","?","M","R","?","E","T","R","E","M","E"],"character_chosen":"DEFECT","items_purchased":["Lockon"],"campfire_rested":0,"item_purchase_floors":[3],"current_hp_per_floor":[60,54,54,43,42,42,64,34,34,34,30,34,0,0],"gold":343,"neow_bonus":"TRANSFORM_TWO_CARDS","is_daily":false,"chose_seed":false,"campfire_upgraded":2,"win_rate":0.0,"timestamp":1608395044,"path_taken":["M","?","?","?","?","R","?","E","T","R","E","M","E"],"items_purchased_type":["Card"],"build_version":"2020-12-18","purchased_purges":0,"victory":false,"max_hp_per_floor":[68,68,68,68,68,68,68,68,68,68,68,68,68,68],"card_choices":[{"not_picked":["White Noise","Lockon"],"picked":"Sweeping Beam","floor":1},{"not_picked":["Rip and Tear","Double Energy"],"picked":"Doom and Gloom","floor":5},{"not_picked":["White Noise","Genetic Algorithm"],"picked":"Compile Driver","floor":8},{"not_picked":["Conserve Battery","Turbo"],"picked":"Chaos","floor":11},{"not_picked":["Static Discharge","Steam"],"picked":"Undo","floor":12}],"player_experience":808535,"relics_obtained":[{"floor":8,"key":"Meat on the Bone"},{"floor":9,"key":"Potion Belt"},{"floor":11,"key":"Girya"}],"event_choices":[{"damage_healed":0,"gold_gain":75,"player_choice":"Touch","damage_taken":6,"max_hp_gain":0,"max_hp_loss":0,"event_name":"FaceTrader","floor":2,"gold_loss":0},{"damage_healed":0,"gold_gain":75,"player_choice":"Gather Gold","damage_taken":11,"max_hp_gain":0,"max_hp_loss":0,"event_name":"World of Goop","floor":4,"gold_loss":0},{"damage_healed":22,"gold_gain":0,"player_choice":"Banana","damage_taken":0,"max_hp_gain":0,"max_hp_loss":0,"event_name":"Big Fish","floor":7,"gold_loss":0}],"is_beta":true,"boss_relics":[],"items_purged_floors":[],"is_endless":false,"potions_floor_spawned":[1,8],"killed_by":"3 Sentries","ascension_level":9}}