{"host":"79pwvnyrdes6uj7k","time":1608409341,"event":{"mods":["2.2 Compatiblity","Astrologer","BaseMod","Beaked The Cultist","Colored Powertips","Downfall","Exacting","Friendly Minions","HexUI Lib","Highlight Path","Hubris","Infinite Spire","Mad Scientist","Mimic Mod","Minty Spire (QoL Compilation)","Random Character Button","Replay The Spire","Reworked Bosses","Shop Mod","Somnambulant","StSLib","The Cursed","The Disciple","The Factory","The Judge","The Jungle","The Poker Player","The Runesmith","TheHeartMod"],"gold_per_floor":[0,0,0,33,47,60,60,335,365,395,405,418,418,434,467,564,564,489,522,283,283,295,327,360,460,494,419,419,429,3,3,19,116,116,116,116,116,116,116],"floor_reached":38,"playtime":4523,"items_purged":["infinitespire:Pacifist"],"score":487,"play_id":"28d241d8-50ca-4346-b7d1-c70f684b0802","local_time":"20201219142221","is_ascension_mode":false,"campfire_choices":[{"floor":1,"key":"RECALL"},{"data":"Guardian:TwinSlam","floor":3,"key":"SMITH"},{"data":"Guardian:Orbwalk","floor":18,"key":"SMITH"},{"floor":27,"key":"REST"},{"data":"Guardian:FierceBash","floor":35,"key":"SMITH"}],"circlet_count":0,"master_deck":["Guardian:Strike_Guardian","Guardian:Strike_Guardian","Guardian:Strike_Guardian","Guardian:Defend_Guardian","Guardian:Defend_Guardian","Guardian:Defend_Guardian","Guardian:CurlUp","Guardian:TwinSlam+1","Guardian:Suspension","Guardian:Emergency","Guardian:TemporalShield","Regret","Guardian:ShieldCharger","Guardian:ArmoredProtocol","Guardian:FierceBash+1","Guardian:EvasiveProtocol","Writhe","hubris:InfiniteBlow","Guardian:Recover","Guardian:AncientConstruct","Guardian:DonusPower","ReplayTheSpireMod:Splinters","Guardian:Preprogram+1","Guardian:PiercingHide","J.A.X.","Guardian:Orbwalk+1","Guardian:FloatingOrbs","Guardian:PiercingHide","Guardian:ShieldSpikes","Guardian:ShieldCharger+1","Guardian:BaubleBeam","WordoMod:Petrified","Slimebound:Tackle","Guardian:FastForward","Impatience","ReplayTheSpireMod:Black Plague"],"relics":["Guardian:ModeShifter","Art of War","ChewingGum","downfall:HeartBlessingRed","hubris:FunFungus","hubris:MedicalManual","MutagenicStrength","Bottled Flame","downfall:HeartBlessingBlue","downfall:RedIOU","MerchantsRug","Thread and Needle","hubris:BottledHeart","ReplayTheSpireMod:SealedPack","hubris:Towel"],"acts_visited":["Exordium","TheCity","TheBeyond"],"potions_floor_usage":[12,12,15,16,20,29,33],"damage_taken":[{"damage":1,"enemies":"2 Louse","floor":4,"turns":2},{"damage":0,"enemies":"Cultist","floor":5,"turns":4},{"damage":6,"enemies":"Jaw Worm","floor":6,"turns":4},{"damage":12,"enemies":"2 Fungi Beasts","floor":9,"turns":4},{"damage":8,"enemies":"Lagavulin","floor":10,"turns":7},{"damage":10,"enemies":"3 Louse","floor":11,"turns":5},{"damage":7,"enemies":"Large Slime","floor":12,"turns":4},{"damage":14,"enemies":"Blue Slaver","floor":14,"turns":4},{"damage":0,"enemies":"2 Fungi Beasts","floor":15,"turns":4},{"damage":47,"enemies":"downfall:Defect","floor":16,"turns":11},{"damage":11,"enemies":"Replay:Snechameleon","floor":19,"turns":5},{"damage":2,"enemies":"downfall:FleeingMerchant","floor":20,"turns":4},{"damage":16,"enemies":"3 Byrds","floor":22,"turns":5},{"damage":8,"enemies":"Snake Plant","floor":24,"turns":5},{"damage":42,"enemies":"downfall:Augmenter","floor":25,"turns":8},{"damage":50,"enemies":"Gremlin Leader","floor":26,"turns":5},{"damage":16,"enemies":"Snake Plant","floor":29,"turns":2},{"damage":3,"enemies":"downfall:FleeingMerchant","floor":30,"turns":4},{"damage":0,"enemies":"3 Cultists","floor":32,"turns":5},{"damage":0,"enemies":"downfall:Watcher","floor":33,"turns":9}],"seed_played":"6351867840814419101","potions_obtained":[{"floor":9,"key":"PowerPotion"},{"floor":11,"key":"DistilledChaos"},{"floor":14,"key":"sneckomod:MuddlingPotion"},{"floor":15,"key":"Adrenaline Potion"},{"floor":16,"key":"Explosive Potion"},{"floor":26,"key":"Toxic Potion"},{"floor":32,"key":"ColorlessPotion"},{"floor":33,"key":"Guardian:DefensiveModePotion"}],"is_trial":false,"path_per_floor":["R","?","R","M","M","M","T","?","M","E","M","M","?","M","M","B",null,"R","E","$","?","M","?","MIM","?","E","R","?","M","$","?","M","B",null,"R","?","?","M"],"character_chosen":"GUARDIAN","items_purchased":["Replay:Baseball","MerchantsRug","Thread and Needle"],"campfire_rested":1,"item_purchase_floors":[20,30,30],"current_hp_per_floor":[94,94,94,93,93,87,87,87,75,67,57,64,64,50,50,3,94,94,83,81,81,84,84,79,53,9,50,50,34,35,1,1,1,1,1,1,1,0,0],"gold":116,"neow_bonus":"ONE_RARE_RELIC","is_daily":false,"chose_seed":false,"campfire_upgraded":3,"win_rate":0.0,"timestamp":1608409341,"path_taken":["R","?","R","?","M","M","T","?","M","E","M","?","?","M","M","BOSS","R","E","$","?","M","?","MIM","?","E","R","?","M","?","?","M","BOSS","R","?","?","?"],"items_purchased_type":["Relic","Relic","Relic"],"build_version":"2020-12-13","purchased_purges":1,"victory":false,"max_hp_per_floor":[94,94,94,94,94,94,94,94,94,94,94,94,94,94,94,94,94,94,94,94,94,94,94,94,94,94,104,104,104,104,1,1,1,1,1,1,1,1,1],"card_choices":[{"not_picked":["Guardian:Reroute","Guardian:CrystalBeam"],"picked":"Guardian:Suspension","floor":4},{"not_picked":["Guardian:Gem_Cyan","Guardian:PrismaticBeam"],"picked":"Guardian:Orbwalk","floor":5},{"not_picked":["Guardian:TemporalShield","Guardian:Incinerate"],"picked":"Guardian:Emergency","floor":5},{"not_picked":["Guardian:Reroute","Guardian:Incinerate"],"picked":"Guardian:TemporalShield","floor":6},{"not_picked":["Guardian:WalkerClaw","Guardian:Reroute"],"picked":"Guardian:ShieldCharger","floor":9},{"not_picked":["Guardian:TemporalStrike","Guardian:Repulse"],"picked":"Guardian:ArmoredProtocol","floor":10},{"not_picked":["Guardian:Suspension","Guardian:Emergency"],"picked":"Guardian:FierceBash","floor":11},{"not_picked":["Guardian:Emergency","Guardian:WalkerClaw"],"picked":"Guardian:EvasiveProtocol","floor":12},{"not_picked":["ReplayTheSpireMod:Haul","infinitespire:FutureSight"],"picked":"hubris:InfiniteBlow","floor":13},{"not_picked":["Guardian:Gem_Red","Guardian:VentSteam"],"picked":"Guardian:Gem_Yellow","floor":14},{"not_picked":["Guardian:PrismaticBarrier","Guardian:PrimingBeam"],"picked":"Guardian:Recover","floor":15},{"not_picked":["Guardian:GemFire","Guardian:ConstructionForm"],"picked":"Guardian:AncientConstruct","floor":16},{"not_picked":["Guardian:ChargeCore","Guardian:Incinerate"],"picked":"Guardian:DonusPower","floor":19},{"not_picked":["Guardian:Reroute","Guardian:TimeCapacitor","Guardian:Incinerate+1"],"picked":"SKIP","floor":20},{"not_picked":["Guardian:BronzeOrb","Guardian:Planning"],"picked":"Guardian:Gem_Red","floor":22},{"not_picked":["Guardian:TemporalShield+1","Guardian:Gem_Fragmented"],"picked":"Guardian:Preprogram+1","floor":23},{"not_picked":["Guardian:CrystalBeam","Guardian:Planning"],"picked":"Guardian:PiercingHide","floor":24},{"not_picked":[],"picked":"J.A.X.","floor":25},{"not_picked":["Guardian:PiercingHide","Guardian:Gem_Synthetic"],"picked":"Guardian:Orbwalk+1","floor":25},{"not_picked":["Guardian:Reroute","Guardian:RefractedBeam"],"picked":"Guardian:ShieldSpikes","floor":26},{"not_picked":["Guardian:VentSteam","Guardian:WalkerClaw"],"picked":"Guardian:ShieldCharger+1","floor":29},{"not_picked":["Guardian:Harden","Guardian:Suspension"],"picked":"Guardian:Gem_Yellow","floor":30},{"not_picked":["Guardian:DecasProtection","Guardian:Incinerate+1"],"picked":"Guardian:Gem_Crimson","floor":32},{"not_picked":["Guardian:Gem_Synthetic","Guardian:HyperBeam_Guardian"],"picked":"Guardian:BaubleBeam","floor":33},{"not_picked":["Survivor","Slimebound:CorrosiveSpit"],"picked":"Slimebound:Tackle","floor":34},{"not_picked":["Guardian:AncientConstruct","Guardian:FierceBash"],"picked":"Guardian:FastForward","floor":34},{"not_picked":["ReplayTheSpireMod:Private Reserves","Purity"],"picked":"Impatience","floor":34},{"not_picked":["infinitespire:Oblivion","ReplayTheSpireMod:Book of Names"],"picked":"ReplayTheSpireMod:Black Plague","floor":34}],"player_experience":302386,"relics_obtained":[{"floor":7,"key":"Art of War"},{"floor":10,"key":"Boot"},{"floor":19,"key":"hubris:FunFungus"},{"floor":23,"key":"hubris:MedicalManual"},{"floor":25,"key":"MutagenicStrength"},{"floor":26,"key":"Bottled Flame"}],"event_choices":[{"cards_removed":["Guardian:Strike_Guardian"],"damage_healed":0,"gold_gain":0,"player_choice":"Offered Basic","damage_taken":0,"max_hp_gain":0,"max_hp_loss":0,"event_name":"Bonfire Elementals","floor":2,"gold_loss":0},{"damage_healed":0,"gold_gain":0,"player_choice":"Ignored","damage_taken":0,"max_hp_gain":0,"max_hp_loss":0,"event_name":"Duplicator","floor":37,"gold_loss":0}],"is_beta":false,"boss_relics":[{"not_picked":["hubris:BlackHole","Replay:Bronze Core"],"picked":"ChewingGum"},{"not_picked":["Runesmith:UraniumAnvil","beaked:MawFillet"],"picked":"ReplayTheSpireMod:SealedPack"}],"items_purged_floors":[20],"is_endless":false,"potions_floor_spawned":[9,11,14,15,16,26,32,33],"killed_by":"3 Shapes","ascension_level":0}}