{"host":"mqhvlr3kpxebko0t","time":1608359007,"event":{"mods":["AchievementEnabler","BaseMod","Colored Map","Colored Powertips","Keyboard Shortcuts","Minty Spire (QoL Compilation)","StSLib","SuperFastMode"],"gold_per_floor":[116,41,41,61,61,87,87,112,112,135,165,165,185,197,197,270,270,290,190,210,210,210],"floor_reached":21,"playtime":318,"items_purged":["Defend_P","Strike_P"],"score":407,"play_id":"a2ee881b-41a5-4a4d-85a8-2bf047b09e03","local_time":"20201219152327","is_ascension_mode":true,"campfire_choices":[{"data":"Eruption","floor":7.0,"key":"SMITH"},{"floor":12.0,"key":"REST"},{"floor":15.0,"key":"REST"}],"circlet_count":0,"master_deck":["AscendersBane","Strike_P+1","Defend_P","Defend_P+1","Eruption+1","Vigilance+1","CrushJoints","LessonLearned","FearNoEvil","FlurryOfBlows","SandsOfTime","Scrawl","Fasting2+1","InnerPeace+1","DeusExMachina+1"],"relics":["PureWater","NeowsBlessing","Pantograph","Damaru","Yang","Oddly Smooth Stone","Dream Catcher","Odd Mushroom","Astrolabe"],"acts_visited":["Exordium","TheCity"],"potions_floor_usage":[],"damage_taken":[{"damage":0.0,"enemies":"Cultist","floor":1.0,"turns":1.0},{"damage":0.0,"enemies":"Jaw Worm","floor":4.0,"turns":1.0},{"damage":0.0,"enemies":"3 Sentries","floor":6.0,"turns":1.0},{"damage":34.0,"enemies":"Gremlin Nob","floor":8.0,"turns":5.0},{"damage":25.0,"enemies":"Lagavulin","floor":11.0,"turns":6.0},{"damage":25.0,"enemies":"The Mushroom Lair","floor":13.0,"turns":3.0},{"damage":0.0,"enemies":"Small Slimes","floor":14.0,"turns":2.0},{"damage":24.0,"enemies":"Slime Boss","floor":16.0,"turns":5.0},{"damage":8,"enemies":"Shell Parasite","floor":18,"turns":3},{"damage":18,"enemies":"3 Byrds","floor":20,"turns":5},{"damage":9,"enemies":"Centurion and Healer","floor":21,"turns":2}],"seed_played":"1850313612032515440","potions_obtained":[{"floor":6.0,"key":"LiquidBronze"},{"floor":8.0,"key":"LiquidBronze"},{"floor":11.0,"key":"FairyPotion"},{"floor":18,"key":"PowerPotion"}],"is_trial":false,"path_per_floor":["M","$","$","M","$","E","R","E","T","T","E","R","?","M","R","B",null,"M","$","M","M"],"character_chosen":"WATCHER","items_purchased":[],"campfire_rested":2,"item_purchase_floors":[],"current_hp_per_floor":[61,61,61,61,61,61,61,27,27,27,2,22,20,20,40,41,61,53,53,35,26,26],"gold":210,"neow_bonus":"THREE_ENEMY_KILL","is_daily":false,"chose_seed":false,"campfire_upgraded":1,"win_rate":0.0,"timestamp":1608359007,"path_taken":["M","?","$","?","$","E","R","E","T","?","E","R","?","M","R","BOSS","M","$","M","M"],"items_purchased_type":[],"build_version":"2020-12-13","purchased_purges":2,"victory":false,"max_hp_per_floor":[68,68,68,68,68,68,68,68,68,68,68,68,68,68,68,68,68,68,68,68,68,68],"card_choices":[{"not_picked":["EmptyBody","JustLucky"],"picked":"CrushJoints","floor":1.0},{"not_picked":["Crescendo","Meditate"],"picked":"LessonLearned","floor":4.0},{"not_picked":["Protect","Conclude"],"picked":"FearNoEvil","floor":6.0},{"not_picked":["ThirdEye","Sanctity"],"picked":"FlurryOfBlows","floor":8.0},{"not_picked":["EmptyBody","ClearTheMind","FlyingSleeves"],"picked":"SKIP","floor":11.0},{"not_picked":["ClearTheMind","Consecrate"],"picked":"SandsOfTime","floor":13.0},{"not_picked":["Vengeance","Crescendo","FlurryOfBlows"],"picked":"SKIP","floor":14.0},{"not_picked":["Protect","WaveOfTheHand"],"picked":"Scrawl","floor":15.0},{"not_picked":["EmptyBody+1","SashWhip","FlyingSleeves"],"picked":"SKIP","floor":18},{"not_picked":["ThirdEye","LikeWater+1","PathToVictory"],"picked":"SKIP","floor":20}],"player_experience":646744,"relics_obtained":[{"floor":6.0,"key":"Pantograph"},{"floor":8.0,"key":"Damaru"},{"floor":9.0,"key":"Yang"},{"floor":10.0,"key":"Oddly Smooth Stone"},{"floor":11.0,"key":"Dream Catcher"},{"floor":13.0,"key":"Odd Mushroom"}],"event_choices":[{"damage_healed":0.0,"max_hp_gain":0.0,"max_hp_loss":0.0,"gold_gain":0.0,"event_name":"Mushrooms","player_choice":"Fought Mushrooms","floor":13.0,"gold_loss":0.0,"damage_taken":0.0}],"is_beta":false,"boss_relics":[{"not_picked":["Black Star","Busted Crown"],"picked":"Astrolabe"}],"items_purged_floors":[2,19],"is_endless":false,"potions_floor_spawned":[6,8,11,18],"killed_by":"Centurion and Healer","ascension_level":17}}