{"host":"d9m9v0h6vo0edadb","time":1608394781,"event":{"mods":["BaseMod","Hermit","Keyboard Shortcuts","Minty Spire (QoL Compilation)","StSLib","SuperFastMode","The Cursed"],"gold_per_floor":[10,25,42,52,52,52,77,77,103,28,60,73,92,113,113,189,189,199,38,55,105,105,105],"floor_reached":22,"playtime":419,"items_purged":["Strike_B"],"score":367,"play_id":"25c39697-5dab-452c-8e90-c881c9b7d1da","local_time":"20201220011941","is_ascension_mode":true,"campfire_choices":[{"data":"Magnetism","floor":6.0,"key":"SMITH"},{"floor":8.0,"key":"REST"},{"floor":15.0,"key":"REST"}],"circlet_count":0,"master_deck":["AscendersBane","Strike_B","Strike_B","Strike_B","Defend_B","Defend_B","Defend_B","Defend_B","Zap","Dualcast","Magnetism+1","Auto Shields","Heatsinks","Electrodynamics","Glacier","Gash"],"relics":["Cracked Core","Potion Belt","CeramicFish","Odd Mushroom","Black Star","OrangePellets"],"acts_visited":["Exordium","TheCity"],"potions_floor_usage":[],"damage_taken":[{"damage":2.0,"enemies":"Jaw Worm","floor":1.0,"turns":3.0},{"damage":10.0,"enemies":"Small Slimes","floor":2.0,"turns":4.0},{"damage":0.0,"enemies":"Cultist","floor":3.0,"turns":3.0},{"damage":32.0,"enemies":"Lots of Slimes","floor":4.0,"turns":6.0},{"damage":27.0,"enemies":"Gremlin Nob","floor":7.0,"turns":4.0},{"damage":13.0,"enemies":"The Mushroom Lair","floor":11.0,"turns":3.0},{"damage":1.0,"enemies":"Exordium Thugs","floor":12.0,"turns":4.0},{"damage":0.0,"enemies":"3 Louse","floor":13.0,"turns":2.0},{"damage":8.0,"enemies":"Large Slime","floor":14.0,"turns":6.0},{"damage":21.0,"enemies":"Slime Boss","floor":16.0,"turns":10.0},{"damage":0.0,"enemies":"3 Byrds","floor":18.0,"turns":2.0},{"damage":15.0,"enemies":"Shell Parasite","floor":20.0,"turns":11.0},{"damage":24,"enemies":"Centurion and Healer","floor":22,"turns":8}],"seed_played":"-6517977303376972199","potions_obtained":[{"floor":4.0,"key":"Weak Potion"},{"floor":7.0,"key":"SkillPotion"},{"floor":13.0,"key":"Swift Potion"},{"floor":14.0,"key":"ColorlessPotion"},{"floor":20.0,"key":"Energy Potion"}],"is_trial":false,"path_per_floor":["M","M","M","M","?","R","E","R","T","$","?","M","M","M","R","B",null,"M","$","M","?","M"],"character_chosen":"DEFECT","items_purchased":["OrangePellets"],"campfire_rested":2,"item_purchase_floors":[19],"current_hp_per_floor":[62,52,52,20,43,43,16,37,37,37,24,23,23,15,36,15,57,57,57,42,35,11,11],"gold":105,"neow_bonus":"RANDOM_COLORLESS_2","is_daily":false,"chose_seed":false,"campfire_upgraded":1,"win_rate":0.0,"timestamp":1608394781,"path_taken":["M","M","M","M","?","R","E","R","T","$","?","M","M","M","R","BOSS","M","$","M","?","M"],"items_purchased_type":["Relic"],"build_version":"2020-12-13","purchased_purges":1,"victory":false,"max_hp_per_floor":[71,71,71,71,71,71,71,71,71,71,71,71,71,71,71,71,71,71,71,71,71,71,71],"card_choices":[{"not_picked":["Metamorphosis","Transmutation"],"picked":"Magnetism","floor":0.0},{"not_picked":["Genetic Algorithm","Stack"],"picked":"Auto Shields","floor":1.0},{"not_picked":["Hologram","Stack"],"picked":"Heatsinks","floor":2.0},{"not_picked":["Turbo","Leap","Redo"],"picked":"SKIP","floor":3.0},{"not_picked":["Leap","Consume","Turbo"],"picked":"SKIP","floor":4.0},{"not_picked":["Chaos","BootSequence"],"picked":"Electrodynamics","floor":7.0},{"not_picked":["Beam Cell","Hello World"],"picked":"Glacier","floor":11.0},{"not_picked":["Doom and Gloom","Reprogram","Conserve Battery"],"picked":"SKIP","floor":12.0},{"not_picked":["Hologram","Turbo","Consume"],"picked":"SKIP","floor":13.0},{"not_picked":["Rebound","Beam Cell"],"picked":"Gash","floor":14.0},{"not_picked":["Storm","Redo","Stack"],"picked":"SKIP","floor":18.0},{"not_picked":["Beam Cell","Doom and Gloom","White Noise"],"picked":"SKIP","floor":20.0}],"player_experience":939677,"relics_obtained":[{"floor":7.0,"key":"Potion Belt"},{"floor":9.0,"key":"CeramicFish"},{"floor":11.0,"key":"Odd Mushroom"}],"event_choices":[{"damage_healed":23.0,"max_hp_gain":0.0,"max_hp_loss":0.0,"gold_gain":0.0,"event_name":"Big Fish","player_choice":"Banana","floor":5.0,"gold_loss":0.0,"damage_taken":0.0},{"damage_healed":0.0,"max_hp_gain":0.0,"max_hp_loss":0.0,"gold_gain":0.0,"event_name":"Mushrooms","player_choice":"Fought Mushrooms","floor":11.0,"gold_loss":0.0,"damage_taken":0.0},{"damage_healed":0,"gold_gain":50,"player_choice":"Touch","damage_taken":7,"max_hp_gain":0,"max_hp_loss":0,"event_name":"FaceTrader","floor":21,"gold_loss":0}],"is_beta":false,"boss_relics":[{"not_picked":["Calling Bell","Ectoplasm"],"picked":"Black Star"}],"items_purged_floors":[10],"is_endless":false,"potions_floor_spawned":[4,7,13,14,20],"killed_by":"Centurion and Healer","ascension_level":19}}