{"host":"mal0jdk4f6ubgyb8","time":1608366121,"event":{"mods":["BaseMod","KinomotoSakuraMod(木之本樱)","Koishi","LagranYue(拉格朗・月)","Luminous","Marisa（F雨　魔理沙）","Minty Spire (QoL Compilation)","Quick Restart","Reimu（博丽灵梦）","Relic Stats","Remilia（蕾米莉亚）","StSLib","The Senshi","WarShipGirlsR/战舰少女R mod","Youmu（魂魄妖梦）","Yuri Mod","Yuyuko","【东方二次创作】八云紫mod"],"gold_per_floor":[140,140,215,215,215,240,240,272,272,272,307,322,322,332,332,430,430,449,155,175,185,185,211,222,222,290,290,316,316,316,346,346,441,441,458,173,173,184,194,226,226,260,334,346,361,371,371,406,406,406,406,406,60,91,91],"floor_reached":56,"playtime":2052,"items_purged":["Defend_purpleEX","Defend_purpleEX","AT_purpleEX"],"score":1611,"play_id":"db6ff551-5903-44e6-8776-7629e517ed7c","local_time":"20201219162201","is_ascension_mode":false,"campfire_choices":[{"floor":7.0,"key":"RECALL"},{"floor":10.0,"key":"REST"},{"data":"WatchEChange_purple","floor":13.0,"key":"SMITH"},{"data":"Nest_LightFlightworm_purple","floor":15.0,"key":"SMITH"},{"data":"Mirror_TwoAndThreeElementRealm_purple","floor":25,"key":"SMITH"},{"data":"Apotheosis","floor":29,"key":"SMITH"},{"data":"CommonSense_AntiCommonSense_purple","floor":32,"key":"SMITH"},{"data":"OmniscientAndOmnipotent_Monster_purple","floor":41,"key":"SMITH"},{"floor":47,"key":"REST"},{"data":"MeetDecomposer_purple","floor":49,"key":"SMITH"},{"data":"Mirror_TwoAndThreeElementRealm_purple","floor":52,"key":"SMITH"}],"circlet_count":0,"master_deck":["AT_purpleEX","AT_purpleEX","Defend_purpleEX","Observe_purple_1","Observe_purple_2","WatchEChange_purple+1","ProofOfUnderstanding_purple","Anti_communist_purple","Umbrella_purple","Nest_LightFlightworm_purple+1","Umbrella_purple","Mirror_TwoAndThreeElementRealm_purple+1","StateErode_purple","Fantasy_PerpetualMotionMachine_purple+1","Apotheosis+1","WeekHit_purple","CommonSense_AntiCommonSense_purple+1","Mirror_TwoAndThreeElementRealm_purple+1","CurseOfTheBell","Finesse","OmniscientAndOmnipotent_Monster_purple+1","Bait_HighSpeedFlying_purple","OmniscientAndOmnipotent_Monster_purple+1","MeetDecomposer_purple+1","AdvanceAttack_purple+1","Boundary_DynamicStaticEquilibrium_purple","Boundary_DreamRealityDamnation_purple"],"relics":["Boundary_crack","Memoryfragments_purpleEX","LagranYue:RandomDrawCardRelic","NeowsBlessing","Orichalcum","PreservedInsect","Smiling Mask","Calipers","Busted Crown","Gremlin Horn","Meat on the Bone","Matryoshka","Art of War","Oddly Smooth Stone","Calling Bell","Potion Belt","Mummified Hand","Dead Branch","Lantern","Mango","Turnip","Ancient Tea Set","Pantograph","Centennial Puzzle","yuri:PortableGlitches","LagranYue:GuidanceLightRelic"],"acts_visited":["Exordium","TheCity","TheBeyond","TheEnding"],"potions_floor_usage":[18,33,33,39,50,50,50,55,55,55],"damage_taken":[{"damage":0.0,"enemies":"2 Louse","floor":1.0,"turns":1.0},{"damage":10.0,"enemies":"3 Sentries","floor":6.0,"turns":1.0},{"damage":7.0,"enemies":"Lagavulin","floor":8.0,"turns":1.0},{"damage":22.0,"enemies":"Gremlin Nob","floor":11.0,"turns":4.0},{"damage":0.0,"enemies":"Small Slimes","floor":12.0,"turns":2.0},{"damage":0.0,"enemies":"Cultist","floor":14.0,"turns":2.0},{"damage":0,"enemies":"Slime Boss","floor":16,"turns":4},{"damage":0,"enemies":"2 Thieves","floor":18,"turns":2},{"damage":9,"enemies":"Chosen","floor":20,"turns":2},{"damage":0,"enemies":"Snecko","floor":21,"turns":3},{"damage":10,"enemies":"Book of Stabbing","floor":23,"turns":3},{"damage":0,"enemies":"Snake Plant","floor":24,"turns":2},{"damage":4,"enemies":"Gremlin Leader","floor":28,"turns":4},{"damage":8,"enemies":"Book of Stabbing","floor":31,"turns":3},{"damage":0,"enemies":"Automaton","floor":33,"turns":5},{"damage":10,"enemies":"3 Shapes","floor":35,"turns":2},{"damage":0,"enemies":"3 Darklings","floor":38,"turns":4},{"damage":0,"enemies":"Transient","floor":39,"turns":4},{"damage":0,"enemies":"Giant Head","floor":40,"turns":4},{"damage":15,"enemies":"Nemesis","floor":42,"turns":3},{"damage":0,"enemies":"Sphere and 2 Shapes","floor":44,"turns":3},{"damage":0,"enemies":"4 Shapes","floor":45,"turns":2},{"damage":0,"enemies":"Transient","floor":46,"turns":5},{"damage":18,"enemies":"Reptomancer","floor":48,"turns":2},{"damage":75,"enemies":"Awakened One","floor":50,"turns":6},{"damage":0,"enemies":"Shield and Spear","floor":54,"turns":2},{"damage":85,"enemies":"The Heart","floor":55,"turns":6}],"seed_played":"3062439874689536238","potions_obtained":[{"floor":6.0,"key":"Dexterity Potion"},{"floor":11.0,"key":"Block Potion"},{"floor":16,"key":"Dexterity Potion"},{"floor":20,"key":"DistilledChaos"},{"floor":31,"key":"SteroidPotion"},{"floor":33,"key":"LiquidMemories"},{"floor":35,"key":"MagicPotion:ReiMu"},{"floor":39,"key":"GrandPatriotsElixir:ReiMu"},{"floor":46,"key":"ZuzhouPotion:ReiMu"},{"floor":48,"key":"ColorlessPotion"},{"floor":54,"key":"Dexterity Potion"}],"is_trial":false,"path_per_floor":["M","?","?","?","?","E","R","E","T","R","E","M","R","M","R","B",null,"M","$","M","M","?","E","M","R","T","?","E","R","?","E","R","B",null,"M","$","?","M","M","E","R","E","T","M","M","M","R","E","R","B",null,"R","$","E","B",null],"character_chosen":"Youkari","items_purchased":["Gremlin Horn","Lantern","Finesse","yuri:PortableGlitches","Boundary_DynamicStaticEquilibrium_purple"],"campfire_rested":2,"item_purchase_floors":[19,36,36,53,53],"current_hp_per_floor":[70,67,56,49,34,24,24,18,18,39,20,20,20,20,20,23,70,70,70,63,65,52,45,47,47,47,47,57,57,57,50,50,54,75,75,75,75,75,75,89,89,81,81,86,91,92,92,79,79,34,92,92,92,92,26],"gold":91,"neow_bonus":"THREE_ENEMY_KILL","is_daily":false,"chose_seed":false,"campfire_upgraded":8,"win_rate":0.0,"timestamp":1608366121,"path_taken":["M","?","?","?","?","E","R","E","T","R","E","M","R","M","R","BOSS","M","$","M","M","?","E","M","R","T","?","E","R","?","E","R","BOSS","M","$","?","M","M","E","R","E","T","M","M","M","R","E","R","BOSS","R","$","E","BOSS"],"items_purchased_type":["Relic","Relic","Card","Relic","Card"],"build_version":"2020-12-13","purchased_purges":3,"victory":true,"max_hp_per_floor":[70,70,70,70,70,70,70,70,70,70,70,70,70,70,70,70,70,70,70,70,70,75,75,75,75,75,75,75,75,75,75,75,75,75,75,75,75,75,75,89,89,92,92,92,92,92,92,92,92,92,92,92,92,92,92],"relic_stats":{"Gremlin Horn":[20,21],"counters":[27,82],"Dead Branch":[47],"PreservedInsect":448,"Orichalcum":[66],"Smiling Mask":150,"Centennial Puzzle":[2],"Busted Crown":38,"Mummified Hand":[56],"Pantograph":13,"Turnip":[2],"Art of War":[0],"obtain_stats":[{"Lantern":36,"Calipers":11,"LagranYue:RandomDrawCardRelic":0,"Gremlin Horn":19,"Mango":40,"Smiling Mask":8,"Ancient Tea Set":43,"Centennial Puzzle":48,"Matryoshka":26,"Mummified Hand":34,"Pantograph":43,"Potion Belt":34,"NeowsBlessing":0,"Dead Branch":34,"Oddly Smooth Stone":31,"PreservedInsect":6,"Boundary_crack":0,"Orichalcum":2,"Calling Bell":34,"LagranYue:GuidanceLightRelic":54,"Busted Crown":17,"Turnip":42,"Art of War":28,"yuri:PortableGlitches":53,"Memoryfragments_purpleEX":0,"Meat on the Bone":23},{"Lantern":16,"Calipers":4,"LagranYue:RandomDrawCardRelic":0,"Gremlin Horn":8,"Mango":19,"Smiling Mask":3,"Ancient Tea Set":20,"Centennial Puzzle":24,"Matryoshka":12,"Mummified Hand":15,"Pantograph":20,"Potion Belt":15,"NeowsBlessing":0,"Dead Branch":15,"Oddly Smooth Stone":14,"PreservedInsect":2,"Boundary_crack":0,"Orichalcum":1,"Calling Bell":15,"LagranYue:GuidanceLightRelic":26,"Busted Crown":7,"Turnip":20,"Art of War":13,"yuri:PortableGlitches":25,"Memoryfragments_purpleEX":0,"Meat on the Bone":11},{"Lantern":41,"Calipers":7,"LagranYue:RandomDrawCardRelic":0,"Gremlin Horn":17,"Mango":53,"Smiling Mask":3,"Ancient Tea Set":56,"Centennial Puzzle":68,"Matryoshka":27,"Mummified Hand":39,"Pantograph":56,"Potion Belt":39,"NeowsBlessing":0,"Dead Branch":39,"Oddly Smooth Stone":34,"PreservedInsect":2,"Boundary_crack":0,"Orichalcum":1,"Calling Bell":39,"LagranYue:GuidanceLightRelic":76,"Busted Crown":15,"Turnip":56,"Art of War":31,"yuri:PortableGlitches":74,"Memoryfragments_purpleEX":0,"Meat on the Bone":25}],"Meat on the Bone":24},"card_choices":[{"not_picked":["Charmbait_purple","ExistenceContinue_purple"],"picked":"WatchEChange_purple","floor":1.0},{"not_picked":["OmniscientAndOmnipotent_Monster_purple","ExistenceContinue_purple"],"picked":"ProofOfUnderstanding_purple","floor":6.0},{"not_picked":["SfantasyHide_purple","AdvanceAttack_purple"],"picked":"Anti_communist_purple","floor":8.0},{"not_picked":["Boundary_ObjectiveBoundary_purple","Worldmountain_purple"],"picked":"Umbrella_purple","floor":11.0},{"not_picked":["Bait_HighSpeedFlying_purple","ExistenceContinue_purple"],"picked":"Nest_LightFlightworm_purple","floor":12.0},{"not_picked":["Worldmountain_purple","RuleDissolution_purple"],"picked":"Umbrella_purple","floor":14.0},{"not_picked":["Fancifulhole_purple","BarrageBoundary_PipeDream_purple"],"picked":"Mirror_TwoAndThreeElementRealm_purple","floor":16},{"not_picked":["ExistenceContinue_purple+1"],"picked":"SKIP","floor":18},{"not_picked":[],"picked":"StateErode_purple","floor":20},{"not_picked":["Worldmountain_purple"],"picked":"SKIP","floor":21},{"not_picked":["Worldmountain_purple"],"picked":"SKIP","floor":21},{"not_picked":["Mirror_FormAndEmptin_purple"],"picked":"SKIP","floor":23},{"not_picked":[],"picked":"Fantasy_PerpetualMotionMachine_purple+1","floor":24},{"not_picked":[],"picked":"WeekHit_purple","floor":28},{"not_picked":[],"picked":"CommonSense_AntiCommonSense_purple","floor":31},{"not_picked":[],"picked":"Mirror_TwoAndThreeElementRealm_purple","floor":33},{"not_picked":["Realm_recovery_purpleEX"],"picked":"SKIP","floor":35},{"not_picked":[],"picked":"OmniscientAndOmnipotent_Monster_purple","floor":38},{"not_picked":[],"picked":"Bait_HighSpeedFlying_purple","floor":39},{"not_picked":["Worldmountain_purple"],"picked":"SKIP","floor":40},{"not_picked":["Bait_Toxicbait_purple"],"picked":"SKIP","floor":42},{"not_picked":[],"picked":"OmniscientAndOmnipotent_Monster_purple+1","floor":44},{"not_picked":[],"picked":"MeetDecomposer_purple","floor":45},{"not_picked":[],"picked":"AdvanceAttack_purple+1","floor":46},{"not_picked":[],"picked":"UniverseChoice_purple","floor":48},{"not_picked":[],"picked":"Boundary_DreamRealityDamnation_purple","floor":54}],"player_experience":243967,"relics_obtained":[{"floor":6.0,"key":"PreservedInsect"},{"floor":8.0,"key":"Smiling Mask"},{"floor":11.0,"key":"Calipers"},{"floor":23,"key":"Meat on the Bone"},{"floor":26,"key":"Matryoshka"},{"floor":28,"key":"Art of War"},{"floor":31,"key":"Oddly Smooth Stone"},{"floor":34,"key":"Potion Belt"},{"floor":34,"key":"Mummified Hand"},{"floor":34,"key":"Dead Branch"},{"floor":40,"key":"Mango"},{"floor":42,"key":"Turnip"},{"floor":43,"key":"Ancient Tea Set"},{"floor":43,"key":"Pantograph"},{"floor":48,"key":"Centennial Puzzle"},{"floor":54,"key":"LagranYue:GuidanceLightRelic"}],"event_choices":[{"damage_healed":0.0,"max_hp_gain":0.0,"max_hp_loss":0.0,"gold_gain":0.0,"event_name":"Scrap Ooze","player_choice":"Success","floor":2.0,"gold_loss":0.0,"damage_taken":3.0,"relics_obtained":["Orichalcum"]},{"damage_healed":0.0,"max_hp_gain":0.0,"max_hp_loss":0.0,"gold_gain":75.0,"event_name":"World of Goop","player_choice":"Gather Gold","floor":3.0,"gold_loss":0.0,"damage_taken":11.0},{"cards_removed":["Defend_purpleEX"],"damage_healed":0.0,"max_hp_gain":0.0,"max_hp_loss":0.0,"gold_gain":0.0,"event_name":"Golden Wing","player_choice":"Card Removal","floor":4.0,"gold_loss":0.0,"damage_taken":7.0},{"damage_healed":0,"gold_gain":0,"player_choice":"Shed Blood","damage_taken":18,"max_hp_gain":5,"max_hp_loss":0,"event_name":"Forgotten Altar","floor":22,"gold_loss":0},{"damage_healed":0,"gold_gain":0,"player_choice":"Ignored","damage_taken":0,"max_hp_gain":0,"max_hp_loss":0,"event_name":"NoteForYourself","floor":30,"gold_loss":0},{"cards_removed":["AT_purpleEX"],"damage_healed":0,"gold_gain":0,"player_choice":"Removed Attack","damage_taken":0,"max_hp_gain":0,"max_hp_loss":0,"event_name":"Falling","floor":37,"gold_loss":0}],"is_beta":false,"boss_relics":[{"not_picked":["Velvet Choker","Snecko Eye"],"picked":"Busted Crown"},{"not_picked":["Seventeenyearold_girl_Forever","Runic Pyramid"],"picked":"Calling Bell"}],"items_purged_floors":[19,36,53],"is_endless":false,"potions_floor_spawned":[6,11,16,20,31,33,35,39,46,48,54],"ascension_level":0}}