{"host":"pzqkpx9vzgz8he4w","time":1608340751,"event":{"mods":["2.2 Compatiblity","BaseMod","DeckTracker","Minty Spire (QoL Compilation)","StSLib","The Edgeheg"],"gold_per_floor":[86,86,99,174,174,209,221,267,349,381,79,89,89,108,108,108,108],"floor_reached":16,"playtime":901,"items_purged":[],"score":135,"play_id":"3beecfad-7adc-40e1-80b3-ac75e6575771","local_time":"20201218201911","is_ascension_mode":false,"campfire_choices":[{"data":"theEdgeheg:ChaosControlSkill","floor":7,"key":"SMITH"},{"data":"theEdgeheg:RevolverOcelot","floor":13,"key":"SMITH"},{"data":"theEdgeheg:EndlessKatanas","floor":15,"key":"SMITH"}],"circlet_count":0,"master_deck":["theEdgeheg:StarterShootAttack","theEdgeheg:StarterShootAttack","theEdgeheg:StarterShootAttack","theEdgeheg:StarterShootAttack","theEdgeheg:StarterDodgeSkill","theEdgeheg:StarterDodgeSkill","theEdgeheg:StarterDodgeSkill","theEdgeheg:BloodyKatana","theEdgeheg:ChaosControlSkill+1","theEdgeheg:GatherChaos","theEdgeheg:BetterDodge","theEdgeheg:MachineGun+1","theEdgeheg:BlowCover","theEdgeheg:SexyGirlfriend","theEdgeheg:QuickDraw","theEdgeheg:RevolverOcelot+1","theEdgeheg:Fastness","theEdgeheg:EndlessKatanas+1"],"relics":["theEdgeheg:UltimateLifeformRelic","theEdgeheg:GreenEmeraldRelic","NeowsBlessing","MawBank","Nunchaku","The Courier","Ornamental Fan"],"acts_visited":["Exordium"],"potions_floor_usage":[14],"damage_taken":[{"damage":0,"enemies":"Small Slimes","floor":1,"turns":2},{"damage":0,"enemies":"Jaw Worm","floor":3,"turns":1},{"damage":0,"enemies":"3 Sentries","floor":6,"turns":1},{"damage":1,"enemies":"Lagavulin","floor":8,"turns":12},{"damage":0,"enemies":"Cultist","floor":10,"turns":4},{"damage":0,"enemies":"2 Fungi Beasts","floor":12,"turns":6},{"damage":0,"enemies":"3 Louse","floor":14,"turns":3},{"damage":5,"enemies":"Hexaghost","floor":16,"turns":2}],"seed_played":"-2370442211621881261","potions_obtained":[{"floor":3,"key":"SpeedPotion"},{"floor":6,"key":"Fire Potion"},{"floor":12,"key":"DistilledChaos"}],"is_trial":false,"path_per_floor":["M","?","M","?","?","E","R","E","T","M","$","M","R","M","R","B"],"character_chosen":"THE_DEFAULT","items_purchased":["theEdgeheg:RevolverOcelot","Ornamental Fan"],"campfire_rested":0,"item_purchase_floors":[11,11],"current_hp_per_floor":[4,5,5,4,4,4,4,3,3,3,3,4,4,5,5,0,0],"gold":108,"neow_bonus":"THREE_ENEMY_KILL","is_daily":false,"chose_seed":false,"campfire_upgraded":3,"win_rate":0.0,"timestamp":1608340751,"path_taken":["M","?","M","?","?","E","R","E","T","M","$","M","R","M","R","BOSS"],"items_purchased_type":["Card","Relic"],"build_version":"2020-12-13","purchased_purges":0,"victory":false,"max_hp_per_floor":[5,6,6,6,6,6,6,6,6,6,6,6,6,6,6,6,6],"card_choices":[{"not_picked":["theEdgeheg:Grr","theEdgeheg:Butt"],"picked":"theEdgeheg:BetterDodge","floor":1},{"not_picked":["theEdgeheg:Butt","theEdgeheg:Heh"],"picked":"theEdgeheg:MachineGun","floor":3},{"not_picked":["theEdgeheg:BetterShoot","theEdgeheg:MasterEmerald"],"picked":"theEdgeheg:BlowCover","floor":6},{"not_picked":["theEdgeheg:BetterShoot","theEdgeheg:Heh"],"picked":"theEdgeheg:SexyGirlfriend","floor":8},{"not_picked":["theEdgeheg:Butt","theEdgeheg:MasterEmerald"],"picked":"theEdgeheg:QuickDraw","floor":10},{"not_picked":["theEdgeheg:Butt","theEdgeheg:BetterShoot"],"picked":"theEdgeheg:Fastness","floor":12},{"not_picked":["theEdgeheg:GirlWithGun","theEdgeheg:ChaosWhip"],"picked":"theEdgeheg:EndlessKatanas","floor":14}],"player_experience":134947,"relics_obtained":[{"floor":6,"key":"MawBank"},{"floor":8,"key":"Nunchaku"},{"floor":9,"key":"The Courier"}],"event_choices":[{"damage_healed":0,"gold_gain":0,"player_choice":"Forge","damage_taken":0,"max_hp_gain":0,"max_hp_loss":0,"event_name":"Accursed Blacksmith","floor":5,"gold_loss":0,"cards_upgraded":["theEdgeheg:MachineGun"]}],"is_beta":false,"boss_relics":[],"items_purged_floors":[],"is_endless":false,"potions_floor_spawned":[3,6,12],"killed_by":"Hexaghost","ascension_level":0}}