{"host":"5f8ute538gzudddu","time":1608416731,"event":{"mods":["BaseMod","Highlight Path","Minty Spire (QoL Compilation)","Relic Stats","StSLib"],"gold_per_floor":[109,109,129,142,157,157,196,121,147,159,213,254,266,301,313,325,325],"floor_reached":16,"playtime":710,"items_purged":[],"score":274,"play_id":"739e4646-0b47-43c9-9a63-fac677df52c1","local_time":"20201219142531","is_ascension_mode":true,"campfire_choices":[{"floor":6.0,"key":"REST"},{"data":"Adaptation","floor":13.0,"key":"SMITH"},{"data":"Scrawl","floor":15.0,"key":"SMITH"}],"circlet_count":0,"master_deck":["AscendersBane","Strike_P","Strike_P","Strike_P","Strike_P","Defend_P","Defend_P","Defend_P","Vigilance","FlyingSleeves","BattleHymn","Protect","Tantrum","Consecrate","Scrawl+1","Adaptation+1","ReachHeaven","CutThroughFate"],"relics":["PureWater","Dream Catcher","CeramicFish","MawBank","Golden Idol","Toy Ornithopter"],"acts_visited":["Exordium"],"potions_floor_usage":[16],"damage_taken":[{"damage":8.0,"enemies":"Jaw Worm","floor":1.0,"turns":6.0},{"damage":7.0,"enemies":"Small Slimes","floor":3.0,"turns":3.0},{"damage":2.0,"enemies":"2 Louse","floor":4.0,"turns":3.0},{"damage":1.0,"enemies":"2 Fungi Beasts","floor":5.0,"turns":3.0},{"damage":20.0,"enemies":"3 Sentries","floor":7.0,"turns":4.0},{"damage":0.0,"enemies":"Gremlin Nob","floor":11.0,"turns":3.0},{"damage":2.0,"enemies":"3 Louse","floor":12.0,"turns":2.0},{"damage":0.0,"enemies":"Large Slime","floor":14.0,"turns":3.0},{"damage":46,"enemies":"The Guardian","floor":16,"turns":13}],"seed_played":"-2774158464736519664","potions_obtained":[{"floor":1.0,"key":"Block Potion"},{"floor":3.0,"key":"EssenceOfSteel"},{"floor":7.0,"key":"EssenceOfSteel"},{"floor":12.0,"key":"StancePotion"}],"is_trial":false,"path_per_floor":["M","?","M","M","M","R","E","?","T","?","E","M","R","M","R","B"],"character_chosen":"WATCHER","items_purchased":[],"campfire_rested":1,"item_purchase_floors":[],"current_hp_per_floor":[53,46,39,37,36,56,36,36,36,36,36,34,34,39,39,0,0],"gold":325,"neow_bonus":"RANDOM_COMMON_RELIC","is_daily":false,"chose_seed":false,"campfire_upgraded":2,"win_rate":0.0,"timestamp":1608416731,"path_taken":["M","?","M","M","M","R","E","?","T","?","E","M","R","M","R","BOSS"],"items_purchased_type":[],"build_version":"2020-12-13","purchased_purges":0,"victory":false,"max_hp_per_floor":[68,68,68,68,68,68,68,68,68,62,62,62,62,62,62,62,62],"relic_stats":{"Dream Catcher":1,"counters":[9,40],"Golden Idol":14,"CeramicFish":36,"MawBank":84,"obtain_stats":[{"Dream Catcher":0,"Golden Idol":10,"CeramicFish":7,"PureWater":0,"MawBank":9,"Toy Ornithopter":11},{"Dream Catcher":0,"Golden Idol":5,"CeramicFish":5,"PureWater":0,"MawBank":5,"Toy Ornithopter":6},{"Dream Catcher":0,"Golden Idol":19,"CeramicFish":19,"PureWater":0,"MawBank":19,"Toy Ornithopter":22}],"Toy Ornithopter":10},"card_choices":[{"not_picked":["Swivel","ThirdEye"],"picked":"FlyingSleeves","floor":1.0},{"not_picked":["Fasting2","Vengeance"],"picked":"BattleHymn","floor":3.0},{"not_picked":["CrushJoints","InnerPeace"],"picked":"Protect","floor":4.0},{"not_picked":["Protect","Sanctity"],"picked":"Tantrum","floor":5.0},{"not_picked":["ClearTheMind","Vengeance"],"picked":"Consecrate","floor":6.0},{"not_picked":["EmptyFist","FollowUp"],"picked":"Scrawl","floor":7.0},{"not_picked":["Study","Fasting2"],"picked":"Adaptation","floor":11.0},{"not_picked":["Study","Consecrate"],"picked":"ReachHeaven","floor":12.0},{"not_picked":["LikeWater","Consecrate"],"picked":"CutThroughFate","floor":14.0}],"player_experience":888454,"relics_obtained":[{"floor":7.0,"key":"CeramicFish"},{"floor":9.0,"key":"MawBank"},{"floor":11.0,"key":"Toy Ornithopter"}],"event_choices":[{"cards_removed":["Defend_P"],"damage_healed":0.0,"max_hp_gain":0.0,"max_hp_loss":0.0,"gold_gain":0.0,"event_name":"Golden Wing","player_choice":"Card Removal","floor":2.0,"gold_loss":0.0,"damage_taken":7.0},{"cards_removed":["Eruption"],"damage_healed":0.0,"max_hp_gain":0.0,"max_hp_loss":0.0,"gold_gain":0.0,"event_name":"The Cleric","player_choice":"Card Removal","floor":8.0,"gold_loss":75.0,"damage_taken":0.0},{"damage_healed":0.0,"max_hp_gain":0.0,"max_hp_loss":6.0,"gold_gain":0.0,"event_name":"Golden Idol","player_choice":"Lose Max HP","floor":10.0,"gold_loss":0.0,"damage_taken":0.0,"relics_obtained":["Golden Idol"]}],"is_beta":false,"boss_relics":[],"items_purged_floors":[],"is_endless":false,"potions_floor_spawned":[1,3,4,7,12],"killed_by":"The Guardian","ascension_level":20}}