{"host":"17xjy7b7ubl548g2","time":1608349680,"event":{"mods":["2.2 Compatiblity","Act Like it!","Aspiration","Astrologer","Bard","BaseMod","Bestiary","Challenge The Spire","ChefMod","Colored Map","Conspire","Elementarium","Energized Spire","GifTheSpireLib","Halation","Hallownest","Hermit","Hubris","Infinite Spire","Jedi Mod","Jorbs\u0027s Wanderer Trilogy","Marisa（霧雨　魔理沙）","Marked Mod","Minty Spire (QoL Compilation)","Pale of the Ancients","Permanent Neow","Puzzle Mod","Replay The Spire","Robot Space Explorer","Spicy Shops","StSLib","Stuff the Spire","The Blue Laboratory","The Bug Knight","The Construct","The Disciple","The Hayseed","The Hierophant","The Runesmith","The Sage"],"gold_per_floor":[112,112,125,137,149,149,174,174,174,174,174,193,212,243,243,243,243],"floor_reached":16,"playtime":1448,"items_purged":[],"score":112,"play_id":"957408b6-25fb-4494-a509-3e648405213f","local_time":"20201218224800","is_ascension_mode":false,"campfire_choices":[{"data":"RobotSpaceExplorer:MiniLasers","floor":6,"key":"SMITH"},{"data":"RobotSpaceExplorer:PlasmaMissile","floor":8,"key":"SMITH"},{"data":"RobotSpaceExplorer:BigMissile","floor":10,"key":"SMITH"},{"data":"RobotSpaceExplorer:ShockMissile","floor":15,"key":"SMITH"}],"circlet_count":0,"master_deck":["RobotSpaceExplorer:Strike","RobotSpaceExplorer:Strike","RobotSpaceExplorer:Strike","RobotSpaceExplorer:Defend","RobotSpaceExplorer:Defend","RobotSpaceExplorer:Defend+1","RobotSpaceExplorer:Defend","RobotSpaceExplorer:Scan","RobotSpaceExplorer:MiniLasers+1","ReplayTheSpireMod:Private Reserves","RobotSpaceExplorer:SurgingStrike","RobotSpaceExplorer:PlasmaMissile+1","RobotSpaceExplorer:Counterblock","RobotSpaceExplorer:ScrapToss","RobotSpaceExplorer:StunGrenade","RobotSpaceExplorer:BigMissile+1","RobotSpaceExplorer:ShockMissile+1","RobotSpaceExplorer:MiniBoosters","RobotSpaceExplorer:Counterblock"],"relics":["RobotSpaceExplorer:RoboCore","construct:RocketBooster","conspire:TopHat","Hallownest:DreamNailRelic","Replay:Bottled Flurry"],"acts_visited":["Exordium"],"potions_floor_usage":[14],"damage_taken":[{"damage":0,"enemies":"Hallownest:2_Tiktiks_and_1_Crawlid","floor":1,"turns":3},{"damage":0,"enemies":"Hallownest:monsterHuskWarrior","floor":3,"turns":2},{"damage":0,"enemies":"Hallownest:2_Baldur","floor":4,"turns":3},{"damage":1,"enemies":"Hallownest:1_Baldur_1_Crawlid_1_Warrior","floor":5,"turns":4},{"damage":5,"enemies":"Hallownest:eliteCrystalGuardian","floor":7,"turns":5},{"damage":0,"enemies":"Hallownest:1_Ooma_and_2_Uuma","floor":12,"turns":3},{"damage":0,"enemies":"Hallownest:monsterAspidMother","floor":13,"turns":3},{"damage":10,"enemies":"Hallownest:eliteMossKnight","floor":14,"turns":2},{"damage":15,"enemies":"Hallownest:BossFalseKnight","floor":16,"turns":5}],"seed_played":"-8012349496036798189","potions_obtained":[{"floor":5,"key":"SpeedPotion"},{"floor":7,"key":"blueLaboratory:RecallPotion"},{"floor":13,"key":"Explosive Potion"}],"is_trial":false,"path_per_floor":["M","?","M","M","M","R","E","R","T","R","?","M","M","E","R","B"],"character_chosen":"RobotSpaceExplorer","items_purchased":[],"campfire_rested":0,"item_purchase_floors":[],"current_hp_per_floor":[75,75,75,75,74,74,69,69,69,69,69,69,69,59,59,44,44],"gold":243,"neow_bonus":"RANDOM_COLORLESS","is_daily":false,"chose_seed":false,"campfire_upgraded":4,"win_rate":0.0,"timestamp":1608349680,"path_taken":["M","?","M","M","M","R","E","R","T","R","?","M","?","E","R","BOSS"],"items_purchased_type":[],"build_version":"2020-12-13","purchased_purges":0,"victory":false,"max_hp_per_floor":[75,75,75,75,75,75,75,75,75,75,75,75,75,75,75,75,75],"card_choices":[{"not_picked":["sagemod:Perplexing_Glare","Replay:Parry"],"picked":"ReplayTheSpireMod:Private Reserves","floor":0},{"not_picked":["RobotSpaceExplorer:ScrapToss","RobotSpaceExplorer:Counterblock"],"picked":"RobotSpaceExplorer:SurgingStrike","floor":1},{"not_picked":["RobotSpaceExplorer:SelfCleaning","RobotSpaceExplorer:DoubleFind"],"picked":"RobotSpaceExplorer:Counterblock","floor":3},{"not_picked":["RobotSpaceExplorer:ShovelStrike","RobotSpaceExplorer:ScrapMissile"],"picked":"RobotSpaceExplorer:ScrapToss","floor":4},{"not_picked":["RobotSpaceExplorer:FranticSearch","RobotSpaceExplorer:SwiftStep"],"picked":"RobotSpaceExplorer:StunGrenade","floor":5},{"not_picked":["RobotSpaceExplorer:MetalStrike","RobotSpaceExplorer:SwiftStep"],"picked":"RobotSpaceExplorer:BigMissile","floor":7},{"not_picked":["RobotSpaceExplorer:DoubleBlock","RobotSpaceExplorer:ToxicBomb"],"picked":"RobotSpaceExplorer:ShockMissile","floor":12},{"not_picked":["RobotSpaceExplorer:GlueShot","RobotSpaceExplorer:ImprovisedAttack"],"picked":"RobotSpaceExplorer:MiniBoosters","floor":13},{"not_picked":["RobotSpaceExplorer:ShockKick","RobotSpaceExplorer:FrostMissile"],"picked":"RobotSpaceExplorer:Counterblock","floor":14}],"player_experience":1578456,"relics_obtained":[{"floor":7,"key":"construct:RocketBooster"},{"floor":9,"key":"conspire:TopHat"},{"floor":14,"key":"Replay:Bottled Flurry"}],"event_choices":[],"is_beta":false,"boss_relics":[],"items_purged_floors":[],"is_endless":false,"potions_floor_spawned":[5,7,13],"killed_by":"Hallownest:BossFalseKnight","ascension_level":0}}