{"host":"07tcb8n8jdavk3gs","time":1608399498,"event":{"mods":["BaseMod","Colored Map","Hermit","Marisa????????","Minty Spire (QoL Compilation)","StSLib","The Servant 0.9.4"],"gold_per_floor":[112,129,60,235,255,282,282,301,301,313,313,325,350,361,361,361,361],"floor_reached":16,"playtime":796,"items_purged":[],"score":114,"play_id":"9d36fbca-e90c-47b7-86fa-63fbe95a7050","local_time":"20201219113818","is_ascension_mode":false,"campfire_choices":[{"data":"hermit:Brawl","floor":7,"key":"SMITH"},{"floor":15,"key":"REST"}],"circlet_count":0,"master_deck":["hermit:Strike_Hermit","hermit:Strike_Hermit","hermit:Strike_Hermit","hermit:Strike_Hermit","hermit:Defend_Hermit","hermit:Defend_Hermit","hermit:Defend_Hermit","hermit:Defend_Hermit","hermit:Snapshot","hermit:Covet","hermit:Manifest","hermit:LowProfile","hermit:Brawl+1","Doubt","hermit:FlashPowder","hermit:BigShot","hermit:Headshot","hermit:Brawl","hermit:ItchyTrigger","hermit:BodyArmor","hermit:Ricochet"],"relics":["hermit:Momento","NeowsBlessing","Bottled Tornado","Orichalcum"],"acts_visited":["Exordium"],"potions_floor_usage":[14,16],"damage_taken":[{"damage":0,"enemies":"Cultist","floor":1,"turns":1},{"damage":0,"enemies":"2 Louse","floor":2,"turns":1},{"damage":0,"enemies":"Small Slimes","floor":5,"turns":1},{"damage":16,"enemies":"Lagavulin","floor":6,"turns":12},{"damage":3,"enemies":"Looter","floor":8,"turns":4},{"damage":7,"enemies":"Large Slime","floor":10,"turns":7},{"damage":15,"enemies":"2 Fungi Beasts","floor":12,"turns":5},{"damage":26,"enemies":"Gremlin Nob","floor":13,"turns":5},{"damage":5,"enemies":"Looter","floor":14,"turns":3},{"damage":26,"enemies":"Slime Boss","floor":16,"turns":3}],"seed_played":"-264921705061505427","potions_obtained":[{"floor":6,"key":"BlessingOfTheForge"},{"floor":13,"key":"DistilledChaos"}],"is_trial":false,"path_per_floor":["M","M","$","?","M","E","R","M","T","M","?","M","E","M","R","B"],"character_chosen":"HERMIT","items_purchased":["hermit:Brawl"],"campfire_rested":1,"item_purchase_floors":[3],"current_hp_per_floor":[75,75,75,75,75,59,59,56,56,49,49,34,8,3,25,0,0],"gold":361,"neow_bonus":"THREE_ENEMY_KILL","is_daily":false,"chose_seed":false,"campfire_upgraded":1,"win_rate":0.0,"timestamp":1608399498,"path_taken":["M","?","?","?","M","E","R","M","T","M","?","M","E","?","R","BOSS"],"items_purchased_type":["Card"],"build_version":"2020-12-13","purchased_purges":0,"victory":false,"max_hp_per_floor":[75,75,75,75,75,75,75,75,75,75,75,75,75,75,75,75,75],"card_choices":[{"not_picked":["hermit:CalledShot","hermit:HighCaliber"],"picked":"hermit:Manifest","floor":1},{"not_picked":["hermit:HoleUp","hermit:Desperado"],"picked":"hermit:LowProfile","floor":2},{"not_picked":["hermit:LowProfile","hermit:Roulette"],"picked":"hermit:FlashPowder","floor":5},{"not_picked":["hermit:EyeOfTheStorm","hermit:WideOpen"],"picked":"hermit:BigShot","floor":6},{"not_picked":["hermit:HighCaliber","hermit:Ricochet"],"picked":"hermit:HighNoon","floor":8},{"not_picked":["hermit:ItchyTrigger","hermit:BodyArmor"],"picked":"hermit:Headshot","floor":10},{"not_picked":["hermit:Snipe","hermit:Scavenge"],"picked":"hermit:ItchyTrigger","floor":12},{"not_picked":["hermit:Adapt","hermit:EyeOfTheStorm"],"picked":"hermit:BodyArmor","floor":13},{"not_picked":["hermit:Misfire","hermit:Brawl"],"picked":"hermit:Ricochet","floor":14}],"player_experience":797928,"relics_obtained":[{"floor":6,"key":"Bottled Tornado"},{"floor":13,"key":"Orichalcum"}],"event_choices":[{"damage_healed":0,"gold_gain":175,"player_choice":"AGREE","damage_taken":0,"max_hp_gain":0,"max_hp_loss":0,"event_name":"Liars Game","floor":4,"gold_loss":0,"cards_obtained":["Doubt"]},{"damage_healed":0,"gold_gain":0,"cards_transformed":["hermit:HighNoon"],"player_choice":"Transformed","damage_taken":0,"max_hp_gain":0,"max_hp_loss":0,"event_name":"Transmorgrifier","floor":11,"gold_loss":0,"cards_obtained":["hermit:Brawl"]}],"is_beta":false,"boss_relics":[],"items_purged_floors":[],"is_endless":false,"potions_floor_spawned":[6,13],"killed_by":"Slime Boss","ascension_level":0}}