{"host":"2461dio7vetlq1z3","time":1608338789,"event":{"mods":["2.2 Compatiblity","AchievementEnabler","BaseMod","Better Third Choice","Hermit","Marisa????????","Minty Spire (QoL Compilation)","Relic Stats","Spicy Shops","StSLib","The Animator","Waifu the Spire"],"gold_per_floor":[114,114,133,133,83,83,117,117,117,133,148,9,9,35,35,134,134,154,154,154,172,191,217,217,233,315,315,230,230,263,279,279,378,378,392,404,415,89,89,119,0,35,83,83,99,99,129,147,147,147],"floor_reached":51,"playtime":2667,"items_purged":["Strike_MRS","Strike_MRS"],"score":1278,"play_id":"faafd1e6-c7b6-49a7-abb6-dd566d0fc1ff","local_time":"20201219014629","is_ascension_mode":true,"campfire_choices":[{"data":"ShootingEcho","floor":6,"key":"SMITH"},{"data":"AsteroidBelt","floor":8,"key":"SMITH"},{"data":"JA","floor":13,"key":"SMITH"},{"data":"SporeBomb","floor":15,"key":"SMITH"},{"floor":24,"key":"REST"},{"floor":29,"key":"REST"},{"data":"Singularity","floor":32,"key":"SMITH"},{"floor":44,"key":"REST"},{"floor":49,"key":"REST"}],"circlet_count":0,"master_deck":["AscendersBane","Strike_MRS","Defend_MRS","Defend_MRS","Defend_MRS+1","Defend_MRS","MasterSpark+1","UpSweep","ShootingEcho+1","AsteroidBelt+1","WitchLeyline","Acceleration","JA+1","GalacticHalo","SporeBomb+1","TreasureHunter+1","DarkMatter+1","GalacticHalo+1","PowerUp","Singularity+1","BlazingStar","Dark Shackles","MagicChant+1","GalacticHalo"],"relics":["MiniHakkero","NeowsBlessing","Regal Pillow","CaptainsWheel","Boot","SacredBark","Blue Candle","Ancient Tea Set","Pear","Du-Vu Doll","Ornamental Fan","HornCleat","Mango","Fusion Hammer","ClockworkSouvenir","StoneCalendar","Red Mask","Toy Ornithopter","Vajra","Bag of Preparation"],"acts_visited":["Exordium","TheCity","TheBeyond"],"potions_floor_usage":[23,23,27,30,40,42,45,48,50,50],"damage_taken":[{"damage":0,"enemies":"2 Louse","floor":1,"turns":1},{"damage":0,"enemies":"Small Slimes","floor":3,"turns":1},{"damage":0,"enemies":"Gremlin Nob","floor":7,"turns":1},{"damage":0,"enemies":"Cultist","floor":10,"turns":2},{"damage":3,"enemies":"Blue Slaver","floor":11,"turns":3},{"damage":5,"enemies":"3 Sentries","floor":14,"turns":9},{"damage":5,"enemies":"The Guardian","floor":16,"turns":7},{"damage":6,"enemies":"3 Byrds","floor":18,"turns":5},{"damage":2,"enemies":"Chosen","floor":21,"turns":3},{"damage":18,"enemies":"Shelled Parasite and Fungi","floor":22,"turns":6},{"damage":11,"enemies":"Gremlin Leader","floor":23,"turns":5},{"damage":8,"enemies":"Snake Plant","floor":25,"turns":3},{"damage":0,"enemies":"Snecko","floor":27,"turns":2},{"damage":6,"enemies":"Slavers","floor":30,"turns":5},{"damage":5,"enemies":"Centurion and Healer","floor":31,"turns":5},{"damage":66,"enemies":"Champ","floor":33,"turns":13},{"damage":12,"enemies":"Orb Walker","floor":35,"turns":2},{"damage":3,"enemies":"3 Darklings","floor":36,"turns":6},{"damage":14,"enemies":"Jaw Worm Horde","floor":37,"turns":4},{"damage":27,"enemies":"Reptomancer","floor":40,"turns":5},{"damage":7,"enemies":"Nemesis","floor":42,"turns":3},{"damage":0,"enemies":"Spire Growth","floor":45,"turns":4},{"damage":8,"enemies":"Giant Head","floor":47,"turns":6},{"damage":18,"enemies":"Transient","floor":48,"turns":5},{"damage":50,"enemies":"Time Eater","floor":50,"turns":8}],"seed_played":"3190538819498665582","potions_obtained":[{"floor":1,"key":"PowerPotion"},{"floor":3,"key":"Dexterity Potion"},{"floor":14,"key":"FearPotion"},{"floor":16,"key":"DuplicationPotion"},{"floor":23,"key":"SmokeBomb"},{"floor":25,"key":"BlessingOfTheForge"},{"floor":31,"key":"Ancient Potion"},{"floor":33,"key":"StarNLove"},{"floor":40,"key":"Fruit Juice"},{"floor":42,"key":"Swift Potion"},{"floor":45,"key":"Fruit Juice"},{"floor":48,"key":"FearPotion"}],"is_trial":false,"path_per_floor":["M","?","M","?","?","R","E","R","T","M","M","$","R","E","R","B",null,"M","?","?","M","M","E","R","M","T","M","?","R","E","M","R","B",null,"M","M","M","$","?","E","?","E","T","R","M","?","E","M","R","B",null],"character_chosen":"MARISA","items_purchased":["JA","GalacticHalo","ClockworkSouvenir"],"campfire_rested":4,"item_purchase_floors":[12,12,38],"current_hp_per_floor":[68,68,68,53,53,53,53,53,53,53,50,50,50,45,45,40,66,60,46,46,44,26,15,54,46,56,56,56,90,84,79,79,27,85,73,70,56,56,56,29,29,22,22,68,83,83,75,62,111,79],"gold":147,"neow_bonus":"THREE_ENEMY_KILL","is_daily":false,"chose_seed":false,"campfire_upgraded":5,"win_rate":0.0,"timestamp":1608338789,"path_taken":["M","?","M","?","?","R","E","R","T","M","M","$","R","E","R","BOSS","M","?","?","M","M","E","R","M","T","?","?","R","E","M","R","BOSS","M","M","M","$","?","E","?","E","T","R","M","?","E","M","R","BOSS"],"items_purchased_type":["Card","Card","Relic"],"build_version":"2020-12-13","purchased_purges":2,"victory":true,"max_hp_per_floor":[75,75,75,75,75,75,75,75,75,75,75,75,75,75,75,75,75,75,80,80,80,80,80,80,80,90,90,90,90,90,90,90,104,104,104,104,104,104,104,104,104,104,104,104,114,114,114,114,114,124],"relic_stats":{"Regal Pillow":52,"counters":[25,114],"Ornamental Fan":[88],"Blue Candle":[1],"StoneCalendar":[52],"Bag of Preparation":[4],"Boot":[58],"obtain_stats":[{"Regal Pillow":7,"Pear":26,"NeowsBlessing":0,"SacredBark":17,"Blue Candle":23,"Vajra":42,"Mango":33,"StoneCalendar":40,"Bag of Preparation":47,"Boot":14,"Ancient Tea Set":23,"ClockworkSouvenir":38,"Du-Vu Doll":28,"CaptainsWheel":9,"HornCleat":30,"Ornamental Fan":30,"Fusion Hammer":34,"Red Mask":41,"MiniHakkero":0,"Toy Ornithopter":42},{"Regal Pillow":3,"Pear":12,"NeowsBlessing":0,"SacredBark":7,"Blue Candle":11,"Vajra":21,"Mango":16,"StoneCalendar":20,"Bag of Preparation":23,"Boot":6,"Ancient Tea Set":11,"ClockworkSouvenir":19,"Du-Vu Doll":13,"CaptainsWheel":3,"HornCleat":14,"Ornamental Fan":14,"Fusion Hammer":16,"Red Mask":20,"MiniHakkero":0,"Toy Ornithopter":21},{"Regal Pillow":3,"Pear":46,"NeowsBlessing":0,"SacredBark":24,"Blue Candle":43,"Vajra":91,"Mango":71,"StoneCalendar":88,"Bag of Preparation":101,"Boot":17,"Ancient Tea Set":43,"ClockworkSouvenir":83,"Du-Vu Doll":48,"CaptainsWheel":3,"HornCleat":53,"Ornamental Fan":53,"Fusion Hammer":71,"Red Mask":88,"MiniHakkero":0,"Toy Ornithopter":91}],"Toy Ornithopter":18},"card_choices":[{"not_picked":["OneTimeOff","PowerUp"],"picked":"ShootingEcho","floor":1},{"not_picked":["SporeBomb","MilkyWay"],"picked":"AsteroidBelt","floor":3},{"not_picked":["EnergyRecoil","Acceleration","SatelliteIllusion"],"picked":"SKIP","floor":7},{"not_picked":["DarkSpark","Occultation"],"picked":"WitchLeyline","floor":10},{"not_picked":["EarthLightRay","PowerUp"],"picked":"Acceleration","floor":11},{"not_picked":["LuminesStrike","UnstableBomb"],"picked":"SporeBomb","floor":14},{"not_picked":["MaximisePower","JA"],"picked":"TreasureHunter","floor":16},{"not_picked":["SporeBomb","AsteroidBelt"],"picked":"DarkMatter+1","floor":18},{"not_picked":["Occultation+1","ShootingEcho"],"picked":"GalacticHalo+1","floor":21},{"not_picked":["6A","NonDirectionalLaser+1","IllusionStar"],"picked":"SKIP","floor":22},{"not_picked":["DeepEcoloBomb","ShootingEcho"],"picked":"PowerUp","floor":23},{"not_picked":["EarthLightRay","PowerUp","WitchOfGreed"],"picked":"SKIP","floor":25},{"not_picked":["GalacticHalo","AlicesGift+1"],"picked":"Orbital","floor":30},{"not_picked":["DarkSpark","GrandCross"],"picked":"Singularity","floor":31},{"not_picked":["MillisecondPulsars","CasketOfStar"],"picked":"BlazingStar","floor":33},{"not_picked":["OrrerysSun","SprinkleStarSeal","DarkSpark+1"],"picked":"SKIP","floor":35},{"not_picked":["UnstableBomb","MysteriousBeam+1","ShootingEcho+1"],"picked":"SKIP","floor":36},{"not_picked":["MeteoricShower+1","ShootingEcho","ChargeUpSpray"],"picked":"SKIP","floor":37},{"not_picked":["Swift Strike","Jack Of All Trades"],"picked":"Dark Shackles","floor":39},{"not_picked":["MilkyWay","ChargingUp+1","DoubleSpark"],"picked":"SKIP","floor":40},{"not_picked":["LuminesStrike","NonDirectionalLaser"],"picked":"MagicChant+1","floor":42},{"not_picked":["AlicesGift","MysteriousBeam"],"picked":"GalacticHalo","floor":45},{"not_picked":["NonDirectionalLaser","UnstableBomb+1","JA"],"picked":"SKIP","floor":47},{"not_picked":["ShootTheMoon+1","UnstableBomb+1","ManaConvection+1"],"picked":"SKIP","floor":48}],"player_experience":888604,"relics_obtained":[{"floor":7,"key":"Regal Pillow"},{"floor":9,"key":"CaptainsWheel"},{"floor":14,"key":"Boot"},{"floor":23,"key":"Blue Candle"},{"floor":23,"key":"Ancient Tea Set"},{"floor":26,"key":"Pear"},{"floor":30,"key":"Ornamental Fan"},{"floor":30,"key":"HornCleat"},{"floor":33,"key":"Mango"},{"floor":40,"key":"StoneCalendar"},{"floor":42,"key":"Toy Ornithopter"},{"floor":42,"key":"Vajra"},{"floor":47,"key":"Bag of Preparation"}],"event_choices":[{"damage_healed":0,"gold_gain":0,"player_choice":"Ignored","damage_taken":114,"max_hp_gain":0,"max_hp_loss":0,"event_name":"betterThird:BetterSerpent","floor":2,"gold_loss":0},{"damage_healed":68,"gold_gain":0,"player_choice":"Upgrade","damage_taken":15,"max_hp_gain":0,"max_hp_loss":75,"event_name":"betterThird:BetterShining","floor":4,"gold_loss":0,"cards_upgraded":["MasterSpark","Defend_MRS"]},{"cards_removed":["Strike_MRS"],"damage_healed":0,"gold_gain":0,"player_choice":"Card Removal","damage_taken":0,"max_hp_gain":0,"max_hp_loss":0,"event_name":"The Cleric","floor":5,"gold_loss":50},{"damage_healed":0,"gold_gain":0,"player_choice":"Shed Blood","damage_taken":19,"max_hp_gain":5,"max_hp_loss":0,"event_name":"Forgotten Altar","floor":19,"gold_loss":0},{"damage_healed":0,"gold_gain":0,"player_choice":"Upgraded","damage_taken":0,"max_hp_gain":0,"max_hp_loss":0,"event_name":"Upgrade Shrine","floor":20,"gold_loss":0,"cards_upgraded":["TreasureHunter"]},{"damage_healed":0,"gold_gain":0,"player_choice":"Obtained Relic","damage_taken":0,"relics_obtained":["Du-Vu Doll"],"max_hp_gain":0,"max_hp_loss":0,"event_name":"Addict","floor":28,"gold_loss":85},{"damage_healed":0,"gold_gain":0,"player_choice":"Memory 1","damage_taken":0,"max_hp_gain":0,"max_hp_loss":0,"event_name":"SensoryStone","floor":39,"gold_loss":0},{"damage_healed":0,"gold_gain":0,"player_choice":"Paid","damage_taken":0,"relics_obtained":["Red Mask"],"max_hp_gain":0,"max_hp_loss":0,"event_name":"Tomb of Lord Red Mask","floor":41,"gold_loss":119},{"cards_removed":["Orbital"],"damage_healed":0,"gold_gain":0,"player_choice":"Removed Skill","damage_taken":0,"max_hp_gain":0,"max_hp_loss":0,"event_name":"Falling","floor":46,"gold_loss":0}],"is_beta":false,"boss_relics":[{"not_picked":["Ectoplasm","Tiny House"],"picked":"SacredBark"},{"not_picked":["Empty Cage","BewitchedHakkero"],"picked":"Fusion Hammer"}],"items_purged_floors":[38,38],"is_endless":false,"potions_floor_spawned":[1,3,14,16,21,23,25,31,33,37,40,42,45,48],"ascension_level":10}}