{"host":"nox","time":1608360345,"event":{"mods":["Aspiration","BaseMod","Better Third Choice","Colored Powertips","Conspire","Hubris","Infinite Spire","Minty Spire (QoL Compilation)","Quick Restart","Rare Cards Sparkle","Replay The Spire","Shop Mod","Spikes Relics","StSLib","SuperFastMode","The Alterego","vexMod"],"gold_per_floor":[109,109,59,59,72,97,22,22,22,22,42,12,12,12,12,12,12],"floor_reached":16,"playtime":325,"items_purged":["Strike_B"],"score":115,"play_id":"58ddc3e6-76e1-40b1-9d8b-5a0f6741f788","local_time":"20201219134545","is_ascension_mode":true,"campfire_choices":[{"floor":10.0,"key":"REST"},{"data":"Defragment","floor":13.0,"key":"SMITH"},{"floor":15.0,"key":"RECALL"}],"circlet_count":0,"master_deck":["Strike_B","Strike_B","Defend_B","Defend_B","Defend_B","Defend_B","Zap","Dualcast","hubris:PowerSurge","Defragment+1"],"relics":["conspire:SlowCooker","hubris:Towel","Torii","Meat on the Bone","Omamori"],"acts_visited":["Exordium"],"potions_floor_usage":[16,16],"damage_taken":[{"damage":4.0,"enemies":"2 Louse","floor":1.0,"turns":4.0},{"damage":11.0,"enemies":"Jaw Worm","floor":5.0,"turns":6.0},{"damage":52.0,"enemies":"Lagavulin","floor":6.0,"turns":9.0},{"damage":1.0,"enemies":"Small Slimes","floor":11.0,"turns":3.0},{"damage":6.0,"enemies":"Looter","floor":12.0,"turns":4.0},{"damage":48,"enemies":"Slime Boss","floor":16,"turns":5}],"seed_played":"-736901806105108606","potions_obtained":[{"floor":6.0,"key":"BlessingOfTheForge"},{"floor":11.0,"key":"AttackPotion"}],"is_trial":false,"path_per_floor":["M","?","?","?","M","E","$","T","T","R","M","M","R","$","R","B"],"character_chosen":"DEFECT","items_purchased":[],"campfire_rested":1,"item_purchase_floors":[],"current_hp_per_floor":[71,71,71,71,60,8,8,8,8,30,41,47,47,47,47,0,0],"gold":12,"neow_bonus":"BOSS_RELIC","is_daily":false,"chose_seed":false,"campfire_upgraded":1,"win_rate":0.0,"timestamp":1608360345,"path_taken":["M","?","?","?","M","E","$","?","T","R","M","M","R","?","R","BOSS"],"items_purchased_type":[],"build_version":"2020-11-17","purchased_purges":1,"victory":false,"max_hp_per_floor":[75,75,75,75,75,75,75,75,75,75,75,75,75,75,75,75,75],"card_choices":[{"not_picked":["Melter","Hologram"],"picked":"hubris:PowerSurge","floor":1.0},{"not_picked":["Rebound","Rip and Tear","Beam Cell"],"picked":"SKIP","floor":5.0},{"not_picked":["Coolheaded","Sweeping Beam","Barrage"],"picked":"SKIP","floor":6.0},{"not_picked":["Rebound","Stack","Glacier"],"picked":"SKIP","floor":11.0},{"not_picked":["ReplayGash","Heatsinks"],"picked":"Defragment","floor":12.0}],"player_experience":190936,"relics_obtained":[{"floor":6.0,"key":"Torii"},{"floor":8.0,"key":"Meat on the Bone"},{"floor":9.0,"key":"Omamori"}],"event_choices":[{"cards_removed":["Strike_B"],"damage_healed":0.0,"max_hp_gain":0.0,"max_hp_loss":0.0,"gold_gain":0.0,"event_name":"The Cleric","player_choice":"Card Removal","floor":3.0,"gold_loss":50.0,"damage_taken":0.0},{"damage_healed":0.0,"max_hp_gain":0.0,"max_hp_loss":0.0,"gold_gain":0.0,"event_name":"conspire:Investor","player_choice":"Leave","floor":4.0,"gold_loss":0.0,"damage_taken":0.0}],"is_beta":true,"boss_relics":[],"items_purged_floors":[7],"is_endless":false,"potions_floor_spawned":[6,11],"killed_by":"Slime Boss","ascension_level":4}}