{"host":"drk0p5jtlzl1xmwe","time":1608388863,"event":{"mods":["2.2 Compatiblity","AchievementEnabler","Act Like it!","Bard","BaseMod","Better Note","Better Vampires","Ekko","Friendly Minions","Hermit","Hubris","Infinite Spire","Luminous","Marisa????????","Minty Spire (QoL Compilation)","Rare Cards Sparkle","Relic Stats","Replay The Spire","Shade Mod","StSLib","The Animator","The Bug Knight","The Cursed","The Disciple","The Gatherer","The Servant 0.9.4","The Spell Scribe"],"gold_per_floor":[111,111,125,200,21,47,60,92,163,190,190,224,235,235,235,338,338,348,348,16,33,33,60,78,90,140,140,175,175,25,45,45,144,144,172,195,195,70,70,108,108,147,171,201,232,232,278,77,77,77],"floor_reached":51,"playtime":2826,"items_purged":["Strike_G","ReplayTheSpireMod:Shiv Toss","Strike_G","Defend_G+1"],"score":1314,"play_id":"3435175b-df96-47b6-89c7-ce2ebe9a7415","local_time":"20201219144103","is_ascension_mode":true,"campfire_choices":[{"floor":11,"key":"REST"},{"data":"Infinite Blades","floor":15,"key":"SMITH"},{"data":"hubris:Counter","floor":27,"key":"SMITH"},{"data":"Adrenaline","floor":29,"key":"SMITH"},{"data":"Calculated Gamble","floor":32,"key":"SMITH"},{"data":"Tools of the Trade","floor":41,"key":"SMITH"},{"data":"ReplayTheSpireMod:Shiv Toss","floor":46,"key":"SMITH"},{"data":"Blur","floor":49,"key":"SMITH"}],"circlet_count":0,"master_deck":["Strike_G","Strike_G","Strike_G","Defend_G","Defend_G","Defend_G","Survivor","Neutralize","Dodge and Roll+1","Infinite Blades+1","ReplayTheSpireMod:Scrap Shanks","ReplayTheSpireMod:Shiv Toss+1","Calculated Gamble+1","Adrenaline+1","Blur+1","Neutralize","Fluid Movement","hubris:Counter+1","Cloak And Dagger+1","Finisher+1","Tools of the Trade+1","Blade Dance+1","Blade Dance+1","Dodge and Roll+1","Finisher","Footwork+1"],"relics":["Ring of the Serpent","Vajra","infinitespire:ShieldingShard","Mercury Hourglass","ReplayTheSpireMod:Shallot","Boot","hubris:Towel","Potion Belt","HornCleat","Strawberry","Toxic Egg 2","ClockworkSouvenir","infinitespire:EvilPickle","infinitespire:Cupcake","Basket Of Snakes","Snack Pack","War Paint","Vampiric Spirits"],"acts_visited":["Exordium","TheCity","TheBeyond"],"potions_floor_usage":[6,6,8,16,16,21,23,25,28,33,36,47,50,50,50],"damage_taken":[{"damage":0,"enemies":"Small Slimes","floor":1,"turns":5},{"damage":2,"enemies":"Cultist","floor":3,"turns":4},{"damage":26,"enemies":"Gremlin Nob","floor":6,"turns":4},{"damage":9,"enemies":"2 Louse","floor":7,"turns":2},{"damage":6,"enemies":"Lagavulin","floor":8,"turns":4},{"damage":4,"enemies":"HollowMod:MossKnight","floor":10,"turns":7},{"damage":13,"enemies":"Gremlin Nob","floor":12,"turns":4},{"damage":9,"enemies":"Exordium Thugs","floor":13,"turns":5},{"damage":36,"enemies":"Fading Forest","floor":16,"turns":11},{"damage":0,"enemies":"3 Byrds","floor":18,"turns":4},{"damage":0,"enemies":"Spheric Guardian","floor":21,"turns":4},{"damage":12,"enemies":"HollowMod:Nosk","floor":23,"turns":11},{"damage":11,"enemies":"Shelled Parasite and Fungi","floor":24,"turns":6},{"damage":5,"enemies":"Snake Plant","floor":25,"turns":5},{"damage":0,"enemies":"Gremlin Leader","floor":28,"turns":6},{"damage":0,"enemies":"Snecko","floor":31,"turns":5},{"damage":0,"enemies":"Pondfish","floor":33,"turns":8},{"damage":0,"enemies":"Orb Walker","floor":35,"turns":3},{"damage":0,"enemies":"3 Darklings","floor":36,"turns":3},{"damage":0,"enemies":"R_Hoarder","floor":40,"turns":6},{"damage":0,"enemies":"Nemesis","floor":42,"turns":3},{"damage":6,"enemies":"Transient","floor":44,"turns":5},{"damage":1,"enemies":"Sphere and 2 Shapes","floor":45,"turns":4},{"damage":8,"enemies":"2 Orb Walkers","floor":47,"turns":3},{"damage":68,"enemies":"infinitespire:MassOfShapes","floor":50,"turns":8}],"seed_played":"1838309515467508491","potions_obtained":[{"floor":1,"key":"SkillPotion"},{"floor":3,"key":"DuplicationPotion"},{"floor":7,"key":"Dexterity Potion"},{"floor":12,"key":"SpeedPotion"},{"floor":13,"key":"Fire Potion"},{"floor":16,"key":"LiquidMemories"},{"floor":18,"key":"Doom Potion"},{"floor":24,"key":"SneckoOil"},{"floor":25,"key":"FearPotion"},{"floor":31,"key":"EssenceOfSteel"},{"floor":33,"key":"Explosive Potion"},{"floor":42,"key":"LiquidBronze"},{"floor":44,"key":"Adrenaline Potion"},{"floor":45,"key":"PowerPotion"}],"is_trial":false,"path_per_floor":["M","?","M","?","$","E","M","E","T","E","R","E","M","?","R","B",null,"M","?","$","M","$","E","M","M","T","R","E","R","$","M","R","B",null,"M","M","?","$","?","E","R","E","T","M","M","R","?","$","R","B",null],"character_chosen":"THE_SILENT","items_purchased":["ReplayTheSpireMod:Scrap Shanks","ReplayTheSpireMod:Shiv Toss","Potion Belt","Fluid Movement","ClockworkSouvenir","Fire Potion"],"campfire_rested":1,"item_purchase_floors":[5,5,20,20,30,48],"current_hp_per_floor":[77,77,75,68,68,42,33,27,27,23,46,33,24,24,24,10,77,77,77,77,77,77,65,54,49,56,56,56,56,56,56,56,56,84,84,84,84,84,84,84,84,84,84,84,83,83,82,82,82,36],"gold":77,"neow_bonus":"TEN_PERCENT_HP_BONUS","is_daily":false,"chose_seed":false,"campfire_upgraded":7,"win_rate":0.0,"timestamp":1608388863,"path_taken":["M","?","?","?","?","E","M","E","T","E","R","E","M","?","R","BOSS","M","?","$","M","?","E","M","M","T","R","E","R","$","M","R","BOSS","M","?","?","$","?","E","R","E","T","?","M","R","?","?","R","BOSS"],"items_purchased_type":["Card","Card","Relic","Card","Relic","Potion"],"build_version":"2020-12-13","purchased_purges":4,"victory":true,"max_hp_per_floor":[77,77,77,77,77,77,77,77,77,77,77,77,77,77,77,77,77,77,77,77,77,77,77,77,77,84,84,84,84,84,84,84,84,84,84,84,84,84,84,84,84,84,84,84,84,84,84,84,84,84],"relic_stats":{"counters":[25,130],"War Paint":["Defend_G","Dodge and Roll"],"Boot":[213],"obtain_stats":[{"Potion Belt":20,"Vampiric Spirits":47,"Basket Of Snakes":40,"Vajra":6,"hubris:Towel":14,"War Paint":43,"Boot":12,"Mercury Hourglass":9,"ClockworkSouvenir":30,"infinitespire:EvilPickle":33,"infinitespire:ShieldingShard":8,"HornCleat":23,"ReplayTheSpireMod:Shallot":10,"Strawberry":26,"Snack Pack":42,"Toxic Egg 2":28,"Ring of the Serpent":17,"Ring of the Snake":0,"infinitespire:Cupcake":34},{"Potion Belt":10,"Vampiric Spirits":24,"Basket Of Snakes":20,"Vajra":3,"hubris:Towel":8,"War Paint":21,"Boot":7,"Mercury Hourglass":5,"ClockworkSouvenir":15,"infinitespire:EvilPickle":17,"infinitespire:ShieldingShard":5,"HornCleat":12,"ReplayTheSpireMod:Shallot":6,"Strawberry":14,"Snack Pack":21,"Toxic Egg 2":15,"Ring of the Serpent":9,"Ring of the Snake":0,"infinitespire:Cupcake":17},{"Potion Belt":50,"Vampiric Spirits":122,"Basket Of Snakes":107,"Vajra":13,"hubris:Towel":35,"War Paint":110,"Boot":30,"Mercury Hourglass":19,"ClockworkSouvenir":82,"infinitespire:EvilPickle":95,"infinitespire:ShieldingShard":19,"HornCleat":65,"ReplayTheSpireMod:Shallot":26,"Strawberry":76,"Snack Pack":110,"Toxic Egg 2":82,"Ring of the Serpent":46,"Ring of the Snake":0,"infinitespire:Cupcake":95}],"Mercury Hourglass":[456]},"card_choices":[{"not_picked":["Dagger Spray","Flying Knee"],"picked":"Dodge and Roll","floor":1},{"not_picked":["Masterful Stab","Acrobatics"],"picked":"Infinite Blades","floor":3},{"not_picked":["Underhanded Strike","Bane"],"picked":"Calculated Gamble","floor":6},{"not_picked":["Deadly Poison","Distraction"],"picked":"ReplayTheSpireMod:Shiv Toss","floor":7},{"not_picked":["Underhanded Strike","Flying Knee","Deadly Poison"],"picked":"SKIP","floor":8},{"not_picked":["Masterful Stab","hubris:SlightOfHand","Sucker Punch"],"picked":"SKIP","floor":10},{"not_picked":["ReplayTheSpireMod:The Works","Bane","Masterful Stab"],"picked":"SKIP","floor":12},{"not_picked":["Poisoned Stab","Replay:Poison Smokescreen","Deflect"],"picked":"SKIP","floor":13},{"not_picked":["Malaise","Glass Knife"],"picked":"Adrenaline","floor":16},{"not_picked":["Catalyst","Quick Slash","Hidden Blade"],"picked":"SKIP","floor":18},{"not_picked":["Noxious Fumes","Sucker Punch+1","Prepared"],"picked":"SKIP","floor":21},{"not_picked":["ReplayTheSpireMod:Exploit Weakness","Endless Agony+1","Crippling Poison"],"picked":"SKIP","floor":23},{"not_picked":["Sucker Punch","Outmaneuver"],"picked":"hubris:Counter","floor":24},{"not_picked":["Backflip","Dagger Spray+1","Slice"],"picked":"SKIP","floor":25},{"not_picked":["Well Laid Plans","PiercingWail+1"],"picked":"Cloak And Dagger+1","floor":28},{"not_picked":["Deadly Poison+1","Infinite Blades"],"picked":"Finisher+1","floor":31},{"not_picked":["Night Terror+1","Burst+1"],"picked":"Tools of the Trade","floor":33},{"not_picked":["Dodge and Roll+1","hubris:SlightOfHand+1"],"picked":"Blade Dance+1","floor":35},{"not_picked":["Poisoned Stab","Slice","Backflip+1"],"picked":"SKIP","floor":36},{"not_picked":["Prepared+1","Infinite Blades+1"],"picked":"Blade Dance+1","floor":40},{"not_picked":["Dagger Throw","Quick Slash+1"],"picked":"Dodge and Roll+1","floor":42},{"not_picked":["Escape Plan+1","Noxious Fumes"],"picked":"Finisher","floor":44},{"not_picked":["Outmaneuver+1","Predator+1"],"picked":"Footwork+1","floor":45}],"player_experience":653342,"relics_obtained":[{"floor":6,"key":"Vajra"},{"floor":8,"key":"infinitespire:ShieldingShard"},{"floor":9,"key":"Mercury Hourglass"},{"floor":10,"key":"ReplayTheSpireMod:Shallot"},{"floor":12,"key":"Boot"},{"floor":23,"key":"HornCleat"},{"floor":26,"key":"Strawberry"},{"floor":28,"key":"Toxic Egg 2"},{"floor":40,"key":"Basket Of Snakes"},{"floor":42,"key":"Snack Pack"},{"floor":43,"key":"War Paint"},{"floor":47,"key":"Vampiric Spirits"}],"event_choices":[{"cards_removed":["Defend_G"],"damage_healed":0,"gold_gain":0,"player_choice":"Offered Basic","damage_taken":0,"max_hp_gain":0,"max_hp_loss":0,"event_name":"Bonfire Elementals","floor":2,"gold_loss":0},{"damage_healed":0,"gold_gain":75,"player_choice":"Touch","damage_taken":7,"max_hp_gain":0,"max_hp_loss":0,"event_name":"FaceTrader","floor":4,"gold_loss":0},{"damage_healed":0,"gold_gain":0,"player_choice":"2 cards matched","damage_taken":0,"max_hp_gain":0,"max_hp_loss":0,"event_name":"Match and Keep!","floor":19,"gold_loss":0,"cards_obtained":["Blur","Neutralize"]},{"damage_healed":0,"gold_gain":0,"player_choice":"Ignored","damage_taken":0,"max_hp_gain":0,"max_hp_loss":0,"event_name":"Tomb of Lord Red Mask","floor":37,"gold_loss":0},{"damage_healed":0,"gold_gain":0,"player_choice":"Ignored","damage_taken":0,"max_hp_gain":0,"max_hp_loss":0,"event_name":"Transmorgrifier","floor":39,"gold_loss":0},{"damage_healed":0,"gold_gain":0,"player_choice":"Fight","damage_taken":0,"max_hp_gain":0,"max_hp_loss":0,"event_name":"Mysterious Sphere","floor":47,"gold_loss":0}],"is_beta":false,"boss_relics":[{"not_picked":["hubris:ScarierMask","Coffee Dripper"],"picked":"Ring of the Serpent"},{"not_picked":["ReplayTheSpireMod:SealedPack","ReplayTheSpireMod:DimensionalGlitch"],"picked":"infinitespire:Cupcake"}],"items_purged_floors":[5,20,38,48],"is_endless":false,"potions_floor_spawned":[1,3,7,12,13,16,18,24,25,31,33,42,44,45],"ascension_level":3}}