{"host":"5jyeqch4fosnsiz2","time":1608367948,"event":{"mods":["BaseMod","Bestiary","Colored Map","Colored Powertips","Filter the Spire","Minty Spire (QoL Compilation)","Relic Stats","StSLib","Waifu the Spire","ojb\u0027s Better Paths Mod","ojb\u0027s Info Mod"],"gold_per_floor":[118,118,118,40,51,93,118,131,157,183,224,236,323,369,381,393,393],"floor_reached":16,"playtime":1212,"items_purged":[],"score":145,"play_id":"0f7467a6-489d-480b-8adc-0cd5021a3f0d","local_time":"20201219035228","is_ascension_mode":false,"campfire_choices":[{"data":"Shockwave","floor":12,"key":"SMITH"},{"data":"Power Through","floor":15,"key":"SMITH"}],"circlet_count":0,"master_deck":["Strike_R","Strike_R","Strike_R","Strike_R","Strike_R","Defend_R","Defend_R","Defend_R","Bash","Thunderclap","Iron Wave","Shockwave+1","Hemokinesis","Pommel Strike","Dropkick","Power Through+1"],"relics":["Burning Blood","NeowsBlessing","CeramicFish","Orichalcum","MawBank","Tiny Chest"],"acts_visited":["Exordium"],"potions_floor_usage":[10,14,16],"damage_taken":[{"damage":0,"enemies":"Small Slimes","floor":1,"turns":1},{"damage":0,"enemies":"2 Louse","floor":5,"turns":1},{"damage":0,"enemies":"Gremlin Nob","floor":6,"turns":1},{"damage":5,"enemies":"Jaw Worm","floor":7,"turns":3},{"damage":9,"enemies":"Looter","floor":8,"turns":3},{"damage":22,"enemies":"Lagavulin","floor":10,"turns":7},{"damage":11,"enemies":"Large Slime","floor":11,"turns":5},{"damage":21,"enemies":"Gremlin Nob","floor":14,"turns":4},{"damage":41,"enemies":"The Guardian","floor":16,"turns":13}],"seed_played":"8989722183766919847","potions_obtained":[{"floor":6,"key":"SteroidPotion"},{"floor":8,"key":"SkillPotion"},{"floor":10,"key":"Block Potion"}],"is_trial":false,"path_per_floor":["M","?","?","$","M","E","M","M","T","E","M","R","?","E","R","B"],"character_chosen":"IRONCLAD","items_purchased":["Iron Wave","Block Potion"],"campfire_rested":0,"item_purchase_floors":[4,4],"current_hp_per_floor":[80,85,78,78,84,85,85,82,82,66,61,61,50,35,35,0,0],"gold":393,"neow_bonus":"THREE_ENEMY_KILL","is_daily":false,"chose_seed":false,"campfire_upgraded":2,"win_rate":0.0,"timestamp":1608367948,"path_taken":["M","?","?","?","M","E","M","M","T","E","M","R","?","E","R","BOSS"],"items_purchased_type":["Card","Potion"],"build_version":"2020-12-13","purchased_purges":0,"victory":false,"max_hp_per_floor":[80,85,85,85,85,85,85,85,85,85,85,85,85,85,85,85,85],"relic_stats":{"counters":[9,38],"CeramicFish":36,"Tiny Chest":0,"Orichalcum":[66],"MawBank":72,"obtain_stats":[{"NeowsBlessing":0,"CeramicFish":6,"Tiny Chest":14,"Orichalcum":9,"MawBank":10,"Burning Blood":0},{"NeowsBlessing":0,"CeramicFish":3,"Tiny Chest":8,"Orichalcum":5,"MawBank":6,"Burning Blood":0},{"NeowsBlessing":0,"CeramicFish":3,"Tiny Chest":25,"Orichalcum":9,"MawBank":16,"Burning Blood":0}],"Burning Blood":36},"card_choices":[{"not_picked":["Flex","Perfected Strike"],"picked":"Thunderclap","floor":1},{"not_picked":["Pummel","Iron Wave"],"picked":"Shockwave","floor":5},{"not_picked":["Rupture","Pummel"],"picked":"Hemokinesis","floor":6},{"not_picked":["Shockwave","Twin Strike"],"picked":"Pommel Strike","floor":7},{"not_picked":["Cleave","Inflame","Carnage"],"picked":"SKIP","floor":8},{"not_picked":["Double Tap","Flex","Clothesline"],"picked":"SKIP","floor":10},{"not_picked":["Havoc","Clash"],"picked":"Dropkick","floor":11},{"not_picked":["Pommel Strike","Flex"],"picked":"Power Through","floor":14}],"player_experience":276578,"relics_obtained":[{"floor":6,"key":"CeramicFish"},{"floor":9,"key":"Orichalcum"},{"floor":10,"key":"MawBank"},{"floor":14,"key":"Tiny Chest"}],"event_choices":[{"damage_healed":0,"gold_gain":0,"player_choice":"Donut","damage_taken":0,"max_hp_gain":5,"max_hp_loss":0,"event_name":"Big Fish","floor":2,"gold_loss":0},{"cards_removed":["Defend_R"],"damage_healed":0,"gold_gain":0,"player_choice":"Card Removal","damage_taken":7,"max_hp_gain":0,"max_hp_loss":0,"event_name":"Golden Wing","floor":3,"gold_loss":0},{"damage_healed":0,"gold_gain":75,"player_choice":"Gather Gold","damage_taken":11,"max_hp_gain":0,"max_hp_loss":0,"event_name":"World of Goop","floor":13,"gold_loss":0}],"is_beta":false,"boss_relics":[],"items_purged_floors":[],"is_endless":false,"potions_floor_spawned":[6,8,10,11],"killed_by":"The Guardian","ascension_level":0}}