{"host":"y76clbnovzmw9ubx","time":1608392464,"event":{"mods":["AchievementEnabler","BaseMod","Minty Spire (QoL Compilation)","Permanent Neow","Relic Stats"],"gold_per_floor":[110,125,141,160,174,174,208,208,208,227,253,224,224,224,224,299,299,316,327,59,59,59],"floor_reached":21,"playtime":1159,"items_purged":["Strike_G"],"score":386,"play_id":"a9fbe1e3-c8f3-4172-83e6-a9f00fa9dfb4","local_time":"20201219104104","is_ascension_mode":true,"campfire_choices":[{"data":"Noxious Fumes","floor":6,"key":"SMITH"},{"data":"Deadly Poison","floor":13,"key":"SMITH"},{"floor":15,"key":"REST"}],"circlet_count":0,"master_deck":["AscendersBane","Strike_G","Strike_G","Strike_G","Strike_G","Defend_G","Defend_G","Defend_G","Defend_G","Defend_G","Survivor","Neutralize","All Out Attack","Flying Knee","Deflect","Adrenaline","Noxious Fumes+1","Poisoned Stab","Doppelganger","Deadly Poison+1","Die Die Die","Quick Slash+1","PiercingWail","Crippling Poison"],"relics":["Ring of the Snake","StoneCalendar","Centennial Puzzle","Mummified Hand","Pantograph","SlaversCollar"],"acts_visited":["TheCity"],"potions_floor_usage":[4,7,19,21],"damage_taken":[{"damage":4,"enemies":"Small Slimes","floor":1,"turns":4},{"damage":6,"enemies":"Jaw Worm","floor":2,"turns":7},{"damage":0,"enemies":"2 Louse","floor":3,"turns":2},{"damage":6,"enemies":"Red Slaver","floor":4,"turns":4},{"damage":0,"enemies":"3 Louse","floor":5,"turns":3},{"damage":10,"enemies":"3 Sentries","floor":7,"turns":5},{"damage":0,"enemies":"Large Slime","floor":10,"turns":4},{"damage":8,"enemies":"Lagavulin","floor":11,"turns":6},{"damage":17,"enemies":"Exordium Thugs","floor":12,"turns":4},{"damage":25,"enemies":"Hexaghost","floor":16,"turns":8},{"damage":24,"enemies":"Spheric Guardian","floor":18,"turns":5},{"damage":8,"enemies":"Chosen","floor":19,"turns":5},{"damage":22,"enemies":"3 Cultists","floor":21,"turns":4}],"seed_played":"-4071678103181708337","potions_obtained":[{"floor":1,"key":"Ancient Potion"},{"floor":2,"key":"SteroidPotion"},{"floor":4,"key":"CunningPotion"},{"floor":10,"key":"Ancient Potion"},{"floor":18,"key":"GamblersBrew"},{"floor":19,"key":"Ancient Potion"}],"is_trial":false,"path_per_floor":["M","M","M","M","M","R","E","?","T","M","E","M","R","?","R","B",null,"M","M","$","M"],"character_chosen":"THE_SILENT","items_purchased":["PiercingWail","Crippling Poison","Weak Potion"],"campfire_rested":1,"item_purchase_floors":[20,20,20],"current_hp_per_floor":[55,49,49,43,43,43,33,33,33,33,25,8,8,8,26,26,52,28,20,20,0,0],"gold":59,"neow_bonus":"ONE_RARE_RELIC","is_daily":false,"chose_seed":false,"campfire_upgraded":2,"win_rate":0.0,"timestamp":1608392464,"path_taken":["M","M","M","M","M","R","E","?","T","M","E","M","R","?","R","BOSS","M","M","$","M"],"items_purchased_type":["Card","Card","Potion"],"build_version":"2020-12-13","purchased_purges":1,"victory":false,"max_hp_per_floor":[60,60,60,60,60,60,60,60,60,60,60,60,60,60,60,60,60,60,60,60,60,60],"relic_stats":{"Centennial Puzzle":[18],"counters":[13,61],"Mummified Hand":[6],"Pantograph":25,"StoneCalendar":[53],"obtain_stats":[{"SlaversCollar":17,"Centennial Puzzle":7,"Mummified Hand":9,"Pantograph":11,"StoneCalendar":0,"Ring of the Snake":0},{"SlaversCollar":10,"Centennial Puzzle":6,"Mummified Hand":6,"Pantograph":8,"StoneCalendar":0,"Ring of the Snake":0},{"SlaversCollar":47,"Centennial Puzzle":25,"Mummified Hand":25,"Pantograph":35,"StoneCalendar":0,"Ring of the Snake":0}],"Ring of the Snake":[26]},"card_choices":[{"not_picked":["Slice","Prepared"],"picked":"All Out Attack","floor":1},{"not_picked":["Quick Slash","Predator"],"picked":"Flying Knee","floor":2},{"not_picked":["Outmaneuver","Acrobatics"],"picked":"Deflect","floor":3},{"not_picked":["Cloak And Dagger","Masterful Stab"],"picked":"Adrenaline","floor":4},{"not_picked":["Blade Dance","Finisher"],"picked":"Noxious Fumes","floor":5},{"not_picked":["Reflex","Bane"],"picked":"Poisoned Stab","floor":7},{"not_picked":["Quick Slash","Dagger Spray","Flying Knee"],"picked":"SKIP","floor":10},{"not_picked":["Escape Plan","Terror"],"picked":"Doppelganger","floor":11},{"not_picked":["Backflip","Accuracy"],"picked":"Deadly Poison","floor":12},{"not_picked":["Burst","A Thousand Cuts"],"picked":"Die Die Die","floor":16},{"not_picked":["Underhanded Strike","Expertise","Acrobatics"],"picked":"SKIP","floor":18},{"not_picked":["Cloak And Dagger","Bane"],"picked":"Quick Slash+1","floor":19}],"player_experience":2914695,"relics_obtained":[{"floor":7,"key":"Centennial Puzzle"},{"floor":9,"key":"Mummified Hand"},{"floor":11,"key":"Pantograph"}],"event_choices":[{"damage_healed":0,"gold_gain":0,"player_choice":"Ignored","damage_taken":0,"max_hp_gain":0,"max_hp_loss":0,"event_name":"Liars Game","floor":8,"gold_loss":0},{"damage_healed":0,"gold_gain":0,"player_choice":"Fled","damage_taken":0,"max_hp_gain":0,"max_hp_loss":0,"event_name":"Scrap Ooze","floor":14,"gold_loss":0}],"is_beta":false,"boss_relics":[{"not_picked":["SacredBark","Sozu"],"picked":"SlaversCollar"}],"items_purged_floors":[20],"is_endless":false,"potions_floor_spawned":[1,2,4,5,10,16,18,19],"killed_by":"3 Cultists","ascension_level":20}}