{"host":"Teixeira","time":1608350888,"event":{"mods":["2.2 Compatiblity","Aspiration","BaseMod","Better Match","Better Note","Better Sensory Stone","Better Skull","Better Third Choice","Colored Map","Colored Powertips","Hermit","Infinite Spire","Minty Spire (QoL Compilation)","Permanent Neow","Quick Restart","Rare Cards Sparkle","Relic Filter","Replay The Spire","Spicy Shops","StSLib","SuperFastMode"],"gold_per_floor":[132,167,13,13,38,81,61,117,117,176,209,36,85,116,116,265,265,313,313,313,355,112,192,229,250,250],"floor_reached":25,"playtime":1482,"items_purged":["Armaments","Berserk"],"score":264,"play_id":"c7f4d641-5223-49e0-8492-bdf84275b9ad","local_time":"20201219010808","is_ascension_mode":true,"campfire_choices":[{"data":"Armaments","floor":15.0,"key":"SMITH"}],"circlet_count":0,"master_deck":["Strike_R","Strike_R","Strike_R","Strike_R","Defend_R","Defend_R","Defend_R","Defend_R","Bash","Anger","Iron Wave","ReplayTheSpireMod:Muscle Training+1","Thunderclap","Thunderclap","Armaments+1","Dropkick+1","Anger","Trip","Anger"],"relics":["Burning Blood","Pen Nib","Golden Idol","Replay:Bandana","Omamori","WarpedTongs","Replay:Wax Seal","Champion Belt","Blue Doll","Regal Pillow","infinitespire:Lucky Rock","aspiration:ChemicalBlood","aspiration:RandomNobGenerator","Guide Book","HandDrill","Eternal Feather"],"acts_visited":["Exordium","TheCity"],"potions_floor_usage":[23,25,25],"damage_taken":[{"damage":14.0,"enemies":"Jaw Worm","floor":1.0,"turns":4.0},{"damage":0.0,"enemies":"Cultist","floor":2.0,"turns":2.0},{"damage":0.0,"enemies":"2 Louse","floor":5.0,"turns":2.0},{"damage":18.0,"enemies":"Lagavulin","floor":6.0,"turns":5.0},{"damage":9.0,"enemies":"Replay:BlueRogue","floor":8.0,"turns":4.0},{"damage":21.0,"enemies":"3 Sentries","floor":10.0,"turns":7.0},{"damage":3.0,"enemies":"Exordium Thugs","floor":11.0,"turns":5.0},{"damage":15.0,"enemies":"Lagavulin","floor":13.0,"turns":6.0},{"damage":7.0,"enemies":"2 Fungi Beasts","floor":14.0,"turns":2.0},{"damage":13.0,"enemies":"Fading Forest","floor":16.0,"turns":11.0},{"damage":41.0,"enemies":"Shell Parasite","floor":18.0,"turns":5.0},{"damage":6.0,"enemies":"2 Thieves","floor":21.0,"turns":2.0},{"damage":30,"enemies":"Gremlin Leader","floor":23,"turns":6},{"damage":15,"enemies":"Chosen and Byrds","floor":24,"turns":5},{"damage":15,"enemies":"Slavers","floor":25,"turns":2}],"seed_played":"-5272671316132407060","potions_obtained":[{"floor":5.0,"key":"DistilledChaos"},{"floor":6.0,"key":"Block Potion"},{"floor":7.0,"key":"Venom Potion"},{"floor":8.0,"key":"Milkshake"},{"floor":11.0,"key":"SkillPotion"},{"floor":13.0,"key":"ElixirPotion"},{"floor":14.0,"key":"Fire Potion"},{"floor":24,"key":"EssenceOfSteel"}],"is_trial":false,"path_per_floor":["M","M","$","?","M","E","?","E","T","E","M","$","E","M","R","B",null,"M","?","AVR","M","$","E","M","E"],"character_chosen":"IRONCLAD","items_purchased":["Omamori","Thunderclap","infinitespire:Lucky Rock","HandDrill","Trip"],"campfire_rested":0,"item_purchase_floors":[3,12,12,22,22],"current_hp_per_floor":[72,78,78,78,80,68,68,65,65,50,53,53,44,43,43,46,80,45,45,45,45,45,21,12,0,0],"gold":250,"neow_bonus":"RANDOM_COMMON_RELIC","is_daily":false,"chose_seed":false,"campfire_upgraded":1,"win_rate":0.0,"timestamp":1608350888,"path_taken":["M","M","$","?","?","E","?","E","T","E","M","?","E","?","R","BOSS","M","?","AVR","?","$","E","M","E"],"items_purchased_type":["Relic","Card","Relic","Relic","Card"],"build_version":"2020-11-17","purchased_purges":2,"victory":false,"max_hp_per_floor":[80,80,80,80,80,80,80,80,80,80,80,80,80,80,80,80,80,80,80,80,80,80,80,80,80,80],"card_choices":[{"not_picked":["ReplayTheSpireMod:Strike From Hell","Sword Boomerang"],"picked":"Anger","floor":1.0},{"not_picked":["ReplayTheSpireMod:Strike From Hell","True Grit"],"picked":"Armaments","floor":2.0},{"not_picked":["Cleave","Body Slam"],"picked":"Iron Wave","floor":5.0},{"not_picked":["Perfected Strike","Pommel Strike","Replay:Undeath\u0027s Touch"],"picked":"SKIP","floor":6.0},{"not_picked":["Clothesline","Flame Barrier"],"picked":"ReplayTheSpireMod:Muscle Training","floor":8.0},{"not_picked":["Bloodletting","Dark Embrace","Battle Trance"],"picked":"SKIP","floor":10.0},{"not_picked":["Second Wind","Barricade","ReplayTheSpireMod:LeadingStrike"],"picked":"SKIP","floor":11.0},{"not_picked":["Armaments","Bloodletting"],"picked":"Dropkick","floor":13.0},{"not_picked":["ReplayTheSpireMod:Strike From Hell","Warcry","Defy Death"],"picked":"SKIP","floor":14.0},{"not_picked":["Reaper","Double Tap"],"picked":"Berserk","floor":16.0},{"not_picked":["Sever Soul","Thunderclap","infinitespire:OneForAll"],"picked":"SKIP","floor":18.0},{"not_picked":["Body Slam","Headbutt","Twin Strike"],"picked":"SKIP","floor":21.0},{"not_picked":["ReplayTheSpireMod:LeadingStrike+1","Fiend Fire"],"picked":"Anger","floor":23},{"not_picked":["Iron Wave","Twin Strike","True Grit"],"picked":"SKIP","floor":24}],"player_experience":31274,"relics_obtained":[{"floor":6.0,"key":"Replay:Wax Seal"},{"floor":8.0,"key":"Champion Belt"},{"floor":9.0,"key":"Blue Doll"},{"floor":10.0,"key":"Regal Pillow"},{"floor":13.0,"key":"aspiration:ChemicalBlood"},{"floor":23,"key":"Eternal Feather"}],"event_choices":[{"damage_healed":0.0,"max_hp_gain":0.0,"max_hp_loss":0.0,"gold_gain":0.0,"event_name":"Accursed Blacksmith","player_choice":"Rummage","floor":4.0,"gold_loss":0.0,"damage_taken":0.0,"relics_obtained":["WarpedTongs"],"cards_obtained":["Pain"]},{"damage_healed":0.0,"max_hp_gain":0.0,"max_hp_loss":0.0,"gold_gain":0.0,"event_name":"The Woman in Blue","player_choice":"Bought 1 Potion","floor":7.0,"gold_loss":0.0,"damage_taken":0.0},{"damage_healed":0.0,"max_hp_gain":0.0,"max_hp_loss":0.0,"gold_gain":0.0,"event_name":"Duplicator","player_choice":"Copied","floor":19.0,"gold_loss":0.0,"damage_taken":0.0,"cards_obtained":["Anger"]}],"is_beta":true,"boss_relics":[{"not_picked":["Abe\u0027s Treasure","infinitespire:Burning Sword"],"picked":"aspiration:RandomNobGenerator"}],"items_purged_floors":[12,20],"is_endless":false,"potions_floor_spawned":[5,6,8,11,13,14,24],"killed_by":"Slavers","ascension_level":1}}