{"host":"x6tlfgqpy55vgxdn","time":1608412585,"event":{"mods":["AchievementEnabler","BaseMod","DeckTracker","Minty Spire (QoL Compilation)","Permanent Neow","StSLib","SuperFastMode"],"gold_per_floor":[110,125,125,125,137,137,171,171,171,198,216,241,253,269,269,366,366,380,380,393,413,424,459,459,491,491,113,133,133,33,59,59,161,161,177,177,227,227,242,242,276,296,296,325,377,377,377,391,391,391,391,391,142,176,176],"floor_reached":56,"playtime":2276,"items_purged":["Regret","Defend_B","Defend_B+1"],"score":1461,"play_id":"c12a036c-4fdf-4d20-bbc7-318003170e96","local_time":"20201220061625","is_ascension_mode":true,"campfire_choices":[{"data":"Genetic Algorithm","floor":6.0,"key":"SMITH"},{"data":"1","floor":8.0,"key":"LIFT"},{"data":"2","floor":15.0,"key":"LIFT"},{"data":"3","floor":24.0,"key":"LIFT"},{"data":"Strike_B","floor":29.0,"key":"PURGE"},{"data":"Defend_B","floor":32.0,"key":"PURGE"},{"data":"Decay","floor":40.0,"key":"PURGE"},{"floor":49.0,"key":"RECALL"},{"data":"Zap","floor":52.0,"key":"PURGE"}],"circlet_count":0,"master_deck":["Dualcast+1","Reprogram+1","Loop+1","Defragment+1","Meteor Strike+1","Meteor Strike+1","Genetic Algorithm+1","Echo Form","Force Field","Meteor Strike","Consume","Echo Form","Glacier+1","Panacea","Capacitor+1","Blizzard+1","Coolheaded"],"relics":["Astrolabe","Snecko Eye","Girya","FaceOfCleric","War Paint","Lizard Tail","Lantern","Mango","SlaversCollar","Centennial Puzzle","Happy Flower","Peace Pipe","Juzu Bracelet","Nuclear Battery","Torii","Ginger","Singing Bowl","Bag of Marbles","Ice Cream","Membership Card","Art of War"],"acts_visited":["Exordium","TheCity","TheBeyond","TheEnding"],"potions_floor_usage":[55,55,55,55,55,55],"damage_taken":[{"damage":0.0,"enemies":"2 Louse","floor":1.0,"turns":1.0},{"damage":0.0,"enemies":"Cultist","floor":2.0,"turns":2.0},{"damage":0.0,"enemies":"Jaw Worm","floor":5.0,"turns":2.0},{"damage":4.0,"enemies":"3 Sentries","floor":7.0,"turns":4.0},{"damage":28.0,"enemies":"Gremlin Nob","floor":10.0,"turns":4.0},{"damage":12.0,"enemies":"Lots of Slimes","floor":11.0,"turns":4.0},{"damage":7.0,"enemies":"Lagavulin","floor":12.0,"turns":4.0},{"damage":0.0,"enemies":"2 Fungi Beasts","floor":13.0,"turns":2.0},{"damage":0.0,"enemies":"Large Slime","floor":14.0,"turns":3.0},{"damage":9.0,"enemies":"The Guardian","floor":16.0,"turns":7.0},{"damage":17.0,"enemies":"2 Thieves","floor":18.0,"turns":2.0},{"damage":8.0,"enemies":"Shell Parasite","floor":20.0,"turns":3.0},{"damage":1.0,"enemies":"Centurion and Healer","floor":21.0,"turns":4.0},{"damage":3.0,"enemies":"3 Cultists","floor":22.0,"turns":4.0},{"damage":30.0,"enemies":"Gremlin Leader","floor":23.0,"turns":4.0},{"damage":8.0,"enemies":"Book of Stabbing","floor":25.0,"turns":3.0},{"damage":0.0,"enemies":"Cultist and Chosen","floor":28.0,"turns":3.0},{"damage":7.0,"enemies":"Slavers","floor":31.0,"turns":4.0},{"damage":15.0,"enemies":"Collector","floor":33.0,"turns":5.0},{"damage":0.0,"enemies":"Orb Walker","floor":35.0,"turns":2.0},{"damage":0.0,"enemies":"Mind Bloom Boss Battle","floor":37.0,"turns":5.0},{"damage":9.0,"enemies":"3 Darklings","floor":39.0,"turns":4.0},{"damage":7.0,"enemies":"Nemesis","floor":41.0,"turns":5.0},{"damage":0.0,"enemies":"Jaw Worm Horde","floor":42.0,"turns":4.0},{"damage":17.0,"enemies":"Reptomancer","floor":44.0,"turns":5.0},{"damage":19.0,"enemies":"2 Orb Walkers","floor":45.0,"turns":4.0},{"damage":0.0,"enemies":"Transient","floor":48.0,"turns":5.0},{"damage":9.0,"enemies":"Time Eater","floor":50.0,"turns":7.0},{"damage":0.0,"enemies":"Shield and Spear","floor":54.0,"turns":4.0},{"damage":22,"enemies":"The Heart","floor":55,"turns":7}],"seed_played":"-3025814768217464177","potions_obtained":[{"floor":2.0,"key":"Ancient Potion"},{"floor":10.0,"key":"FocusPotion"},{"floor":11.0,"key":"Dexterity Potion"},{"floor":19.0,"key":"EntropicBrew"}],"is_trial":false,"path_per_floor":["M","M","?","?","M","R","E","R","T","E","M","E","M","M","R","B",null,"M","?","M","M","M","E","R","E","T","$","M","R","$","E","R","B",null,"M","?","?","?","M","R","E","M","T","E","?","?","?","M","R","B",null,"R","$","E","B",null],"character_chosen":"DEFECT","items_purchased":["Peace Pipe","Membership Card","DuplicationPotion"],"campfire_rested":0,"item_purchase_floors":[27,53,53],"current_hp_per_floor":[75,75,75,75,76,76,73,73,73,46,35,43,44,45,45,37,97,81,81,74,74,72,43,43,36,36,36,37,37,37,31,31,17,106,107,107,108,98,90,90,84,85,85,69,53,53,53,56,56,48,113,113,113,116,110],"gold":176,"neow_bonus":"BOSS_RELIC","is_daily":false,"chose_seed":false,"campfire_upgraded":1,"win_rate":0.0,"timestamp":1608412585,"path_taken":["M","M","?","?","M","R","E","R","T","E","?","E","M","M","R","BOSS","M","?","?","M","M","E","R","E","T","?","M","R","$","E","R","BOSS","M","?","?","?","M","R","E","M","T","E","?","?","?","M","R","BOSS","R","$","E","BOSS"],"items_purchased_type":["Relic","Relic","Potion"],"build_version":"2020-12-13","purchased_purges":3,"victory":true,"max_hp_per_floor":[75,75,75,75,76,76,77,77,77,78,79,94,95,96,96,97,97,98,98,99,100,101,102,102,103,103,103,104,104,104,105,105,106,106,107,107,108,108,109,109,110,111,111,112,115,115,109,112,112,113,113,113,113,116,117],"card_choices":[{"not_picked":["Coolheaded","Steam","Stack"],"picked":"SKIP","floor":1.0},{"not_picked":["Chaos","Steam"],"picked":"Genetic Algorithm","floor":2.0},{"not_picked":["Cold Snap","Ball Lightning","Gash"],"picked":"SKIP","floor":5.0},{"not_picked":["Fusion","Rebound","Steam Power"],"picked":"SKIP","floor":7.0},{"not_picked":["Undo","Force Field"],"picked":"Echo Form","floor":10.0},{"not_picked":["BootSequence","Ball Lightning","Loop"],"picked":"SKIP","floor":11.0},{"not_picked":["Cold Snap","Compile Driver"],"picked":"Force Field","floor":12.0},{"not_picked":["Rebound","Heatsinks","Steam"],"picked":"SKIP","floor":13.0},{"not_picked":["FTL","Go for the Eyes","Stack"],"picked":"SKIP","floor":14.0},{"not_picked":["Electrodynamics","Biased Cognition"],"picked":"Meteor Strike","floor":16.0},{"not_picked":["Hologram","Scrape+1","Barrage"],"picked":"SKIP","floor":18.0},{"not_picked":["Undo","Chill","Ball Lightning"],"picked":"SKIP","floor":20.0},{"not_picked":["Steam","Fusion"],"picked":"Consume","floor":21.0},{"not_picked":["Cold Snap+1","Stack","Defragment"],"picked":"SKIP","floor":22.0},{"not_picked":["Hologram","Barrage","Ball Lightning+1"],"picked":"SKIP","floor":23.0},{"not_picked":["Steam Power","Reinforced Body+1","Stack"],"picked":"SKIP","floor":25.0},{"not_picked":["Steam Power","Reinforced Body+1","Stack"],"picked":"SKIP","floor":25.0},{"not_picked":["Redo+1","Defragment","Reinforced Body"],"picked":"SKIP","floor":28.0},{"not_picked":["Heatsinks","Storm","Beam Cell"],"picked":"SKIP","floor":31.0},{"not_picked":["Buffer","Multi-Cast"],"picked":"Echo Form","floor":33.0},{"not_picked":["Turbo+1","Cold Snap"],"picked":"Glacier+1","floor":35.0},{"not_picked":["Swift Strike","Trip"],"picked":"Panacea","floor":38.0},{"not_picked":["Beam Cell","Compile Driver","Steam+1"],"picked":"SKIP","floor":39.0},{"not_picked":["All For One","Self Repair+1"],"picked":"Capacitor+1","floor":41.0},{"not_picked":["Genetic Algorithm+1","Barrage+1","Beam Cell+1"],"picked":"SKIP","floor":42.0},{"not_picked":["Compile Driver+1","Reprogram"],"picked":"Blizzard+1","floor":44.0},{"not_picked":["Stack+1","Ball Lightning","Force Field"],"picked":"Singing Bowl","floor":45.0},{"not_picked":["Streamline+1","Compile Driver","Conserve Battery+1"],"picked":"Singing Bowl","floor":48.0},{"not_picked":["Compile Driver","Barrage+1","Electrodynamics"],"picked":"Singing Bowl","floor":54.0}],"player_experience":178686,"relics_obtained":[{"floor":7.0,"key":"War Paint"},{"floor":9.0,"key":"Lizard Tail"},{"floor":10.0,"key":"Lantern"},{"floor":12.0,"key":"Mango"},{"floor":23.0,"key":"Centennial Puzzle"},{"floor":25.0,"key":"Happy Flower"},{"floor":31.0,"key":"Juzu Bracelet"},{"floor":37.0,"key":"Torii"},{"floor":41.0,"key":"Ginger"},{"floor":43.0,"key":"Singing Bowl"},{"floor":44.0,"key":"Bag of Marbles"},{"floor":45.0,"key":"Ice Cream"},{"floor":54.0,"key":"Art of War"}],"event_choices":[{"damage_healed":0.0,"max_hp_gain":0.0,"max_hp_loss":0.0,"gold_gain":0.0,"event_name":"Big Fish","player_choice":"Box","floor":3.0,"gold_loss":0.0,"damage_taken":0.0,"relics_obtained":["Girya"],"cards_obtained":["Regret"]},{"damage_healed":0.0,"max_hp_gain":0.0,"max_hp_loss":0.0,"gold_gain":0.0,"event_name":"FaceTrader","player_choice":"Trade","floor":4.0,"gold_loss":0.0,"damage_taken":0.0,"relics_obtained":["FaceOfCleric"]},{"damage_healed":0.0,"max_hp_gain":0.0,"max_hp_loss":0.0,"gold_gain":0.0,"event_name":"Lab","player_choice":"Got Potions","floor":19.0,"gold_loss":0.0,"damage_taken":0.0},{"damage_healed":0.0,"max_hp_gain":0.0,"max_hp_loss":0.0,"gold_gain":0.0,"event_name":"Wheel of Change","player_choice":"Cursed","floor":36.0,"gold_loss":0.0,"damage_taken":0.0,"cards_obtained":["Decay"]},{"damage_healed":0.0,"max_hp_gain":0.0,"max_hp_loss":0.0,"gold_gain":0.0,"event_name":"MindBloom","player_choice":"Fight","floor":37.0,"gold_loss":0.0,"damage_taken":0.0},{"damage_healed":0.0,"max_hp_gain":0.0,"max_hp_loss":0.0,"gold_gain":0.0,"event_name":"SensoryStone","player_choice":"Memory 3","floor":38.0,"gold_loss":0.0,"damage_taken":10.0},{"damage_healed":0.0,"max_hp_gain":0.0,"max_hp_loss":0.0,"gold_gain":0.0,"event_name":"Mysterious Sphere","player_choice":"Fight","floor":45.0,"gold_loss":0.0,"damage_taken":0.0},{"damage_healed":0.0,"max_hp_gain":0.0,"max_hp_loss":0.0,"gold_gain":0.0,"cards_transformed":["Defend_B"],"event_name":"Transmorgrifier","player_choice":"Transformed","floor":46.0,"gold_loss":0.0,"damage_taken":0.0,"cards_obtained":["Coolheaded"]},{"damage_healed":0.0,"max_hp_gain":0.0,"max_hp_loss":6.0,"gold_gain":0.0,"event_name":"Winding Halls","player_choice":"Max HP","floor":47.0,"gold_loss":0.0,"damage_taken":0.0}],"is_beta":false,"boss_relics":[{"not_picked":["Velvet Choker","Ectoplasm"],"picked":"SlaversCollar"},{"not_picked":["Busted Crown","Sozu"],"picked":"Nuclear Battery"}],"items_purged_floors":[27,30,53],"is_endless":false,"potions_floor_spawned":[2,10,11,13,14,20,22,23,25,33,37,39,41,45],"ascension_level":2}}