{"host":"k5dhp0bkccqfauyu","time":1608378867,"event":{"mods":["BaseMod","Better Note","Better Skull","Better Vampires","Colored Map","Colored Powertips","DeckTracker","Minty Spire (QoL Compilation)","Permanent Neow","StSLib","SuperFastMode"],"gold_per_floor":[212,212,227,247,6,6,32,32,32,63,338,338,349,274,274,351,351,370,383,8,45,94,140,153,204,259,259,10,10,10,60,60,158,158,190,204,40,40,85,140,140,197,197,197,26,78,125,46,46,46,46],"floor_reached":50,"playtime":1875,"items_purged":["Strike_R","Strike_R","Strike_R","Iron Wave","Parasite"],"score":1213,"play_id":"b29fb6c3-e336-4795-b2bd-3e0a7c331693","local_time":"20201219225427","is_ascension_mode":true,"campfire_choices":[{"data":"Cleave","floor":6,"key":"SMITH"},{"data":"Barricade","floor":8,"key":"SMITH"},{"data":"Spot Weakness","floor":12,"key":"SMITH"},{"data":"Bash","floor":15,"key":"SMITH"},{"data":"Immolate","floor":27,"key":"SMITH"},{"floor":29,"key":"REST"},{"data":"True Grit","floor":32,"key":"SMITH"},{"data":"True Grit","floor":41,"key":"SMITH"},{"floor":44,"key":"RECALL"},{"data":"Evolve","floor":49,"key":"SMITH"}],"circlet_count":0,"master_deck":["AscendersBane","Defend_R+1","Defend_R+1","Defend_R+1","Bash+1","Cleave+1","Spot Weakness+1","Barricade+1","Immolate+1","Headbutt","HandOfGreed","Shockwave+1","True Grit+1","Armaments+1","True Grit+1","Impervious","Dropkick+1","Body Slam+1","Reckless Charge+1","Spot Weakness","Shrug It Off","Second Wind","Sentinel","Sentinel+1","Evolve+1","Flame Barrier","Disarm"],"relics":["Burning Blood","Membership Card","HornCleat","Mercury Hourglass","Regal Pillow","Mark of Pain","Potion Belt","Paper Frog","Red Mask","Bottled Flame","Self Forming Clay","PreservedInsect","Dead Branch","Astrolabe","Anchor","OrangePellets","Incense Burner","Prayer Wheel","Medical Kit"],"acts_visited":["Exordium","TheCity","TheBeyond"],"potions_floor_usage":[7,10,23,23,25,39,50],"damage_taken":[{"damage":7,"enemies":"Small Slimes","floor":1,"turns":4},{"damage":2,"enemies":"2 Louse","floor":3,"turns":3},{"damage":7,"enemies":"Cultist","floor":4,"turns":4},{"damage":50,"enemies":"Lagavulin","floor":7,"turns":7},{"damage":0,"enemies":"Gremlin Nob","floor":10,"turns":3},{"damage":5,"enemies":"3 Louse","floor":13,"turns":2},{"damage":19,"enemies":"Hexaghost","floor":16,"turns":8},{"damage":2,"enemies":"3 Byrds","floor":18,"turns":4},{"damage":12,"enemies":"2 Thieves","floor":19,"turns":2},{"damage":18,"enemies":"Snecko","floor":21,"turns":5},{"damage":12,"enemies":"Masked Bandits","floor":22,"turns":2},{"damage":18,"enemies":"Book of Stabbing","floor":23,"turns":4},{"damage":16,"enemies":"Shelled Parasite and Fungi","floor":24,"turns":3},{"damage":5,"enemies":"Gremlin Leader","floor":25,"turns":6},{"damage":7,"enemies":"Champ","floor":33,"turns":25},{"damage":3,"enemies":"Orb Walker","floor":35,"turns":3},{"damage":0,"enemies":"3 Shapes","floor":36,"turns":2},{"damage":11,"enemies":"Writhing Mass","floor":39,"turns":11},{"damage":1,"enemies":"Giant Head","floor":40,"turns":7},{"damage":2,"enemies":"Sphere and 2 Shapes","floor":42,"turns":7},{"damage":0,"enemies":"Nemesis","floor":46,"turns":7},{"damage":10,"enemies":"2 Orb Walkers","floor":47,"turns":4},{"damage":85,"enemies":"Donu and Deca","floor":50,"turns":7}],"seed_played":"5748155666390142569","potions_obtained":[{"floor":3,"key":"BloodPotion"},{"floor":7,"key":"DuplicationPotion"},{"floor":19,"key":"PowerPotion"},{"floor":21,"key":"Ancient Potion"},{"floor":22,"key":"CultistPotion"},{"floor":24,"key":"Swift Potion"},{"floor":40,"key":"FearPotion"},{"floor":42,"key":"ColorlessPotion"}],"is_trial":false,"path_per_floor":["M","?","M","M","$","R","E","R","T","E","?","R","M","?","R","B",null,"M","M","$","M","?","E","M","E","T","R","$","R","?","?","R","B",null,"M","M","$","?","M","E","R","M","T","R","$","E","?","$","R","B"],"character_chosen":"IRONCLAD","items_purchased":["Membership Card","Spot Weakness","Potion Belt","HandOfGreed","Paper Frog","Dead Branch","True Grit","Second Wind","Sentinel","OrangePellets","Medical Kit"],"campfire_rested":1,"item_purchase_floors":[5,5,20,20,20,28,28,37,37,45,48],"current_hp_per_floor":[67,60,64,63,63,63,34,34,34,40,40,40,41,41,41,28,63,67,61,61,49,43,31,21,22,22,22,22,59,59,59,59,58,71,74,75,75,75,70,75,75,75,75,75,72,72,68,68,68,0,0],"gold":46,"neow_bonus":"HUNDRED_GOLD","is_daily":false,"chose_seed":false,"campfire_upgraded":8,"win_rate":0.0,"timestamp":1608378867,"path_taken":["M","?","M","M","$","R","E","R","T","E","?","R","?","?","R","BOSS","M","M","$","M","?","E","M","E","T","R","$","R","?","?","R","BOSS","M","M","$","?","M","E","R","?","T","R","$","E","?","$","R","BOSS"],"items_purchased_type":["Relic","Card","Relic","Card","Relic","Relic","Card","Card","Card","Relic","Relic"],"build_version":"2020-12-13","purchased_purges":5,"victory":false,"max_hp_per_floor":[75,75,75,75,75,75,75,75,75,75,75,75,75,75,75,75,75,75,75,75,75,75,75,75,75,75,75,75,75,75,75,75,75,75,75,75,75,75,75,75,75,75,75,75,72,72,72,72,72,72,72],"card_choices":[{"not_picked":["Havoc","Warcry"],"picked":"Cleave","floor":1},{"not_picked":["Dropkick","Entrench","Searing Blow"],"picked":"SKIP","floor":3},{"not_picked":["Headbutt","Evolve"],"picked":"Pommel Strike","floor":4},{"not_picked":["Exhume","True Grit"],"picked":"Barricade","floor":7},{"not_picked":["Perfected Strike","Anger"],"picked":"Iron Wave","floor":10},{"not_picked":["Pommel Strike","Rupture"],"picked":"Rage","floor":13},{"not_picked":["Reaper","Fiend Fire"],"picked":"Immolate","floor":16},{"not_picked":["Seeing Red","Iron Wave"],"picked":"Headbutt","floor":18},{"not_picked":["Clash","Wild Strike","Headbutt"],"picked":"SKIP","floor":19},{"not_picked":["Iron Wave","Wild Strike"],"picked":"Shockwave+1","floor":21},{"not_picked":["Power Through","Intimidate"],"picked":"True Grit","floor":22},{"not_picked":["Cleave","Iron Wave+1"],"picked":"Armaments+1","floor":23},{"not_picked":["Sever Soul","Clash","Wild Strike"],"picked":"SKIP","floor":24},{"not_picked":["Combust","Blood for Blood","Pummel"],"picked":"SKIP","floor":25},{"not_picked":["Double Tap","Brutality"],"picked":"Impervious","floor":33},{"not_picked":["Flex+1","Blood for Blood"],"picked":"Spot Weakness","floor":35},{"not_picked":["Battle Trance","Headbutt"],"picked":"Shrug It Off","floor":36},{"not_picked":["Ghostly Armor","Bloodletting"],"picked":"Sentinel+1","floor":39},{"not_picked":["Immolate","Sword Boomerang","Fire Breathing"],"picked":"SKIP","floor":40},{"not_picked":["Reckless Charge+1","Armaments+1"],"picked":"Evolve","floor":42},{"not_picked":["Blood for Blood+1","Searing Blow+1"],"picked":"Flame Barrier","floor":46},{"not_picked":["Dropkick","Headbutt"],"picked":"Disarm","floor":47}],"player_experience":1792136,"relics_obtained":[{"floor":7,"key":"HornCleat"},{"floor":9,"key":"Mercury Hourglass"},{"floor":10,"key":"Regal Pillow"},{"floor":22,"key":"Red Mask"},{"floor":23,"key":"Bottled Flame"},{"floor":25,"key":"Self Forming Clay"},{"floor":26,"key":"PreservedInsect"},{"floor":40,"key":"Anchor"},{"floor":46,"key":"Incense Burner"},{"floor":47,"key":"Prayer Wheel"}],"event_choices":[{"cards_removed":["Strike_R"],"damage_healed":0,"gold_gain":0,"player_choice":"Card Removal","damage_taken":7,"max_hp_gain":0,"max_hp_loss":0,"event_name":"Golden Wing","floor":2,"gold_loss":0},{"damage_healed":0,"gold_gain":275,"player_choice":"Desecrate","damage_taken":0,"max_hp_gain":0,"max_hp_loss":0,"event_name":"Golden Shrine","floor":11,"gold_loss":0,"cards_obtained":["Regret"]},{"cards_removed":["Regret"],"damage_healed":0,"gold_gain":0,"player_choice":"Card Removal","damage_taken":0,"max_hp_gain":0,"max_hp_loss":0,"event_name":"The Cleric","floor":14,"gold_loss":75},{"damage_healed":0,"gold_gain":0,"player_choice":"Fought Bandits","damage_taken":0,"max_hp_gain":0,"max_hp_loss":0,"event_name":"Masked Bandits","floor":22,"gold_loss":0},{"damage_healed":0,"gold_gain":0,"player_choice":"Simplicity","damage_taken":0,"max_hp_gain":0,"max_hp_loss":0,"event_name":"Back to Basics","floor":30,"gold_loss":0,"cards_upgraded":["Strike_R","Defend_R","Defend_R","Defend_R","Defend_R"]},{"damage_healed":0,"gold_gain":50,"player_choice":"Stole From Cult","damage_taken":0,"max_hp_gain":0,"max_hp_loss":0,"event_name":"Nest","floor":31,"gold_loss":0},{"cards_removed":["Pommel Strike"],"damage_healed":0,"gold_gain":0,"player_choice":"Purged","damage_taken":0,"max_hp_gain":0,"max_hp_loss":0,"event_name":"Purifier","floor":38,"gold_loss":0},{"damage_healed":0,"gold_gain":0,"player_choice":"Fight","damage_taken":0,"max_hp_gain":0,"max_hp_loss":0,"event_name":"Mysterious Sphere","floor":47,"gold_loss":0}],"is_beta":false,"boss_relics":[{"not_picked":["Ectoplasm","Tiny House"],"picked":"Mark of Pain"},{"not_picked":["Runic Dome","Cursed Key"],"picked":"Astrolabe"}],"items_purged_floors":[5,20,28,37,45],"is_endless":false,"potions_floor_spawned":[3,7,19,21,22,24,40,42],"killed_by":"Donu and Deca","ascension_level":20}}