{"host":"3asmp5aovk69ekg9","time":1608345177,"event":{"mods":["BaseMod","BetterRewards","Colored Powertips","Hermit","Koishi","Magitek Elite","Minty Spire (QoL Compilation)","Permanent Neow","Remove Card Discount Mod","Shade Mod","StSLib","The Alterego","The Cursed","The Death Knight","The Fake Hero","The IronCluck","The Senshi","The Wild Card"],"gold_per_floor":[117,128,191,204,216,216,246,246,246,272,282,282,317,334,334,434,434,446,365,380,394,394,423,436,462,462,487,506,539,552,570,570,665,665,685,702,751,761,780,813,813,838,838,871,120,120,120,148,160,172,184,196,140,167,167],"floor_reached":56,"playtime":6534,"items_purged":["Strike_L","Strike_L","Defend_L","Defend_L","Defend_L","Strike_L","Defend_L","Strike_L","Man_Eater","Defend_L","Icebrand","Panache","Haste","Magus_Robe+1","Swift Strike"],"score":1919,"play_id":"7c1ed6c7-22cd-4d39-a5a5-b85ebcae95d0","local_time":"20201218183257","is_ascension_mode":true,"campfire_choices":[{"data":"Thunder_P","floor":6.0,"key":"SMITH"},{"data":"Fire2","floor":8.0,"key":"SMITH"},{"data":"Cure","floor":12.0,"key":"SMITH"},{"data":"Poisona","floor":15.0,"key":"SMITH"},{"data":"Esuna","floor":32.0,"key":"SMITH"},{"data":"Cure","floor":41.0,"key":"SMITH"},{"data":"Ultima","floor":47.0,"key":"SMITH"},{"floor":49.0,"key":"RECALL"},{"data":"Thunder_P","floor":52.0,"key":"SMITH"}],"circlet_count":0,"master_deck":["Fire2","Cure+2","Faith","Poisona+1","Panacea","Circlet+1","Poisona+1","Thunder_P+2","Circlet+1","Vox+1","Esuna","Gaia_Gear+1","Ultima+1","Magnus_Hat+1","Mirage_Vest+1","Mirage_Vest+1","Shell","Vox+1","Astra+1","Bravery+1","Sadistic Nature+1","Blood_Hilt+1","Flash of Steel","Bravery+1","Esuna"],"relics":["Pendant","Mummified Hand","Chemical X","Strawberry","Toxic Egg 2","Bronze Scales","Lantern","Juzu Bracelet","MealTicket","Busted Crown","HornCleat","White Beast Statue","Singing Bowl","Red Mask","Golden_Hairpin","Centennial Puzzle","DeathKnight:SindragosasSkull","PreservedInsect","Frozen Egg 2","ClockworkSouvenir","MawBank","Pear"],"acts_visited":["Exordium","TheCity","TheBeyond","TheEnding"],"potions_floor_usage":[55,55],"damage_taken":[{"damage":0.0,"enemies":"Cultist","floor":1.0,"turns":2.0},{"damage":0.0,"enemies":"Jaw Worm","floor":2.0,"turns":2.0},{"damage":0.0,"enemies":"2 Louse","floor":4.0,"turns":1.0},{"damage":0.0,"enemies":"2 Fungi Beasts","floor":5.0,"turns":1.0},{"damage":27.0,"enemies":"Gremlin Nob","floor":7.0,"turns":4.0},{"damage":5.0,"enemies":"3 Sentries","floor":10.0,"turns":3.0},{"damage":0.0,"enemies":"Exordium Wildlife","floor":11.0,"turns":2.0},{"damage":0.0,"enemies":"Lagavulin","floor":13.0,"turns":2.0},{"damage":1.0,"enemies":"3 Louse","floor":14.0,"turns":2.0},{"damage":0.0,"enemies":"The Guardian","floor":16.0,"turns":7.0},{"damage":3.0,"enemies":"Chosen","floor":18.0,"turns":3.0},{"damage":0.0,"enemies":"Spheric Guardian","floor":20.0,"turns":1.0},{"damage":0.0,"enemies":"Cultist and Chosen","floor":21.0,"turns":2.0},{"damage":12.0,"enemies":"Book of Stabbing","floor":23.0,"turns":3.0},{"damage":6.0,"enemies":"Snake Plant","floor":24.0,"turns":2.0},{"damage":0.0,"enemies":"Slavers","floor":25.0,"turns":1.0},{"damage":14.0,"enemies":"Book of Stabbing","floor":27.0,"turns":4.0},{"damage":0.0,"enemies":"Snecko","floor":28.0,"turns":2.0},{"damage":3.0,"enemies":"Masked Bandits","floor":29.0,"turns":2.0},{"damage":4.0,"enemies":"Cultist and Chosen","floor":30.0,"turns":2.0},{"damage":0.0,"enemies":"Centurion and Healer","floor":31.0,"turns":3.0},{"damage":2.0,"enemies":"Automaton","floor":33.0,"turns":4.0},{"damage":0.0,"enemies":"3 Darklings","floor":35.0,"turns":2.0},{"damage":0.0,"enemies":"Orb Walker","floor":36.0,"turns":3.0},{"damage":1.0,"enemies":"2 Orb Walkers","floor":37.0,"turns":3.0},{"damage":0.0,"enemies":"Spire Growth","floor":38.0,"turns":3.0},{"damage":1.0,"enemies":"4 Shapes","floor":39.0,"turns":1.0},{"damage":0.0,"enemies":"Giant Head","floor":40.0,"turns":5.0},{"damage":12.0,"enemies":"Nemesis","floor":42.0,"turns":5.0},{"damage":18.0,"enemies":"Reptomancer","floor":44.0,"turns":5.0},{"damage":14.0,"enemies":"Nemesis","floor":48.0,"turns":3.0},{"damage":0.0,"enemies":"Awakened One","floor":50.0,"turns":12.0},{"damage":5.0,"enemies":"Shield and Spear","floor":54.0,"turns":4.0},{"damage":40,"enemies":"The Heart","floor":55,"turns":5}],"seed_played":"4639721133062112661","potions_obtained":[{"floor":1.0,"key":"FairyPotion"},{"floor":7.0,"key":"SpeedPotion"},{"floor":10.0,"key":"SteroidPotion"},{"floor":14.0,"key":"Dexterity Potion"},{"floor":18.0,"key":"DistilledChaos"},{"floor":27.0,"key":"FearPotion"},{"floor":28.0,"key":"ColorlessPotion"},{"floor":29.0,"key":"DeathKnight:RimePotion"},{"floor":36.0,"key":"Energy Potion"},{"floor":37.0,"key":"Dexterity Potion"},{"floor":38.0,"key":"SteroidPotion"},{"floor":48.0,"key":"Dexterity Potion"}],"is_trial":false,"path_per_floor":["M","M","?","M","M","R","E","R","T","E","M","R","E","M","R","B",null,"M","$","M","M","?","E","M","E","T","E","M","?","M","M","R","B",null,"M","M","?","M","M","E","R","E","T","E","$","?","R","E","R","B",null,"R","$","E","B",null],"character_chosen":"MAGITEKELITE","items_purchased":["Mummified Hand","Faith","Poisona","Panache","Swift Strike","Chemical X","Ultima","Haste","Strawberry","Panacea","Toxic Egg 2","Circlet+1","Poisona+1","Bronze Scales","Icebrand","Man_Eater","Mirage_Vest+1","Frozen Egg 2","Sadistic Nature+1","Blood_Hilt+1","ClockworkSouvenir","Flash of Steel","Bravery+1"],"campfire_rested":0,"item_purchase_floors":[0,0,0,0,0,0,0,0,0,0,0,0,0,0,0,0,19,45,45,45,45,45,53],"current_hp_per_floor":[33,33,33,33,39,39,18,18,18,19,25,25,25,33,33,42,63,69,70,70,70,70,58,64,64,64,56,58,57,53,64,64,64,75,77,80,81,83,82,86,86,88,88,84,90,90,90,90,90,92,92,92,92,102,76],"gold":167,"neow_bonus":"","is_daily":false,"chose_seed":false,"campfire_upgraded":8,"win_rate":0.0,"timestamp":1608345177,"path_taken":["M","M","?","M","M","R","E","R","T","E","M","R","E","M","R","BOSS","M","$","M","M","?","E","M","E","T","E","M","?","M","M","R","BOSS","M","M","?","M","M","E","R","E","T","E","$","?","R","E","R","BOSS","R","$","E","BOSS"],"items_purchased_type":["Relic","Card","Card","Card","Card","Relic","Card","Card","Relic","Card","Relic","Card","Card","Relic","Card","Card","Card","Relic","Card","Card","Relic","Card","Card"],"build_version":"2020-12-13","purchased_purges":15,"victory":true,"max_hp_per_floor":[70,70,70,70,70,70,70,70,70,70,70,70,70,70,70,70,70,70,70,70,70,70,70,70,70,70,70,72,74,74,76,76,78,78,80,80,82,84,84,86,86,88,88,90,90,90,90,92,92,92,92,92,92,102,102],"card_choices":[{"not_picked":["Quake","Float2_Spell"],"picked":"Thunder_P","floor":1.0},{"not_picked":["Gladius","Throw"],"picked":"Magus_Robe+1","floor":2.0},{"not_picked":["Transpose2+1","Thunder_P","Barrier+1"],"picked":"SKIP","floor":4.0},{"not_picked":["Rune_Blade","Flametongue","Vox+1"],"picked":"SKIP","floor":5.0},{"not_picked":["Esuna+","Vox+1"],"picked":"Circlet+1","floor":7.0},{"not_picked":["Wall+1","Poisona+1"],"picked":"Vox+1","floor":10.0},{"not_picked":["Dark","Gladius","Heavy_Shield+1"],"picked":"SKIP","floor":11.0},{"not_picked":["Float2_Spell","Wall+1"],"picked":"Esuna+","floor":13.0},{"not_picked":["Focus+1","Icebrand"],"picked":"Gaia_Gear+1","floor":14.0},{"not_picked":["Fake_Moustache","Might"],"picked":"Ultima","floor":16.0},{"not_picked":[],"picked":"Magnus_Hat+1","floor":18.0},{"not_picked":["Poisona+1"],"picked":"SKIP","floor":20.0},{"not_picked":["Thunder_Blade"],"picked":"SKIP","floor":21.0},{"not_picked":["Remember"],"picked":"SKIP","floor":23.0},{"not_picked":["Circlet+1"],"picked":"SKIP","floor":24.0},{"not_picked":[],"picked":"Mirage_Vest+1","floor":25.0},{"not_picked":[],"picked":"Shell","floor":27.0},{"not_picked":["Cursed_Shield+1"],"picked":"Singing Bowl","floor":28.0},{"not_picked":["Crystal_Sword"],"picked":"Singing Bowl","floor":29.0},{"not_picked":[],"picked":"Vox+1","floor":30.0},{"not_picked":["Falchion"],"picked":"Singing Bowl","floor":31.0},{"not_picked":["Drain"],"picked":"Singing Bowl","floor":33.0},{"not_picked":["Circlet+1"],"picked":"Singing Bowl","floor":35.0},{"not_picked":[],"picked":"Astra+1","floor":36.0},{"not_picked":["Bravery"],"picked":"Singing Bowl","floor":37.0},{"not_picked":["Float2_Spell"],"picked":"Singing Bowl","floor":38.0},{"not_picked":[],"picked":"Bravery+1","floor":39.0},{"not_picked":["Haste"],"picked":"Singing Bowl","floor":40.0},{"not_picked":["Magus_Robe+1"],"picked":"Singing Bowl","floor":42.0},{"not_picked":["Holy+1"],"picked":"Singing Bowl","floor":44.0},{"not_picked":["Thornlet+1"],"picked":"Singing Bowl","floor":48.0},{"not_picked":[],"picked":"Esuna+","floor":54.0}],"player_experience":1072692,"relics_obtained":[{"floor":7.0,"key":"Lantern"},{"floor":9.0,"key":"Juzu Bracelet"},{"floor":13.0,"key":"MealTicket"},{"floor":23.0,"key":"HornCleat"},{"floor":25.0,"key":"White Beast Statue"},{"floor":27.0,"key":"Singing Bowl"},{"floor":29.0,"key":"Red Mask"},{"floor":42.0,"key":"Centennial Puzzle"},{"floor":43.0,"key":"DeathKnight:SindragosasSkull"},{"floor":44.0,"key":"PreservedInsect"},{"floor":48.0,"key":"MawBank"},{"floor":54.0,"key":"Pear"}],"event_choices":[{"damage_healed":0.0,"max_hp_gain":0.0,"max_hp_loss":0.0,"gold_gain":63.0,"event_name":"Golden Wing","player_choice":"Gained Gold","floor":3.0,"gold_loss":0.0,"damage_taken":0.0},{"damage_healed":0.0,"max_hp_gain":0.0,"max_hp_loss":0.0,"gold_gain":0.0,"event_name":"Vampires","player_choice":"Ignored","floor":22.0,"gold_loss":0.0,"damage_taken":0.0},{"damage_healed":0.0,"max_hp_gain":0.0,"max_hp_loss":0.0,"gold_gain":0.0,"event_name":"Masked Bandits","player_choice":"Fought Bandits","floor":29.0,"gold_loss":0.0,"damage_taken":0.0},{"damage_healed":0.0,"max_hp_gain":0.0,"max_hp_loss":0.0,"gold_gain":0.0,"event_name":"Mysterious Sphere","player_choice":"Fight","floor":37.0,"gold_loss":0.0,"damage_taken":0.0},{"cards_removed":["Ultima"],"damage_healed":0.0,"max_hp_gain":0.0,"max_hp_loss":0.0,"gold_gain":0.0,"event_name":"Falling","player_choice":"Removed Attack","floor":46.0,"gold_loss":0.0,"damage_taken":0.0}],"is_beta":false,"boss_relics":[{"not_picked":["Snecko Eye","theSenshi:MoonKaleidoScopeRelic"],"picked":"Busted Crown"},{"not_picked":["Runic Pyramid","Velvet Choker"],"picked":"Golden_Hairpin"}],"items_purged_floors":[0,0,0,0,0,0,0,0,19,19,19,19,19,19,45],"is_endless":false,"potions_floor_spawned":[1,7,10,14,18,21,24,27,28,29,30,31,33,35,36,37,38,39,40,42,44,48,54],"ascension_level":7}}