{"host":"nox","time":1608360706,"event":{"mods":["Aspiration","BaseMod","Better Third Choice","Colored Powertips","Conspire","Hubris","Infinite Spire","Minty Spire (QoL Compilation)","Quick Restart","Rare Cards Sparkle","Replay The Spire","Shop Mod","Spikes Relics","StSLib","SuperFastMode","The Alterego","vexMod"],"gold_per_floor":[119,194,209,223,233,248,281,300,300,300,332,344,344,344],"floor_reached":13,"playtime":333,"items_purged":[],"score":99,"play_id":"12019e46-f437-4e6b-8c04-99120e7bd1c2","local_time":"20201219135146","is_ascension_mode":false,"campfire_choices":[],"circlet_count":0,"master_deck":["Strike_B","Strike_B","Strike_B","Strike_B","Defend_B","Defend_B","Defend_B","Defend_B","Zap","Dualcast","Rebound","Conserve Battery","Gash","Go for the Eyes","Self Repair","Ball Lightning","Lockon"],"relics":["Runic Dome","Girya","Tiny Chest"],"acts_visited":["Exordium"],"potions_floor_usage":[7,7,11],"damage_taken":[{"damage":1.0,"enemies":"Cultist","floor":1.0,"turns":3.0},{"damage":3.0,"enemies":"2 Louse","floor":3.0,"turns":2.0},{"damage":6,"enemies":"Jaw Worm","floor":4,"turns":2},{"damage":5,"enemies":"Looter","floor":5,"turns":3},{"damage":6,"enemies":"Exordium Wildlife","floor":6,"turns":4},{"damage":27,"enemies":"Gremlin Nob","floor":7,"turns":5},{"damage":0,"enemies":"3 Louse","floor":8,"turns":3},{"damage":19,"enemies":"3 Sentries","floor":11,"turns":7},{"damage":7,"enemies":"Blue Slaver","floor":12,"turns":3},{"damage":16,"enemies":"Lagavulin","floor":13,"turns":3}],"seed_played":"-325034452297771485","potions_obtained":[{"floor":1.0,"key":"SteroidPotion"},{"floor":3.0,"key":"Weak Potion"},{"floor":7,"key":"Block Potion"},{"floor":8,"key":"Energy Potion"}],"is_trial":false,"path_per_floor":["M","?","M","M","M","M","E","M","T","T","E","M","E"],"character_chosen":"DEFECT","items_purchased":[],"campfire_rested":0,"item_purchase_floors":[],"current_hp_per_floor":[74,67,64,58,53,47,27,34,34,34,22,15,0,0],"gold":344,"neow_bonus":"BOSS_RELIC","is_daily":false,"chose_seed":false,"campfire_upgraded":0,"win_rate":0.0,"timestamp":1608360706,"path_taken":["M","?","?","M","M","M","E","M","T","?","E","M","E"],"items_purchased_type":[],"build_version":"2020-11-17","purchased_purges":0,"victory":false,"max_hp_per_floor":[75,75,75,75,75,75,75,75,75,75,75,75,75,75],"card_choices":[{"not_picked":["ReplaySort","Stack"],"picked":"Rebound","floor":1.0},{"not_picked":["ReplayTheSpireMod:Repulse","Cold Snap"],"picked":"Conserve Battery","floor":3.0},{"not_picked":["Cold Snap","hubris:SpecializedCircuitry"],"picked":"Gash","floor":4},{"not_picked":["Heatsinks","Static Discharge"],"picked":"Go for the Eyes","floor":5},{"not_picked":["Scrape","Barrage"],"picked":"Self Repair","floor":6},{"not_picked":["Genetic Algorithm","Cold Snap"],"picked":"Ball Lightning","floor":7},{"not_picked":["Coolheaded","Cold Snap","Reinforced Body"],"picked":"SKIP","floor":8},{"not_picked":["Rebound","Compile Driver","Hyperbeam"],"picked":"SKIP","floor":11},{"not_picked":["Leap","Beam Cell"],"picked":"Lockon","floor":12}],"player_experience":191261,"relics_obtained":[{"floor":9,"key":"Girya"},{"floor":11,"key":"Tiny Chest"}],"event_choices":[{"damage_healed":0.0,"max_hp_gain":0.0,"max_hp_loss":0.0,"gold_gain":75.0,"event_name":"FaceTrader","player_choice":"Touch","floor":2.0,"gold_loss":0.0,"damage_taken":7.0}],"is_beta":true,"boss_relics":[],"items_purged_floors":[],"is_endless":false,"potions_floor_spawned":[1,3,7,8],"killed_by":"Lagavulin","ascension_level":0}}