{"host":"atc9njsbcy6dgluf","time":1608400372,"event":{"mods":["BaseMod","Jorbs\u0027s Wanderer Trilogy","Minty Spire (QoL Compilation)","StSLib"],"gold_per_floor":[113,141,160,171,199,274,307,12,12,42,76,76,76,105,105,200,200,223,247,247,270,270,298,298,298,325,325,344,356,395,425,425,527,527,540,540,540,550,159,184,184,208,208,218,43,62,62,89,89,89,89,89,4,49,59],"floor_reached":56,"playtime":7775,"items_purged":["Pain","stsjorbsmod:Defend_Wanderer"],"score":1307,"play_id":"20a775aa-dab0-4083-a3dd-cdab0312e89d","local_time":"20201219185252","is_ascension_mode":true,"campfire_choices":[{"data":"stsjorbsmod:BookOfTongues","floor":15.0,"key":"SMITH"},{"data":"stsjorbsmod:Defend_Wanderer","floor":24,"key":"PURGE"},{"data":"stsjorbsmod:Strike_Wanderer","floor":27,"key":"PURGE"},{"floor":32,"key":"REST"},{"floor":41,"key":"RECALL"},{"data":"stsjorbsmod:Defend_Wanderer","floor":49,"key":"PURGE"},{"data":"stsjorbsmod:MirrorImage","floor":52,"key":"SMITH"}],"circlet_count":0,"master_deck":["stsjorbsmod:ForbiddenGrimoire+1","stsjorbsmod:Strike_Wanderer+1","stsjorbsmod:FreshAdventure+1","stsjorbsmod:EyeOfTheStorm+1","stsjorbsmod:Banish","stsjorbsmod:ArcaneWeapon+1","stsjorbsmod:MageArmor+1","stsjorbsmod:WanderingMind","stsjorbsmod:ChainLightning","stsjorbsmod:ScorchingRay","stsjorbsmod:TollTheDead","stsjorbsmod:BookOfTongues+1","stsjorbsmod:ArcaneForm+1","stsjorbsmod:Prestidigitation+1","stsjorbsmod:Introspection+1","stsjorbsmod:FindFamiliar+1","stsjorbsmod:MistyStep+1","stsjorbsmod:MirrorImage+1","stsjorbsmod:Feast","stsjorbsmod:Thorns+1","stsjorbsmod:FranticSearch+1","Sadistic Nature","stsjorbsmod:BurningFlask+1","stsjorbsmod:MageArmor+1","stsjorbsmod:Withdraw+1","PanicButton+1"],"relics":["stsjorbsmod:GrimoireRelic","Sundial","stsjorbsmod:MindPalaceRelic","Incense Burner","stsjorbsmod:MindGlassRelic","Runic Pyramid","Peace Pipe","Centennial Puzzle","Oddly Smooth Stone","Coffee Dripper","WarpedTongs","MealTicket","Toxic Egg 2","Mango","TungstenRod","Calipers"],"acts_visited":["Exordium","TheCity","TheBeyond","TheEnding"],"potions_floor_usage":[23,23,30,33,40,44,44,46,54],"damage_taken":[{"damage":0.0,"enemies":"Cultist","floor":1.0,"turns":4.0},{"damage":6.0,"enemies":"Jaw Worm","floor":2.0,"turns":5.0},{"damage":9.0,"enemies":"2 Louse","floor":3.0,"turns":7.0},{"damage":2.0,"enemies":"Red Slaver","floor":4.0,"turns":6.0},{"damage":5.0,"enemies":"2 Fungi Beasts","floor":5.0,"turns":5.0},{"damage":6.0,"enemies":"Lagavulin","floor":7.0,"turns":7.0},{"damage":8.0,"enemies":"Gremlin Nob","floor":10.0,"turns":5.0},{"damage":0.0,"enemies":"Large Slime","floor":11.0,"turns":5.0},{"damage":1.0,"enemies":"Looter","floor":14.0,"turns":4.0},{"damage":35.0,"enemies":"Hexaghost","floor":16.0,"turns":6.0},{"damage":3,"enemies":"Chosen","floor":18,"turns":4},{"damage":1,"enemies":"Shell Parasite","floor":21,"turns":6},{"damage":46,"enemies":"Slavers","floor":23,"turns":5},{"damage":8,"enemies":"Snake Plant","floor":28,"turns":3},{"damage":0,"enemies":"Snecko","floor":29,"turns":4},{"damage":16,"enemies":"Centurion and Healer","floor":30,"turns":5},{"damage":28,"enemies":"Gremlin Leader","floor":31,"turns":7},{"damage":32,"enemies":"Collector","floor":33,"turns":7},{"damage":0,"enemies":"Orb Walker","floor":35,"turns":4},{"damage":25,"enemies":"3 Darklings","floor":38,"turns":3},{"damage":20,"enemies":"Reptomancer","floor":40,"turns":5},{"damage":51,"enemies":"Writhing Mass","floor":42,"turns":4},{"damage":0,"enemies":"Jaw Worm Horde","floor":44,"turns":2},{"damage":13,"enemies":"Spire Growth","floor":46,"turns":5},{"damage":15,"enemies":"Giant Head","floor":48,"turns":6},{"damage":18,"enemies":"Donu and Deca","floor":50,"turns":6},{"damage":1,"enemies":"Shield and Spear","floor":54,"turns":5},{"damage":22,"enemies":"The Heart","floor":55,"turns":6}],"seed_played":"-618956211076284857","potions_obtained":[{"floor":4.0,"key":"LiquidBronze"},{"floor":10.0,"key":"FairyPotion"},{"floor":16.0,"key":"PowerPotion"},{"floor":28,"key":"FearPotion"},{"floor":29,"key":"Swift Potion"},{"floor":31,"key":"SkillPotion"},{"floor":33,"key":"Energy Potion"},{"floor":38,"key":"ColorlessPotion"},{"floor":42,"key":"Energy Potion"},{"floor":48,"key":"Dexterity Potion"}],"is_trial":false,"path_per_floor":["M","M","M","M","M","?","E","$","T","E","M","?","?","M","R","B",null,"M","T","?","M","?","E","R","?","T","R","M","M","M","E","R","B",null,"M","?","?","M","$","E","R","M","T","M","$","M","?","E","R","B",null,"R","$","E","B",null],"character_chosen":"WANDERER","items_purchased":["stsjorbsmod:MindPalaceRelic","MealTicket","Sadistic Nature","Regen Potion","PanicButton+1"],"campfire_rested":1,"item_purchase_floors":[8,39,39,45,53],"current_hp_per_floor":[68,65,56,57,57,46,40,40,40,34,36,22,80,80,80,47,80,80,80,80,80,80,39,39,39,39,39,36,44,35,7,31,23,80,82,82,82,65,65,53,53,12,26,38,53,65,65,59,59,56,112,112,112,112,104],"gold":59,"neow_bonus":"TRANSFORM_CARD","is_daily":false,"chose_seed":false,"campfire_upgraded":2,"win_rate":0.0,"timestamp":1608400372,"path_taken":["M","M","M","M","?","?","E","$","T","E","M","?","?","M","R","BOSS","M","?","?","M","?","E","R","?","T","R","M","M","M","E","R","BOSS","M","?","?","M","$","E","R","?","T","M","$","M","?","E","R","BOSS","R","$","E","BOSS"],"items_purchased_type":["Relic","Relic","Card","Potion","Card"],"build_version":"2020-12-13","purchased_purges":2,"victory":true,"max_hp_per_floor":[68,68,68,68,70,70,70,70,70,70,70,70,80,80,80,80,80,80,80,80,80,80,80,80,80,80,80,80,80,80,80,80,80,80,82,82,82,84,84,84,84,86,100,106,106,108,108,108,108,112,112,112,112,112,114],"card_choices":[{"not_picked":["stsjorbsmod:BurningFlask","stsjorbsmod:Channel"],"picked":"stsjorbsmod:ArcaneWeapon","floor":1.0},{"not_picked":["stsjorbsmod:Prestidigitation","stsjorbsmod:AnimateObjects"],"picked":"stsjorbsmod:MageArmor","floor":2.0},{"not_picked":["stsjorbsmod:Introspection","stsjorbsmod:WeightOfMemory"],"picked":"stsjorbsmod:WanderingMind","floor":3.0},{"not_picked":["stsjorbsmod:DoubleCheck","stsjorbsmod:DisguiseSelf"],"picked":"stsjorbsmod:ChainLightning","floor":4.0},{"not_picked":["stsjorbsmod:Firebolt","stsjorbsmod:Index"],"picked":"stsjorbsmod:ScorchingRay","floor":5.0},{"not_picked":["stsjorbsmod:Firebolt","stsjorbsmod:ChatteringStrike"],"picked":"stsjorbsmod:HoldMonster","floor":7.0},{"not_picked":["stsjorbsmod:RayOfFrost","stsjorbsmod:Mindworm"],"picked":"stsjorbsmod:TollTheDead","floor":10.0},{"not_picked":["stsjorbsmod:Patron","stsjorbsmod:FracturedMind","stsjorbsmod:WanderingMind"],"picked":"SKIP","floor":11.0},{"not_picked":["stsjorbsmod:Patron","stsjorbsmod:FracturedMind","stsjorbsmod:WanderingMind"],"picked":"SKIP","floor":11.0},{"not_picked":["stsjorbsmod:Patron","stsjorbsmod:FracturedMind","stsjorbsmod:WanderingMind"],"picked":"SKIP","floor":11.0},{"not_picked":["stsjorbsmod:MagicMirror","stsjorbsmod:Index"],"picked":"stsjorbsmod:BookOfTongues","floor":14.0},{"not_picked":["stsjorbsmod:SiphonEnergy","stsjorbsmod:CorrodingBarrier"],"picked":"stsjorbsmod:ArcaneForm","floor":16.0},{"not_picked":["stsjorbsmod:FranticSearch","stsjorbsmod:AnimateObjects+1"],"picked":"stsjorbsmod:Prestidigitation","floor":18},{"not_picked":["stsjorbsmod:Materialize","stsjorbsmod:WeightOfMemory","stsjorbsmod:Index"],"picked":"SKIP","floor":21},{"not_picked":["stsjorbsmod:BookOfTongues","stsjorbsmod:ParryingBlow"],"picked":"stsjorbsmod:Introspection+1","floor":23},{"not_picked":["stsjorbsmod:BlackTentacles","stsjorbsmod:Firebolt"],"picked":"stsjorbsmod:FindFamiliar","floor":28},{"not_picked":["stsjorbsmod:RayOfFrost","stsjorbsmod:Patron","stsjorbsmod:Prestidigitation"],"picked":"SKIP","floor":29},{"not_picked":["stsjorbsmod:MagicMissiles","stsjorbsmod:WeightOfMemory+1"],"picked":"stsjorbsmod:MistyStep","floor":30},{"not_picked":["stsjorbsmod:RayOfFrost","stsjorbsmod:ArcaneWeapon+1"],"picked":"stsjorbsmod:MirrorImage","floor":31},{"not_picked":["stsjorbsmod:Determination","stsjorbsmod:Banish"],"picked":"stsjorbsmod:Feast","floor":33},{"not_picked":["stsjorbsmod:Hurt","stsjorbsmod:DoubleCheck"],"picked":"stsjorbsmod:Thorns+1","floor":35},{"not_picked":["stsjorbsmod:Materialize","stsjorbsmod:AnimateObjects"],"picked":"stsjorbsmod:FranticSearch+1","floor":38},{"not_picked":["stsjorbsmod:ChainLightning+1","stsjorbsmod:TrueStrike+1"],"picked":"stsjorbsmod:BurningFlask+1","floor":40},{"not_picked":["stsjorbsmod:TinyHut","stsjorbsmod:TrueStrike"],"picked":"stsjorbsmod:MageArmor+1","floor":42},{"not_picked":["stsjorbsmod:Hurt","stsjorbsmod:FindFamiliar","stsjorbsmod:RayOfFrost"],"picked":"SKIP","floor":44},{"not_picked":["stsjorbsmod:Prepare+1","stsjorbsmod:FracturedMind+1","stsjorbsmod:Prestidigitation+1"],"picked":"SKIP","floor":46},{"not_picked":["stsjorbsmod:Hurt","stsjorbsmod:WanderingMind+1"],"picked":"stsjorbsmod:Withdraw+1","floor":48},{"not_picked":["stsjorbsmod:ScorchingRay+1","stsjorbsmod:TinyHut","stsjorbsmod:DoubleCheck+1"],"picked":"SKIP","floor":54}],"player_experience":567140,"relics_obtained":[{"floor":7.0,"key":"Sundial"},{"floor":9.0,"key":"Incense Burner"},{"floor":10.0,"key":"stsjorbsmod:MindGlassRelic"},{"floor":23,"key":"Peace Pipe"},{"floor":26,"key":"Centennial Puzzle"},{"floor":31,"key":"Oddly Smooth Stone"},{"floor":40,"key":"Toxic Egg 2"},{"floor":43,"key":"Mango"},{"floor":48,"key":"TungstenRod"},{"floor":54,"key":"Calipers"}],"event_choices":[{"damage_healed":0.0,"max_hp_gain":0.0,"max_hp_loss":0.0,"gold_gain":75.0,"event_name":"World of Goop","player_choice":"Gather Gold","floor":6.0,"gold_loss":0.0,"damage_taken":11.0},{"damage_healed":0.0,"max_hp_gain":0.0,"max_hp_loss":0.0,"gold_gain":0.0,"event_name":"Shining Light","player_choice":"Entered Light","floor":12.0,"gold_loss":0.0,"damage_taken":14.0,"cards_upgraded":["stsjorbsmod:FreshAdventure","stsjorbsmod:HoldMonster"]},{"cards_removed":["stsjorbsmod:HoldMonster"],"damage_healed":48.0,"max_hp_gain":10.0,"max_hp_loss":0.0,"gold_gain":0.0,"event_name":"Bonfire Elementals","player_choice":"Offered Rare","floor":13.0,"gold_loss":0.0,"damage_taken":0.0},{"cards_removed":["stsjorbsmod:Strike_Wanderer"],"damage_healed":0,"gold_gain":0,"player_choice":"Elegance","damage_taken":0,"max_hp_gain":0,"max_hp_loss":0,"event_name":"Back to Basics","floor":20,"gold_loss":0},{"damage_healed":0,"gold_gain":0,"player_choice":"Ignored","damage_taken":0,"max_hp_gain":0,"max_hp_loss":0,"event_name":"Ghosts","floor":22,"gold_loss":0},{"damage_healed":0,"gold_gain":0,"player_choice":"Ignored","damage_taken":0,"max_hp_gain":0,"max_hp_loss":0,"event_name":"Cursed Tome","floor":25,"gold_loss":0},{"damage_healed":0,"gold_gain":0,"player_choice":"Ignored","damage_taken":0,"max_hp_gain":0,"max_hp_loss":0,"event_name":"Tomb of Lord Red Mask","floor":36,"gold_loss":0},{"damage_healed":0,"gold_gain":0,"player_choice":"Rummage","damage_taken":0,"relics_obtained":["WarpedTongs"],"max_hp_gain":0,"max_hp_loss":0,"event_name":"Accursed Blacksmith","floor":37,"gold_loss":0,"cards_obtained":["Pain"]},{"cards_removed":["stsjorbsmod:Strike_Wanderer"],"damage_healed":0,"gold_gain":0,"player_choice":"Removed Attack","damage_taken":0,"max_hp_gain":0,"max_hp_loss":0,"event_name":"Falling","floor":47,"gold_loss":0}],"is_beta":false,"boss_relics":[{"not_picked":["Pandora\u0027s Box","Snecko Eye"],"picked":"Runic Pyramid"},{"not_picked":["SlaversCollar","Astrolabe"],"picked":"Coffee Dripper"}],"items_purged_floors":[39,45],"is_endless":false,"potions_floor_spawned":[4,10,16,28,29,31,33,38,42,48],"ascension_level":1}}