{"host":"bxn2em57qlx5u4i0","time":1608412700,"event":{"mods":["BaseMod","Colored Map","Colored Powertips","Highlight Path","Minty Spire (QoL Compilation)","Random Character Button","Relic Sorter","Relic Stats","StSLib","SuperFastMode"],"gold_per_floor":[111,36,36,36,49,78,91,91,142,175,175,175,209,223,223,223,223],"floor_reached":16,"playtime":301,"items_purged":["Strike_G"],"score":286,"play_id":"d2652418-f015-491b-8fbe-78ca24929502","local_time":"20201219161820","is_ascension_mode":true,"campfire_choices":[{"data":"Crippling Poison","floor":8,"key":"SMITH"},{"data":"Poisoned Stab","floor":11,"key":"SMITH"},{"data":"Calculated Gamble","floor":15,"key":"SMITH"}],"circlet_count":0,"master_deck":["AscendersBane","Strike_G","Strike_G","Strike_G","Defend_G","Defend_G","Defend_G","Defend_G","Defend_G","Survivor","Neutralize","Quick Slash","Poisoned Stab+1","Crippling Poison+1","Calculated Gamble+1","Backflip"],"relics":["Ring of the Snake","NeowsBlessing","Anchor","MealTicket","Smiling Mask","Golden Idol","Tough Bandages"],"acts_visited":["Exordium"],"potions_floor_usage":[13,16],"damage_taken":[{"damage":0,"enemies":"Cultist","floor":1,"turns":1},{"damage":0,"enemies":"Jaw Worm","floor":5,"turns":1},{"damage":0,"enemies":"Lagavulin","floor":6,"turns":1},{"damage":0,"enemies":"2 Louse","floor":7,"turns":2},{"damage":18,"enemies":"3 Sentries","floor":10,"turns":11},{"damage":22,"enemies":"Lagavulin","floor":13,"turns":8},{"damage":0,"enemies":"Blue Slaver","floor":14,"turns":3},{"damage":28,"enemies":"Slime Boss","floor":16,"turns":8}],"seed_played":"7638066380914070020","potions_obtained":[{"floor":1,"key":"Dexterity Potion"},{"floor":7,"key":"Block Potion"},{"floor":10,"key":"Fire Potion"}],"is_trial":false,"path_per_floor":["M","$","?","?","M","E","M","R","T","E","R","?","E","M","R","B"],"character_chosen":"THE_SILENT","items_purchased":[],"campfire_rested":0,"item_purchase_floors":[],"current_hp_per_floor":[59,59,59,59,59,59,59,59,59,41,41,41,19,19,19,0,0],"gold":223,"neow_bonus":"THREE_ENEMY_KILL","is_daily":false,"chose_seed":false,"campfire_upgraded":3,"win_rate":0.0,"timestamp":1608412700,"path_taken":["M","$","?","?","?","E","?","R","T","E","R","?","E","M","R","BOSS"],"items_purchased_type":[],"build_version":"2020-12-13","purchased_purges":1,"victory":false,"max_hp_per_floor":[66,66,66,66,66,66,66,66,66,66,66,60,60,60,60,60,60],"relic_stats":{"Tough Bandages":[54],"counters":[8,35],"Golden Idol":10,"MealTicket":0,"Smiling Mask":0,"obtain_stats":[{"Anchor":6,"Tough Bandages":13,"NeowsBlessing":0,"Golden Idol":12,"MealTicket":9,"Smiling Mask":10,"Ring of the Snake":0},{"Anchor":3,"Tough Bandages":6,"NeowsBlessing":0,"Golden Idol":5,"MealTicket":4,"Smiling Mask":5,"Ring of the Snake":0},{"Anchor":3,"Tough Bandages":24,"NeowsBlessing":0,"Golden Idol":16,"MealTicket":5,"Smiling Mask":16,"Ring of the Snake":0}],"Ring of the Snake":[16]},"card_choices":[{"not_picked":["Bane","Tactician"],"picked":"Quick Slash","floor":1},{"not_picked":["PiercingWail","Dodge and Roll"],"picked":"Poisoned Stab","floor":5},{"not_picked":["Outmaneuver","Die Die Die"],"picked":"Crippling Poison","floor":6},{"not_picked":["Expertise","Endless Agony"],"picked":"Calculated Gamble","floor":7},{"not_picked":["Accuracy","Calculated Gamble"],"picked":"Backflip","floor":10},{"not_picked":["Cloak And Dagger","Riddle With Holes","Masterful Stab"],"picked":"SKIP","floor":13},{"not_picked":["Bouncing Flask","Underhanded Strike","Escape Plan"],"picked":"SKIP","floor":14}],"player_experience":2822370,"relics_obtained":[{"floor":6,"key":"Anchor"},{"floor":9,"key":"MealTicket"},{"floor":10,"key":"Smiling Mask"},{"floor":13,"key":"Tough Bandages"}],"event_choices":[{"damage_healed":0,"gold_gain":0,"player_choice":"Leave","damage_taken":0,"max_hp_gain":0,"max_hp_loss":0,"event_name":"The Cleric","floor":3,"gold_loss":0},{"cards_removed":["Strike_G"],"damage_healed":0,"gold_gain":0,"player_choice":"Purged","damage_taken":0,"max_hp_gain":0,"max_hp_loss":0,"event_name":"Purifier","floor":4,"gold_loss":0},{"damage_healed":0,"gold_gain":0,"player_choice":"Lose Max HP","damage_taken":0,"relics_obtained":["Golden Idol"],"max_hp_gain":0,"max_hp_loss":6,"event_name":"Golden Idol","floor":12,"gold_loss":0}],"is_beta":false,"boss_relics":[],"items_purged_floors":[2],"is_endless":false,"potions_floor_spawned":[1,7,10],"killed_by":"Slime Boss","ascension_level":20}}