{"host":"usewcu4ohw2wtmxk","time":1608348970,"event":{"mods":["AchievementEnabler","BaseMod","Colored Powertips","Minty Spire (QoL Compilation)","Permanent Neow","Quick Restart","Relic Stats","StSLib"],"gold_per_floor":[112,112,132,207,207,207,230,266,330,342,342],"floor_reached":10,"playtime":159,"items_purged":[],"score":69,"play_id":"aca7f155-6c6f-407a-9145-ec603d6edd3b","local_time":"20201219113610","is_ascension_mode":true,"campfire_choices":[{"data":"Coolheaded","floor":6.0,"key":"SMITH"}],"circlet_count":0,"master_deck":["Strike_B","Strike_B","Strike_B","Strike_B","Defend_B","Defend_B","Defend_B","Defend_B","Zap","Dualcast","Electrodynamics","Coolheaded+1","Glacier"],"relics":["Cracked Core","Golden Idol","MawBank","Omamori"],"acts_visited":["Exordium"],"potions_floor_usage":[8,8],"damage_taken":[{"damage":7.0,"enemies":"Small Slimes","floor":1.0,"turns":3.0},{"damage":0.0,"enemies":"2 Louse","floor":3.0,"turns":2.0},{"damage":3.0,"enemies":"Jaw Worm","floor":7.0,"turns":4.0},{"damage":21,"enemies":"Lagavulin","floor":8,"turns":7},{"damage":33,"enemies":"Gremlin Nob","floor":10,"turns":3}],"seed_played":"-1100715396285045964","potions_obtained":[{"floor":1.0,"key":"PotionOfCapacity"},{"floor":3.0,"key":"SteroidPotion"}],"is_trial":false,"path_per_floor":["M","?","M","?","?","R","M","E","T","E"],"character_chosen":"DEFECT","items_purchased":[],"campfire_rested":0,"item_purchase_floors":[],"current_hp_per_floor":[61,44,44,33,33,33,30,9,9,0,0],"gold":342,"neow_bonus":"THREE_RARE_CARDS","is_daily":false,"chose_seed":false,"campfire_upgraded":1,"win_rate":0.0,"timestamp":1608348970,"path_taken":["M","?","M","?","?","R","M","E","T","E"],"items_purchased_type":[],"build_version":"2020-12-13","purchased_purges":0,"victory":false,"max_hp_per_floor":[68,68,68,68,68,68,68,68,68,68,68],"relic_stats":{"counters":[5,19],"Golden Idol":16,"MawBank":24,"obtain_stats":[{"Golden Idol":2,"Omamori":9,"Cracked Core":0,"MawBank":8},{"Golden Idol":1,"Omamori":4,"Cracked Core":0,"MawBank":4},{"Golden Idol":3,"Omamori":16,"Cracked Core":0,"MawBank":16}]},"card_choices":[{"not_picked":["Rainbow","Creative AI"],"picked":"Electrodynamics","floor":0.0},{"not_picked":["Auto Shields","Beam Cell"],"picked":"Coolheaded","floor":1.0},{"not_picked":["Gash","Barrage","Heatsinks"],"picked":"SKIP","floor":3.0},{"not_picked":["Sweeping Beam","Stack","Rip and Tear"],"picked":"SKIP","floor":7.0},{"not_picked":["Buffer","Steam Power"],"picked":"Glacier","floor":8}],"player_experience":212842,"relics_obtained":[{"floor":8,"key":"MawBank"},{"floor":9,"key":"Omamori"}],"event_choices":[{"damage_healed":0.0,"max_hp_gain":0.0,"max_hp_loss":0.0,"gold_gain":0.0,"event_name":"Golden Idol","player_choice":"Take Damage","floor":2.0,"gold_loss":0.0,"damage_taken":17.0,"relics_obtained":["Golden Idol"]},{"damage_healed":0.0,"max_hp_gain":0.0,"max_hp_loss":0.0,"gold_gain":75.0,"event_name":"World of Goop","player_choice":"Gather Gold","floor":4.0,"gold_loss":0.0,"damage_taken":11.0},{"damage_healed":0.0,"max_hp_gain":0.0,"max_hp_loss":0.0,"gold_gain":0.0,"event_name":"Shining Light","player_choice":"Ignored","floor":5.0,"gold_loss":0.0,"damage_taken":0.0}],"is_beta":false,"boss_relics":[],"items_purged_floors":[],"is_endless":false,"potions_floor_spawned":[1,3],"killed_by":"Gremlin Nob","ascension_level":1}}