{"host":"vh33hu3wddwn6yt6","time":1608395225,"event":{"mods":["AchievementEnabler","Act Like it!","Aspiration","BaseMod","Better Altar","Better Match","Better Note","Better Sensory Stone","Better Skull","Better Third Choice","BetterRewards","Downfall","Hubris","Minty Spire (QoL Compilation)","Permanent Neow","Replay The Spire","Shade Mod","Shop Mod","Spicy Shops","StSLib","SuperFastMode","The Blackbeard","The Necromancer","The Poker Player","The Servant 0.9.4","TheBandit","UnlockEverythingMod","Wandering Minibosses"],"gold_per_floor":[349,274,293,306,335,260,328,360,210,242,242,31,16,166,186,291,291,291,301,301,301,316,351,351,351,378,378,378,64,132,132,152,251,251,251,264,284,297,325,356,391,430,461,507,569,593,605,635,660,672],"floor_reached":51,"playtime":1980,"items_purged":[],"score":1165,"play_id":"ab069c8f-3926-4a5e-a384-a988df57c1e9","local_time":"20201219172705","is_ascension_mode":true,"campfire_choices":[{"floor":1.0,"key":"RECALL"},{"floor":6.0,"key":"REST"},{"data":"expansioncontent:QuickStudy","floor":9.0,"key":"SMITH"},{"floor":18.0,"key":"DIG"},{"data":"Shade:AnimateDead","floor":21.0,"key":"SMITH"},{"data":"Shade:Bonestorm","floor":25,"key":"SMITH"},{"data":"Shade:FleshToFlesh","floor":27,"key":"SMITH"},{"data":"Shade:SpectralStrikes","floor":35,"key":"SMITH"}],"circlet_count":0,"master_deck":["Shade:Strike_Shade","Shade:Strike_Shade","Shade:Strike_Shade","Shade:Strike_Shade","Shade:Defend_Shade","Shade:Defend_Shade","Shade:Defend_Shade","Shade:Defend_Shade","Shade:AnimateDead+1","Shade:CarefulCut","expansioncontent:QuickStudy+1","Shade:FleshLikeOak","Shade:FleshToFlesh","Shade:FreshBones","Shade:Bonestorm+1","Slimebound:Icky","Shade:FreshBones","Shade:FuneraryJewels+1","Shade:FleshToFlesh+1","Shade:LoseControl","Shade:Carnophage","Shade:Bonestorm+1","Shade:SpectralStrikes+1","Shade:FleshToFlesh+1","Shade:OpenGraves+1"],"relics":["Shade:YorickSkull","Du-Vu Doll","downfall:HeartBlessingRed","downfall:HeartBlessingGreen","downfall:HeartBlessingBlue","Eternal Feather","aspiration:Nostalgia","Vampire_Amulet","Black Star","Regal Pillow","Bronze Scales","Replay:Bottled Steam","Strawberry","hubris:MysteriousPyramids","Juzu Bracelet","Vajra","aspiration:Lifesprig","Busted Crown","MawBank","Golden Egg","Lantern","Replay:Multitool","hubris:Spice","StoneCalendar","TungstenRod","hubris:Zylophone"],"acts_visited":["Exordium","TheCity","TheBeyond"],"potions_floor_usage":[26,26,29,29,33,38,50],"damage_taken":[{"damage":0.0,"enemies":"Small Slimes","floor":3.0,"turns":3.0},{"damage":0.0,"enemies":"Cultist","floor":4.0,"turns":3.0},{"damage":12.0,"enemies":"Lagavulin","floor":5.0,"turns":6.0},{"damage":3.0,"enemies":"Gremlin Nob","floor":8.0,"turns":5.0},{"damage":0.0,"enemies":"Lagavulin","floor":10.0,"turns":5.0},{"damage":0.0,"enemies":"downfall:FleeingMerchant","floor":12.0,"turns":4.0},{"damage":3.0,"enemies":"downfall:FleeingMerchant","floor":13.0,"turns":4.0},{"damage":0.0,"enemies":"2 Louse","floor":15.0,"turns":3.0},{"damage":6.0,"enemies":"downfall:Silent","floor":16.0,"turns":8.0},{"damage":0.0,"enemies":"3 Byrds","floor":19.0,"turns":4.0},{"damage":0,"enemies":"Spheric Guardian","floor":22,"turns":3},{"damage":0,"enemies":"Replay:Snechameleon","floor":23,"turns":7},{"damage":7,"enemies":"Book of Stabbing","floor":26,"turns":6},{"damage":0,"enemies":"downfall:FleeingMerchant","floor":29,"turns":4},{"damage":0,"enemies":"Chosen and Byrds","floor":32,"turns":5},{"damage":0,"enemies":"downfall:Defect","floor":33,"turns":8},{"damage":0,"enemies":"3 Shapes","floor":36,"turns":5},{"damage":2,"enemies":"Orb Walker","floor":37,"turns":4},{"damage":0,"enemies":"3 Darklings","floor":38,"turns":4},{"damage":21,"enemies":"Reptomancer","floor":39,"turns":6},{"damage":0,"enemies":"Transient","floor":40,"turns":5},{"damage":0,"enemies":"Giant Head","floor":42,"turns":12},{"damage":0,"enemies":"Sphere and 2 Shapes","floor":43,"turns":4},{"damage":0,"enemies":"R_Hoarder","floor":44,"turns":8},{"damage":0,"enemies":"Mind Bloom Boss Battle","floor":45,"turns":6},{"damage":1,"enemies":"Writhing Mass","floor":46,"turns":5},{"damage":11,"enemies":"Spire Growth","floor":48,"turns":5},{"damage":0,"enemies":"Maw","floor":49,"turns":7},{"damage":0,"enemies":"downfall:Watcher","floor":50,"turns":7}],"seed_played":"4067079675544125322","potions_obtained":[{"floor":5.0,"key":"Cursed Concoction"},{"floor":10.0,"key":"SpeedPotion"},{"floor":15.0,"key":"Fire Potion"},{"floor":23,"key":"EntropicBrew"},{"floor":26,"key":"Energy Potion"},{"floor":30,"key":"SneckoOil"},{"floor":33,"key":"Energy Potion"},{"floor":38,"key":"Milkshake"},{"floor":40,"key":"Regen Potion"},{"floor":44,"key":"Milkshake"}],"is_trial":false,"path_per_floor":["R","?","M","M","E","R","T","E","R","E","?","$","$","?","M","B",null,"R","M","?","R","M","E","T","R","E","R","?","$","?","?","M","B",null,"R","M","M","M","E","M","T","E","M","E","?","M","?","M","M","B",null],"character_chosen":"SHADE","items_purchased":["Shade:Bonestorm","aspiration:Nostalgia","Juzu Bracelet","Vajra"],"campfire_rested":1,"item_purchase_floors":[12,12,29,29],"current_hp_per_floor":[47,47,47,47,35,54,54,51,61,61,66,66,63,63,67,63,80,80,80,80,80,80,80,87,87,82,87,87,87,87,87,87,87,87,87,87,87,87,70,72,72,82,88,90,92,93,93,84,86,88],"gold":684,"neow_bonus":"TWO_FIFTY_GOLD","is_daily":false,"chose_seed":false,"campfire_upgraded":5,"win_rate":0.0,"timestamp":1608395225,"path_taken":["R","?","M","M","E","R","T","E","R","E","?","$","$","?","M","BOSS","R","M","?","R","M","E","T","R","E","R","?","$","?","?","M","BOSS","R","M","M","M","E","M","T","E","M","E","?","M","?","M","M","BOSS"],"items_purchased_type":["Card","Relic","Relic","Relic"],"build_version":"2020-12-13","purchased_purges":0,"victory":true,"max_hp_per_floor":[65,65,65,65,65,65,65,65,75,75,80,80,80,80,80,80,80,80,80,80,80,80,80,87,87,87,87,87,87,87,87,87,87,87,87,87,87,87,87,87,87,95,95,95,95,95,95,95,95,95],"card_choices":[{"not_picked":["Midas Touch","Metamorphosis"],"picked":"expansioncontent:QuickStudy","floor":2.0},{"not_picked":["Shade:FeralStrike","Shade:Frenzy","Shade:GreyBargain"],"picked":"SKIP","floor":3.0},{"not_picked":["Shade:SkeletonHug","Shade:OminousRitual"],"picked":"Shade:FleshLikeOak","floor":4.0},{"not_picked":["Shade:CloudOfShrapnel","Shade:AncientSpear"],"picked":"Shade:FleshToFlesh","floor":5.0},{"not_picked":["Shade:SoulToxin","Shade:MadHubris"],"picked":"Shade:FreshBones","floor":8.0},{"not_picked":["Shade:FleshLikeOak","Shade:TouchOfTheGrave","Shade:AncientSpear"],"picked":"SKIP","floor":10.0},{"not_picked":["Shade:WallOfFlesh","Shade:ExtraLimbs","Shade:ClawBack"],"picked":"SKIP","floor":12.0},{"not_picked":["Shade:RavenousHorde","Shade:FleshLikeOak","Shade:Putrefaction"],"picked":"SKIP","floor":13.0},{"not_picked":["Shade:Bite_Shade","Shade:ExtraLimbs"],"picked":"Shade:FreshBones","floor":15.0},{"not_picked":["Shade:LyeBath","Shade:PotionOfRestlessness"],"picked":"Shade:FuneraryJewels+1","floor":19.0},{"not_picked":["Shade:CoffinDance","Shade:AblativeArmor","Shade:Frenzy"],"picked":"SKIP","floor":22},{"not_picked":["Shade:FreshBones","Shade:Excise+1"],"picked":"Shade:FleshToFlesh","floor":23},{"not_picked":["Shade:Awaken","Shade:CloudOfShrapnel","Shade:FleshLikeOak+1"],"picked":"SKIP","floor":26},{"not_picked":["Shade:DarkOfNight","Shade:CommandSoldier","Shade:FeralStrike"],"picked":"SKIP","floor":29},{"not_picked":["Shade:ClawBack+1","Shade:Awaken+1"],"picked":"Shade:Carnophage","floor":30},{"not_picked":["Shade:FeralStrike","Shade:LoseControl"],"picked":"Shade:Bonestorm","floor":30},{"not_picked":["Shade:CoffinDance","Shade:RitualOffering+1","Shade:ExtraLimbs"],"picked":"SKIP","floor":32},{"not_picked":["Shade:FeralStrike+1"],"picked":"SKIP","floor":36},{"not_picked":[],"picked":"Shade:FleshToFlesh+1","floor":37},{"not_picked":["Shade:ClawBack+1"],"picked":"SKIP","floor":38},{"not_picked":["Shade:CommandSoldier+1"],"picked":"SKIP","floor":39},{"not_picked":["Shade:FuneraryArmor+1"],"picked":"SKIP","floor":40},{"not_picked":["Shade:Haruspicy"],"picked":"SKIP","floor":42},{"not_picked":["Shade:RitualOffering"],"picked":"SKIP","floor":43},{"not_picked":[],"picked":"Shade:OpenGraves+1","floor":44},{"not_picked":["Shade:PoundOfFlesh+1"],"picked":"SKIP","floor":46},{"not_picked":["Shade:ScuttlingHand"],"picked":"SKIP","floor":48},{"not_picked":["Shade:GreyBargain"],"picked":"SKIP","floor":49}],"player_experience":540098,"relics_obtained":[{"floor":5.0,"key":"Du-Vu Doll"},{"floor":8.0,"key":"aspiration:ChemicalBlood"},{"floor":10.0,"key":"Eternal Feather"},{"floor":18.0,"key":"Regal Pillow"},{"floor":23,"key":"Bronze Scales"},{"floor":23,"key":"Replay:Bottled Steam"},{"floor":24,"key":"Strawberry"},{"floor":26,"key":"hubris:MysteriousPyramids"},{"floor":30,"key":"aspiration:Lifesprig"},{"floor":39,"key":"MawBank"},{"floor":39,"key":"Golden Egg"},{"floor":41,"key":"Lantern"},{"floor":42,"key":"Replay:Multitool"},{"floor":42,"key":"hubris:Spice"},{"floor":44,"key":"StoneCalendar"},{"floor":44,"key":"TungstenRod"},{"floor":45,"key":"hubris:Zylophone"}],"event_choices":[{"damage_healed":0.0,"max_hp_gain":0.0,"max_hp_loss":0.0,"gold_gain":0.0,"event_name":"betterMatch:BetterMatch","player_choice":"1","floor":2.0,"gold_loss":0.0,"damage_taken":0.0,"cards_obtained":["betterMatch:ColorlessRareCard"]},{"damage_healed":0.0,"max_hp_gain":5.0,"max_hp_loss":0.0,"gold_gain":0.0,"event_name":"Big Fish","player_choice":"Donut","floor":11.0,"gold_loss":0.0,"damage_taken":0.0},{"damage_healed":0.0,"max_hp_gain":0.0,"max_hp_loss":0.0,"gold_gain":0.0,"event_name":"betterNote:BetterNote","player_choice":"Ignored","floor":20.0,"gold_loss":0.0,"damage_taken":0.0,"cards_obtained":["Defend_S"]},{"damage_healed":0,"gold_gain":0,"player_choice":"Read","damage_taken":0,"max_hp_gain":0,"max_hp_loss":0,"event_name":"The Library","floor":31,"gold_loss":0,"cards_obtained":["Shade:SpectralStrikes"]},{"damage_healed":0,"gold_gain":0,"player_choice":"Upgraded","damage_taken":0,"max_hp_gain":0,"max_hp_loss":0,"event_name":"Upgrade Shrine","floor":47,"gold_loss":0,"cards_upgraded":["Shade:Bonestorm"]}],"is_beta":false,"boss_relics":[{"not_picked":["Fusion Hammer","Calling Bell"],"picked":"Black Star"},{"not_picked":["Runic Pyramid","Kintsugi"],"picked":"Busted Crown"}],"items_purged_floors":[],"is_endless":false,"potions_floor_spawned":[5,10,15,23,26,33,38,40,43,44,49],"ascension_level":1}}