{"host":"n3vqtvx9hbigdfc4","time":1608368038,"event":{"mods":["AchievementEnabler","BaseMod","Better Third Choice","Block Reminder","Colored Map","Colored Powertips","Downfall","Minty Spire (QoL Compilation)","Permanent Neow","Rare Cards Sparkle","Relic Stats","Replay The Spire","Shop Mod","StSLib"],"gold_per_floor":[111,111,111,111,129,162,173,173,173,173,173,187,207,12,12,116,116,131,145,145,70,34,34,47,74,74,74,92,92,92,92,92,92,92],"floor_reached":33,"playtime":1758,"items_purged":["Overencumbered"],"score":470,"play_id":"33393511-7f43-4874-8a29-43da65bba5c0","local_time":"20201219025358","is_ascension_mode":true,"campfire_choices":[{"floor":8,"key":"REST"},{"data":"Sunder","floor":10,"key":"SMITH"},{"data":"Disarm","floor":15,"key":"SMITH"},{"data":"True Grit","floor":23,"key":"SMITH"},{"data":"Demon Form","floor":23,"key":"SMITH"},{"data":"Neutralize","floor":27,"key":"SMITH"},{"data":"Shrug It Off","floor":27,"key":"SMITH"},{"data":"ReplayTheSpireMod:Strike From Hell","floor":29,"key":"SMITH"},{"data":"ReplayTheSpireMod:LeadingStrike","floor":29,"key":"SMITH"},{"data":"Hemogenesis","floor":32,"key":"SMITH"},{"data":"Anger","floor":32,"key":"SMITH"}],"circlet_count":0,"master_deck":["AscendersBane","Defend_R","Defend_R","Fiend Fire","Anger+1","Pot Of Greed","Sunder+1","Pot Of Greed","ReplayTheSpireMod:Strike From Hell+1","Disarm+1","Thunderclap","Survivor","Neutralize+1","Shrug It Off+1","Headbutt","Cleave","Demon Form+1","Amnesia","Slimebound:Icky","Pot Of Greed","ReplayTheSpireMod:LeadingStrike+1","True Grit+1","Reckless Charge","Rage","Hemogenesis+1","Clothesline+1","Ghostly","Ghostly","Ghostly","Ghostly","Ghostly","Bite","Bite","Bite","Bite","Bite"],"relics":["Burning Blood","ReplayTheSpireMod:Spearhead","Replay:Ringing Soul","Bronze Scales","Replay:Ancient Bell","Juzu Bracelet","ReplayTheSpireMod:Shallot","Replay:Arrowhead","Nloth\u0027s Gift","Toy Ornithopter","Smiling Mask"],"acts_visited":["Exordium","TheCity"],"potions_floor_usage":[6,12,18,18,18,28,33],"damage_taken":[{"damage":1,"enemies":"Cultist","floor":1,"turns":5},{"damage":0,"enemies":"Small Slimes","floor":5,"turns":2},{"damage":35,"enemies":"3 Sentries","floor":6,"turns":7},{"damage":7,"enemies":"Jaw Worm","floor":7,"turns":2},{"damage":8,"enemies":"Looter","floor":12,"turns":2},{"damage":0,"enemies":"Exordium Wildlife","floor":13,"turns":5},{"damage":4,"enemies":"Hexaghost","floor":16,"turns":9},{"damage":0,"enemies":"Shell Parasite","floor":18,"turns":2},{"damage":0,"enemies":"Chosen","floor":19,"turns":6},{"damage":16,"enemies":"Snake Plant","floor":24,"turns":6},{"damage":62,"enemies":"Book of Stabbing","floor":25,"turns":6},{"damage":26,"enemies":"Shelled Parasite and Fungi","floor":28,"turns":8},{"damage":89,"enemies":"Champ","floor":33,"turns":11}],"seed_played":"3632585587034228530","potions_obtained":[{"floor":5,"key":"LiquidMemories"},{"floor":7,"key":"Weak Potion"},{"floor":12,"key":"DistilledChaos"},{"floor":13,"key":"SneckoOil"},{"floor":16,"key":"Adrenaline Potion"},{"floor":24,"key":"Ancient Potion"},{"floor":25,"key":"SneckoOil"}],"is_trial":false,"path_per_floor":["M","?","?","?","M","E","M","R","T","R","?","M","M","$","R","B",null,"M","M","?","$","$","R","M","E","T","R","M","R","?","?","R","B"],"character_chosen":"IRONCLAD","items_purchased":["Bronze Scales","Cleave","Reckless Charge"],"campfire_rested":1,"item_purchase_floors":[14,14,22],"current_hp_per_floor":[77,70,43,43,49,20,19,43,43,43,46,47,56,59,59,64,90,99,104,104,104,107,107,100,47,47,47,40,40,43,45,45,0,0],"gold":92,"neow_bonus":"TRANSFORM_CARD","is_daily":false,"chose_seed":false,"campfire_upgraded":10,"win_rate":0.0,"timestamp":1608368038,"path_taken":["M","?","?","?","M","E","?","R","T","R","?","M","M","?","R","BOSS","M","M","?","?","$","R","M","E","T","R","M","R","?","?","R","BOSS"],"items_purchased_type":["Relic","Card","Card"],"build_version":"2020-12-13","purchased_purges":1,"victory":false,"max_hp_per_floor":[80,80,80,80,80,80,80,80,80,80,83,86,89,92,92,95,98,101,104,104,104,107,107,110,113,113,113,116,116,61,45,45,45,45],"relic_stats":{"counters":[13,71],"Bronze Scales":[185],"Juzu Bracelet":0,"Nloth\u0027s Gift":1,"Smiling Mask":0,"obtain_stats":[{"Replay:Ringing Soul":9,"ReplayTheSpireMod:Spearhead":6,"ReplayTheSpireMod:Shallot":17,"Bronze Scales":14,"Replay:Ancient Bell":17,"Juzu Bracelet":17,"Nloth\u0027s Gift":20,"Grinning Jar":3,"Smiling Mask":26,"Burning Blood":0,"Replay:Arrowhead":17,"Toy Ornithopter":25},{"Replay:Ringing Soul":4,"ReplayTheSpireMod:Spearhead":3,"ReplayTheSpireMod:Shallot":7,"Bronze Scales":6,"Replay:Ancient Bell":7,"Juzu Bracelet":7,"Nloth\u0027s Gift":9,"Grinning Jar":1,"Smiling Mask":11,"Burning Blood":0,"Replay:Arrowhead":7,"Toy Ornithopter":11},{"Replay:Ringing Soul":16,"ReplayTheSpireMod:Spearhead":14,"ReplayTheSpireMod:Shallot":32,"Bronze Scales":23,"Replay:Ancient Bell":32,"Juzu Bracelet":32,"Nloth\u0027s Gift":40,"Grinning Jar":5,"Smiling Mask":52,"Burning Blood":0,"Replay:Arrowhead":32,"Toy Ornithopter":52}],"Burning Blood":68,"Toy Ornithopter":10},"card_choices":[{"not_picked":["Armaments","Flex"],"picked":"Anger","floor":1},{"not_picked":["Reckless Charge","Havoc"],"picked":"ReplayTheSpireMod:Strike From Hell","floor":5},{"not_picked":["Second Wind","Juggernaut"],"picked":"Disarm","floor":6},{"not_picked":["Twin Strike","Headbutt"],"picked":"Thunderclap","floor":7},{"not_picked":["Inflame","Havoc"],"picked":"Shrug It Off","floor":12},{"not_picked":["Bloodletting","Flex"],"picked":"Headbutt","floor":13},{"not_picked":["Offering","Exhume"],"picked":"Demon Form","floor":16},{"not_picked":["ReplayTheSpireMod:Doomed","AbeCurse"],"picked":"Overencumbered","floor":17},{"not_picked":["AbeCurse","Doubt"],"picked":"Amnesia","floor":17},{"not_picked":["Guardian:Aged","ReplayTheSpireMod:IOU"],"picked":"Slimebound:Icky","floor":17},{"not_picked":["Clothesline","Havoc"],"picked":"ReplayTheSpireMod:LeadingStrike","floor":18},{"not_picked":["ReplayTheSpireMod:Corrosion Curse","Bludgeon"],"picked":"True Grit","floor":19},{"not_picked":["Perfected Strike","Headbutt"],"picked":"Rage","floor":24},{"not_picked":["Ghostly Armor","ReplayTheSpireMod:Corrosion Curse"],"picked":"Hemogenesis","floor":25},{"not_picked":["Fire Breathing+1","Replay:Undeath\u0027s Touch"],"picked":"Clothesline+1","floor":28}],"player_experience":445980,"relics_obtained":[{"floor":6,"key":"ReplayTheSpireMod:Spearhead"},{"floor":9,"key":"Replay:Ringing Soul"},{"floor":25,"key":"Toy Ornithopter"},{"floor":26,"key":"Smiling Mask"}],"event_choices":[{"cards_removed":["Defend_R"],"damage_healed":0,"gold_gain":0,"player_choice":"Card Removal","damage_taken":7,"max_hp_gain":0,"max_hp_loss":0,"event_name":"Golden Wing","floor":2,"gold_loss":0},{"damage_healed":0,"gold_gain":0,"player_choice":"Traded Relic","damage_taken":0,"relics_obtained":["Nloth\u0027s Gift"],"max_hp_gain":0,"max_hp_loss":0,"event_name":"N\u0027loth","floor":20,"relics_lost":["Grinning Jar"],"gold_loss":0},{"damage_healed":0,"gold_gain":0,"player_choice":"Became a Ghost","damage_taken":0,"max_hp_gain":0,"max_hp_loss":58,"event_name":"Ghosts","floor":30,"gold_loss":0,"cards_obtained":["Ghostly","Ghostly","Ghostly","Ghostly","Ghostly"]},{"damage_healed":0,"gold_gain":0,"player_choice":"Became a vampire","damage_taken":0,"max_hp_gain":0,"max_hp_loss":19,"event_name":"Vampires","floor":31,"gold_loss":0,"cards_obtained":["Bite","Bite","Bite","Bite","Bite"]}],"is_beta":false,"boss_relics":[{"not_picked":["Fusion Hammer","Pandora\u0027s Box"],"picked":"Replay:Ancient Bell"},{"not_picked":["Potion Belt","Replay:Baseball"],"picked":"Juzu Bracelet"},{"not_picked":["Mirror","HornCleat"],"picked":"ReplayTheSpireMod:Shallot"},{"not_picked":["Replay:Multitool","Calipers"],"picked":"Replay:Arrowhead"}],"items_purged_floors":[21],"is_endless":false,"potions_floor_spawned":[5,7,12,13,16,24,25],"killed_by":"Champ","ascension_level":10}}