{"host":"4qkvkh7pd9qr2mca","time":1608394511,"event":{"mods":["AchievementEnabler","BaseMod","Colored Map","Colored Powertips","Highlight Path","Minty Spire (QoL Compilation)","Permanent Neow","Quick Restart","StSLib","SuperFastMode"],"gold_per_floor":[111,127,139,153,163,163,189,189,189,216,216,249,249,262,262,333,333,353,369,381,393,1,1,1],"floor_reached":23,"playtime":842,"items_purged":["Strike_G"],"score":430,"play_id":"ec46b341-bb24-41bd-9ea7-19272723b42e","local_time":"20201219171511","is_ascension_mode":true,"campfire_choices":[{"data":"Neutralize","floor":6.0,"key":"SMITH"},{"floor":8.0,"key":"REST"},{"floor":15,"key":"REST"}],"circlet_count":0,"master_deck":["AscendersBane","Strike_G","Strike_G","Strike_G","Strike_G","Defend_G","Defend_G","Defend_G","Defend_G+1","Defend_G+1","Survivor","Neutralize+1","Quick Slash","Blade Dance","All Out Attack","Flying Knee","Bullet Time","Tactician","Backflip","Acrobatics","Envenom","Cloak And Dagger+1","PiercingWail","Deflect","Master of Strategy"],"relics":["Ring of the Snake","War Paint","Bronze Scales","Pear","Matryoshka","Snake Skull","Blood Vial","Sundial","SacredBark"],"acts_visited":["Exordium","TheCity"],"potions_floor_usage":[18,19,20,23,23],"damage_taken":[{"damage":0.0,"enemies":"2 Louse","floor":1.0,"turns":3.0},{"damage":3.0,"enemies":"Cultist","floor":2.0,"turns":5.0},{"damage":1.0,"enemies":"Jaw Worm","floor":3.0,"turns":3.0},{"damage":13.0,"enemies":"Large Slime","floor":4.0,"turns":7.0},{"damage":0.0,"enemies":"2 Fungi Beasts","floor":5.0,"turns":3.0},{"damage":19.0,"enemies":"Gremlin Nob","floor":7.0,"turns":4.0},{"damage":9.0,"enemies":"3 Sentries","floor":10.0,"turns":6.0},{"damage":18.0,"enemies":"Gremlin Nob","floor":12.0,"turns":4.0},{"damage":11,"enemies":"Exordium Thugs","floor":14,"turns":4},{"damage":33,"enemies":"The Guardian","floor":16,"turns":15},{"damage":14,"enemies":"2 Thieves","floor":18,"turns":2},{"damage":0,"enemies":"3 Byrds","floor":19,"turns":1},{"damage":36,"enemies":"Cultist and Chosen","floor":20,"turns":7},{"damage":15,"enemies":"Snake Plant","floor":21,"turns":5},{"damage":7,"enemies":"Book of Stabbing","floor":23,"turns":2}],"seed_played":"-4704717682118630129","potions_obtained":[{"floor":4.0,"key":"EssenceOfSteel"},{"floor":7.0,"key":"PowerPotion"},{"floor":12.0,"key":"SkillPotion"},{"floor":16,"key":"SteroidPotion"},{"floor":18,"key":"PowerPotion"}],"is_trial":false,"path_per_floor":["M","M","M","M","M","R","E","R","T","E","?","E","?","M","R","B",null,"M","M","M","M","$","E"],"character_chosen":"THE_SILENT","items_purchased":["AttackPotion","CunningPotion","Master of Strategy"],"campfire_rested":2,"item_purchase_floors":[22,22,22],"current_hp_per_floor":[59,56,55,42,42,42,23,42,52,43,43,25,25,16,38,7,59,47,49,15,2,2,0,0],"gold":1,"neow_bonus":"RANDOM_COMMON_RELIC","is_daily":false,"chose_seed":false,"campfire_upgraded":1,"win_rate":0.0,"timestamp":1608394511,"path_taken":["M","M","M","M","M","R","E","R","T","E","?","E","?","?","R","BOSS","M","?","M","M","$","E"],"items_purchased_type":["Potion","Potion","Card"],"build_version":"2020-12-13","purchased_purges":1,"victory":false,"max_hp_per_floor":[66,66,66,66,66,66,66,66,76,76,76,76,76,76,76,76,76,76,76,76,76,76,76,76],"card_choices":[{"not_picked":["Sucker Punch","Bane"],"picked":"Quick Slash","floor":1.0},{"not_picked":["Quick Slash","Dagger Spray"],"picked":"Blade Dance","floor":2.0},{"not_picked":["Underhanded Strike","Blur"],"picked":"All Out Attack","floor":3.0},{"not_picked":["Bane","Sucker Punch"],"picked":"Flying Knee","floor":4.0},{"not_picked":["Dagger Throw","Flying Knee"],"picked":"Bullet Time","floor":5.0},{"not_picked":["Flechettes","Outmaneuver"],"picked":"Tactician","floor":7.0},{"not_picked":["Dagger Throw","Sucker Punch"],"picked":"Backflip","floor":10.0},{"not_picked":["Flechettes","Sucker Punch"],"picked":"Acrobatics","floor":12.0},{"not_picked":["Quick Slash","Sucker Punch","Deflect"],"picked":"SKIP","floor":14},{"not_picked":["Glass Knife","Night Terror"],"picked":"Envenom","floor":16},{"not_picked":["Riddle With Holes","Blade Dance"],"picked":"Cloak And Dagger+1","floor":18},{"not_picked":["Acrobatics","All Out Attack"],"picked":"PiercingWail","floor":19},{"not_picked":["Expertise","Predator"],"picked":"Deflect","floor":20},{"not_picked":["Dagger Throw","Flying Knee+1","Outmaneuver"],"picked":"SKIP","floor":21}],"player_experience":449658,"relics_obtained":[{"floor":7.0,"key":"Bronze Scales"},{"floor":9.0,"key":"Pear"},{"floor":10.0,"key":"Matryoshka"},{"floor":12.0,"key":"Blood Vial"}],"event_choices":[{"damage_healed":0.0,"max_hp_gain":0.0,"max_hp_loss":0.0,"gold_gain":0.0,"event_name":"Dead Adventurer","player_choice":"Searched \u00271\u0027 times","floor":11.0,"gold_loss":0.0,"damage_taken":0.0,"relics_obtained":["Snake Skull"]},{"damage_healed":0.0,"max_hp_gain":0.0,"max_hp_loss":0.0,"gold_gain":0.0,"event_name":"WeMeetAgain","player_choice":"Gave Potion","floor":13.0,"gold_loss":0.0,"damage_taken":0.0,"relics_obtained":["Sundial"]}],"is_beta":false,"boss_relics":[{"not_picked":["Velvet Choker","Ring of the Serpent"],"picked":"SacredBark"}],"items_purged_floors":[22],"is_endless":false,"potions_floor_spawned":[4,7,12,16,18],"killed_by":"Book of Stabbing","ascension_level":20}}