{"host":"d9m9v0h6vo0edadb","time":1608394346,"event":{"mods":["BaseMod","Hermit","Keyboard Shortcuts","Minty Spire (QoL Compilation)","StSLib","SuperFastMode","The Cursed"],"gold_per_floor":[109,21,47,47,62,88,88,108,134,161,173,187,187,187,187,187,187],"floor_reached":16,"playtime":141,"items_purged":[],"score":263,"play_id":"d619560b-2fe5-4849-9f37-47ff81a1a8a4","local_time":"20201220011226","is_ascension_mode":true,"campfire_choices":[{"data":"Sunder","floor":7,"key":"SMITH"},{"data":"Defragment","floor":15,"key":"SMITH"}],"circlet_count":0,"master_deck":["AscendersBane","Strike_B","Strike_B","Strike_B","Strike_B","Defend_B","Defend_B","Defend_B","Defend_B","Zap","Dualcast","Conserve Battery","Self Repair","Sunder+1","Gash+1","Creative AI","Defragment+1","FTL+1"],"relics":["Cracked Core","NeowsBlessing","Nunchaku","Molten Egg 2","Art of War","Toy Ornithopter","MealTicket"],"acts_visited":["Exordium"],"potions_floor_usage":[10],"damage_taken":[{"damage":0,"enemies":"Cultist","floor":1,"turns":1},{"damage":0,"enemies":"Small Slimes","floor":5,"turns":1},{"damage":0,"enemies":"Lagavulin","floor":6,"turns":1},{"damage":0,"enemies":"2 Louse","floor":8,"turns":2},{"damage":38,"enemies":"Gremlin Nob","floor":10,"turns":4},{"damage":6,"enemies":"Looter","floor":11,"turns":3},{"damage":13,"enemies":"2 Fungi Beasts","floor":12,"turns":4},{"damage":28,"enemies":"Hexaghost","floor":16,"turns":8}],"seed_played":"-1187731379915758538","potions_obtained":[{"floor":6,"key":"AttackPotion"}],"is_trial":false,"path_per_floor":["M","$","T","?","M","E","R","M","T","E","M","M","?","?","R","B"],"character_chosen":"DEFECT","items_purchased":["Self Repair"],"campfire_rested":0,"item_purchase_floors":[2],"current_hp_per_floor":[64,64,64,64,71,71,71,71,71,40,41,35,35,30,30,2,2],"gold":187,"neow_bonus":"THREE_ENEMY_KILL","is_daily":false,"chose_seed":false,"campfire_upgraded":2,"win_rate":0.0,"timestamp":1608394346,"path_taken":["M","$","?","?","M","E","R","M","T","E","M","M","?","?","R","BOSS"],"items_purchased_type":["Card"],"build_version":"2020-12-13","purchased_purges":0,"victory":false,"max_hp_per_floor":[71,71,71,71,71,71,71,71,71,71,71,71,71,71,71,71,71],"card_choices":[{"not_picked":["Rebound","Steam"],"picked":"Conserve Battery","floor":1},{"not_picked":["Reprogram","Storm"],"picked":"Sunder","floor":5},{"not_picked":["Conserve Battery","Aggregate"],"picked":"Gash+1","floor":6},{"not_picked":["Cold Snap+1","Gash+1"],"picked":"Creative AI","floor":8},{"not_picked":["Creative AI","Hello World"],"picked":"Defragment","floor":10},{"not_picked":["Steam","Streamline+1","Ball Lightning+1"],"picked":"SKIP","floor":11},{"not_picked":["Force Field","Rebound+1"],"picked":"FTL+1","floor":12}],"player_experience":939536,"relics_obtained":[{"floor":3,"key":"Nunchaku"},{"floor":6,"key":"Molten Egg 2"},{"floor":9,"key":"Art of War"},{"floor":10,"key":"Toy Ornithopter"}],"event_choices":[{"damage_healed":0,"gold_gain":0,"player_choice":"Leave","damage_taken":0,"max_hp_gain":0,"max_hp_loss":0,"event_name":"The Cleric","floor":4,"gold_loss":0},{"damage_healed":0,"gold_gain":0,"player_choice":"Ignored","damage_taken":0,"max_hp_gain":0,"max_hp_loss":0,"event_name":"Liars Game","floor":13,"gold_loss":0},{"damage_healed":0,"gold_gain":0,"player_choice":"Success","damage_taken":5,"relics_obtained":["MealTicket"],"max_hp_gain":0,"max_hp_loss":0,"event_name":"Scrap Ooze","floor":14,"gold_loss":0}],"is_beta":false,"boss_relics":[],"items_purged_floors":[],"is_endless":false,"potions_floor_spawned":[6],"killed_by":"Hexaghost","ascension_level":19}}