{"host":"9tzam4717zt8ei1o","time":1608350730,"event":{"mods":["BaseMod","Colored Map","Keyboard Shortcuts","Minty Spire (QoL Compilation)","Quick Restart","StSLib","SuperFastMode"],"gold_per_floor":[114,40,40,40,59,59,79,92,147,147,180,180,204,244,244,374,374,393,283,306,306,327,347,347,366,411,155,171,171,171,47,47,176,176,189,189,189,213,15,15,348,348,373,386,435,435,1,54,54,54],"floor_reached":51,"playtime":1080,"items_purged":["Strike_B","Strike_B","Strike_B","Dualcast","Defend_B"],"score":753,"play_id":"6841fe14-f65c-4632-80ab-ca3ced2721e0","local_time":"20201219130530","is_ascension_mode":false,"campfire_choices":[{"data":"Ball Lightning","floor":6.0,"key":"SMITH"},{"data":"Zap","floor":10.0,"key":"SMITH"},{"data":"Coolheaded","floor":12.0,"key":"SMITH"},{"data":"Go for the Eyes","floor":15.0,"key":"SMITH"},{"floor":24.0,"key":"REST"},{"data":"Skim","floor":32.0,"key":"SMITH"},{"data":"Madness","floor":40.0,"key":"SMITH"},{"data":"Madness","floor":46,"key":"SMITH"},{"data":"Reboot","floor":49,"key":"SMITH"}],"circlet_count":0,"master_deck":["Defend_B","Zap+1","Coolheaded+1","Go for the Eyes+1","Gash","Ball Lightning+1","Gash","Gash","Compile Driver","Reboot","FTL+1","Skim+1","Fission","Sweeping Beam+1","Beam Cell+1","Electrodynamics","All For One+1","Madness+1","Madness+1","Reboot+1","All For One+1"],"relics":["Cracked Core","NeowsBlessing","Boot","Art of War","Molten Egg 2","SlaversCollar","Vajra","MealTicket","Smiling Mask","Empty Cage","ClockworkSouvenir","Strawberry","TungstenRod","Shuriken","Centennial Puzzle"],"acts_visited":["Exordium","TheCity","TheBeyond"],"potions_floor_usage":[44],"damage_taken":[{"damage":0.0,"enemies":"Jaw Worm","floor":1.0,"turns":1.0},{"damage":0.0,"enemies":"2 Louse","floor":5.0,"turns":1.0},{"damage":0.0,"enemies":"Cultist","floor":7.0,"turns":1.0},{"damage":2.0,"enemies":"Blue Slaver","floor":8.0,"turns":3.0},{"damage":14.0,"enemies":"Gremlin Nob","floor":11.0,"turns":3.0},{"damage":0.0,"enemies":"Gremlin Gang","floor":13.0,"turns":3.0},{"damage":12.0,"enemies":"3 Sentries","floor":14.0,"turns":5.0},{"damage":0.0,"enemies":"Slime Boss","floor":16.0,"turns":6.0},{"damage":0.0,"enemies":"Spheric Guardian","floor":18.0,"turns":2.0},{"damage":20.0,"enemies":"2 Thieves","floor":20.0,"turns":3.0},{"damage":30.0,"enemies":"Shelled Parasite and Fungi","floor":22.0,"turns":4.0},{"damage":14.0,"enemies":"Snake Plant","floor":23.0,"turns":4.0},{"damage":7.0,"enemies":"Cultist and Chosen","floor":25.0,"turns":5.0},{"damage":18.0,"enemies":"Sentry and Sphere","floor":28.0,"turns":4.0},{"damage":18.0,"enemies":"Champ","floor":33.0,"turns":5.0},{"damage":0.0,"enemies":"3 Shapes","floor":35.0,"turns":2.0},{"damage":5.0,"enemies":"Orb Walker","floor":38.0,"turns":2.0},{"damage":2,"enemies":"Spire Growth","floor":44,"turns":3},{"damage":23,"enemies":"2 Orb Walkers","floor":45,"turns":3},{"damage":13,"enemies":"Donu and Deca","floor":50,"turns":2}],"seed_played":"-7678700823593594453","potions_obtained":[{"floor":1.0,"key":"SpeedPotion"},{"floor":5.0,"key":"Energy Potion"},{"floor":8.0,"key":"DistilledChaos"},{"floor":14.0,"key":"FocusPotion"},{"floor":23.0,"key":"BlessingOfTheForge"},{"floor":28.0,"key":"Swift Potion"},{"floor":33.0,"key":"Block Potion"},{"floor":44,"key":"AttackPotion"}],"is_trial":false,"path_per_floor":["M","$","?","?","M","R","M","M","T","R","E","R","M","E","R","B",null,"M","$","M","?","M","M","R","M","T","$","M","?","?","$","R","B",null,"M","?","?","M","$","R","?","?","T","M","?","R","$","T","R","B",null],"character_chosen":"DEFECT","items_purchased":["Go for the Eyes","Gash","Skim","MealTicket","DistilledChaos","ClockworkSouvenir","Shuriken","All For One+1"],"campfire_rested":1,"item_purchase_floors":[2,2,19,27,31,39,47,47],"current_hp_per_floor":[75,75,57,57,57,57,57,55,55,55,41,41,41,29,29,29,75,75,75,55,55,25,11,33,26,26,26,8,8,8,23,23,5,75,75,75,66,61,75,75,75,75,82,80,57,57,72,72,72,59],"gold":54,"neow_bonus":"THREE_ENEMY_KILL","is_daily":false,"chose_seed":false,"campfire_upgraded":8,"win_rate":0.0,"timestamp":1608350730,"path_taken":["M","$","?","?","?","R","M","M","T","R","E","R","M","E","R","BOSS","M","$","M","?","?","M","R","M","T","$","M","?","?","$","R","BOSS","M","?","?","M","$","R","?","?","T","M","?","R","?","?","R","BOSS"],"items_purchased_type":["Card","Card","Card","Relic","Potion","Relic","Relic","Card"],"build_version":"2020-12-13","purchased_purges":5,"victory":true,"max_hp_per_floor":[75,75,75,75,75,75,75,75,75,75,75,75,75,75,75,75,75,75,75,75,75,75,75,75,75,75,75,75,75,75,75,75,75,75,75,75,75,75,75,75,75,75,82,82,82,82,82,82,82,82],"card_choices":[{"not_picked":["Consume","Steam"],"picked":"Coolheaded","floor":1.0},{"not_picked":["Tempest","Reprogram"],"picked":"Ball Lightning","floor":5.0},{"not_picked":["Auto Shields","Ball Lightning"],"picked":"Gash","floor":7.0},{"not_picked":["Beam Cell","Leap","Cold Snap"],"picked":"SKIP","floor":8.0},{"not_picked":["Seek","Beam Cell"],"picked":"Gash","floor":11.0},{"not_picked":["FTL","Conserve Battery"],"picked":"Compile Driver","floor":13.0},{"not_picked":["Reprogram","Barrage+1","Stack"],"picked":"SKIP","floor":14.0},{"not_picked":["Buffer","Machine Learning"],"picked":"Reboot","floor":16.0},{"not_picked":["Streamline+1","Go for the Eyes+1"],"picked":"FTL+1","floor":18.0},{"not_picked":["Scrape+1","BootSequence","Chill"],"picked":"SKIP","floor":20.0},{"not_picked":["Ball Lightning+1","Lockon+1"],"picked":"Fission","floor":22.0},{"not_picked":["Steam+1","Streamline+1"],"picked":"Sweeping Beam+1","floor":23.0},{"not_picked":["Storm","Sweeping Beam+1"],"picked":"Beam Cell+1","floor":25.0},{"not_picked":["Chill","Streamline+1","Scrape+1"],"picked":"SKIP","floor":28.0},{"not_picked":["Thunder Strike+1","Seek"],"picked":"All For One+1","floor":33.0},{"not_picked":["Cold Snap+1","Steam Power+1","Compile Driver+1"],"picked":"SKIP","floor":35.0},{"not_picked":["Leap","Sweeping Beam+1","Compile Driver+1"],"picked":"SKIP","floor":38.0},{"not_picked":["Fusion+1","Stack","Beam Cell+1"],"picked":"SKIP","floor":44},{"not_picked":["Loop","Hologram"],"picked":"Reboot","floor":45}],"player_experience":89462,"relics_obtained":[{"floor":9.0,"key":"Boot"},{"floor":11.0,"key":"Art of War"},{"floor":14.0,"key":"Molten Egg 2"},{"floor":26.0,"key":"Vajra"},{"floor":43.0,"key":"Strawberry"},{"floor":45,"key":"TungstenRod"},{"floor":48,"key":"Centennial Puzzle"}],"event_choices":[{"damage_healed":0.0,"max_hp_gain":0.0,"max_hp_loss":0.0,"gold_gain":0.0,"event_name":"Golden Idol","player_choice":"Take Damage","floor":3.0,"gold_loss":0.0,"damage_taken":18.0,"relics_obtained":["Golden Idol"]},{"cards_removed":["Strike_B"],"damage_healed":0.0,"max_hp_gain":0.0,"max_hp_loss":0.0,"gold_gain":0.0,"event_name":"Bonfire Elementals","player_choice":"Offered Basic","floor":4.0,"gold_loss":0.0,"damage_taken":0.0},{"damage_healed":0.0,"max_hp_gain":0.0,"max_hp_loss":0.0,"gold_gain":0.0,"event_name":"NoteForYourself","player_choice":"Ignored","floor":21.0,"gold_loss":0.0,"damage_taken":0.0},{"damage_healed":0.0,"max_hp_gain":0.0,"max_hp_loss":0.0,"gold_gain":0.0,"event_name":"The Library","player_choice":"Read","floor":29.0,"gold_loss":0.0,"damage_taken":0.0,"cards_obtained":["Electrodynamics"]},{"damage_healed":0.0,"max_hp_gain":0.0,"max_hp_loss":0.0,"gold_gain":0.0,"event_name":"The Mausoleum","player_choice":"Opened","floor":30.0,"gold_loss":0.0,"damage_taken":0.0,"relics_obtained":["Smiling Mask"]},{"damage_healed":0.0,"max_hp_gain":0.0,"max_hp_loss":0.0,"gold_gain":0.0,"event_name":"SensoryStone","player_choice":"Memory 1","floor":36.0,"gold_loss":0.0,"damage_taken":0.0},{"damage_healed":0.0,"max_hp_gain":0.0,"max_hp_loss":0.0,"gold_gain":0.0,"event_name":"Winding Halls","player_choice":"Embrace Madness","floor":37.0,"gold_loss":0.0,"damage_taken":9.0,"cards_obtained":["Madness","Madness"]},{"damage_healed":0.0,"max_hp_gain":0.0,"max_hp_loss":0.0,"gold_gain":333.0,"event_name":"The Moai Head","player_choice":"Gave Idol","floor":41.0,"relics_lost":["Golden Idol"],"gold_loss":0.0,"damage_taken":0.0},{"damage_healed":0.0,"max_hp_gain":0.0,"max_hp_loss":0.0,"gold_gain":0.0,"event_name":"Tomb of Lord Red Mask","player_choice":"Ignored","floor":42.0,"gold_loss":0.0,"damage_taken":0.0},{"damage_healed":0,"gold_gain":0,"player_choice":"Fight","damage_taken":0,"max_hp_gain":0,"max_hp_loss":0,"event_name":"Mysterious Sphere","floor":45,"gold_loss":0}],"is_beta":false,"boss_relics":[{"not_picked":["SacredBark","Calling Bell"],"picked":"SlaversCollar"},{"not_picked":["Runic Pyramid","Philosopher\u0027s Stone"],"picked":"Empty Cage"}],"items_purged_floors":[19,27,31,39,47],"is_endless":false,"potions_floor_spawned":[1,5,8,14,23,28,33,44],"ascension_level":0}}