{"host":"ufl0k2so27eic2iy","time":1608364716,"event":{"mods":["BaseMod","Minty Spire (QoL Compilation)","StSLib","The Animator"],"gold_per_floor":[128,203,88,100,119,148,148,148,148],"floor_reached":8,"playtime":437,"items_purged":["animator:Strike"],"score":98,"play_id":"cea50fb3-a540-4c3a-8c41-4008a293aa2c","local_time":"20201219075836","is_ascension_mode":true,"campfire_choices":[{"data":"animator:Suigintou","floor":7,"key":"SMITH"}],"circlet_count":0,"master_deck":["AscendersBane","animator:Strike_RozenMaiden","animator:Defend_RozenMaiden","animator:Strike","animator:Strike","animator:Defend","animator:Defend","animator:Defend","animator:Souseiseki","animator:Hinaichigo","animator:MeguKakizaki","animator:Suigintou+1","animator:Gillette","animator:Kanaria","animator:Priestess"],"relics":["animator:LivingPicture","animator:TheMissingPiece","Ancient Tea Set"],"acts_visited":["Exordium"],"potions_floor_usage":[8],"damage_taken":[{"damage":8.0,"enemies":"Small Slimes","floor":1.0,"turns":6.0},{"damage":1.0,"enemies":"Cultist","floor":4.0,"turns":5.0},{"damage":1.0,"enemies":"2 Louse","floor":5.0,"turns":4.0},{"damage":24.0,"enemies":"Gremlin Nob","floor":6.0,"turns":4.0},{"damage":29,"enemies":"Lagavulin","floor":8,"turns":10}],"seed_played":"-5589680086188829203","potions_obtained":[{"floor":6,"key":"FearPotion"}],"is_trial":false,"path_per_floor":["M","?","$","M","M","E","R","E"],"character_chosen":"THE_ANIMATOR","items_purchased":["animator:Suigintou"],"campfire_rested":0,"item_purchase_floors":[3],"current_hp_per_floor":[52,41,41,46,52,28,28,0,0],"gold":148,"neow_bonus":"TEN_PERCENT_HP_BONUS","is_daily":false,"chose_seed":true,"campfire_upgraded":1,"win_rate":0.0,"timestamp":1608364716,"path_taken":["M","?","$","M","M","E","R","E"],"items_purchased_type":["Card"],"build_version":"2020-12-13","purchased_purges":1,"victory":false,"max_hp_per_floor":[66,66,66,66,67,67,67,67,67],"card_choices":[{"not_picked":["animator:YaoHaDucy","animator:Tatsumaki"],"picked":"animator:MeguKakizaki","floor":1.0},{"not_picked":["animator:HighElfArcher","animator:Tatsumaki"],"picked":"animator:Gillette","floor":4.0},{"not_picked":["animator:Yoichi","animator:Witch"],"picked":"animator:Kanaria","floor":5.0},{"not_picked":["animator:LizardPriest","animator:HighElfArcher"],"picked":"animator:Priestess","floor":6}],"player_experience":2315717,"relics_obtained":[{"floor":6,"key":"Ancient Tea Set"}],"event_choices":[{"damage_healed":0.0,"max_hp_gain":0.0,"max_hp_loss":0.0,"gold_gain":75.0,"event_name":"World of Goop","player_choice":"Gather Gold","floor":2.0,"gold_loss":0.0,"damage_taken":11.0}],"is_beta":false,"boss_relics":[],"items_purged_floors":[3],"is_endless":false,"potions_floor_spawned":[6],"killed_by":"Lagavulin","ascension_level":15}}