{"host":"9d9dhukr2jywmy0f","time":1608381709,"event":{"mods":["2.2 Compatiblity","Alarm Clock","BaseMod","Bestiary","Block Reminder","Colored Map","Colored Powertips","Curses Come First","DeckTracker","Displayed Cursed Tome","Highlight Path","Key Reminder","Keyboard Shortcuts","Minty Spire (QoL Compilation)","MonsterHotkey","Potion Indicator Mod","Quick Restart","Rare Cards Sparkle","Relic Sorter","Relic Stats","Spire Birthday Party","StSLib","Synergy Search","Unceasing Turn Reminder","Unknown Chances"],"gold_per_floor":[114,114,39,54,69,69,112,112,112,127,157,20,50,65,65,165,165,180,18,33,48,63,63,93,192,192,222,237,237,267,282,282,382,382,397,412,412,412,427,427,457,472,472,502,529,26,56,71,71,71],"floor_reached":51,"playtime":2869,"items_purged":["Cleave","Rampage","Whirlwind","Headbutt"],"score":1132,"play_id":"4b8d3cfe-6ed8-4b45-84cd-53a2a2dd324c","local_time":"20201219204149","daily_mods":["Draft","Uncertain Future","Elite Swarm"],"is_ascension_mode":false,"campfire_choices":[{"data":"Armaments","floor":6.0,"key":"SMITH"},{"data":"Armaments","floor":8.0,"key":"SMITH"},{"data":"Barricade","floor":15.0,"key":"SMITH"},{"data":"Dark Embrace","floor":23.0,"key":"SMITH"},{"data":"Battle Trance","floor":29.0,"key":"SMITH"},{"data":"Berserk","floor":32.0,"key":"SMITH"},{"data":"Offering","floor":40.0,"key":"SMITH"},{"data":"Impervious","floor":49.0,"key":"SMITH"}],"circlet_count":0,"master_deck":["Body Slam","Shrug It Off","Power Through","Power Through+1","Evolve","Headbutt","Shockwave","Battle Trance+1","Armaments+1","Armaments+1","Shrug It Off","Barricade+1","Entrench+1","Berserk+1","Dark Embrace+1","Seeing Red","Shrug It Off+1","Impervious+1","Offering+1","Battle Trance+1","Body Slam"],"relics":["Burning Blood","Calipers","Incense Burner","Vajra","SlaversCollar","Potion Belt","Shuriken","War Paint","Oddly Smooth Stone","Black Star","White Beast Statue","InkBottle","Frozen Egg 2","Turnip","Bird Faced Urn","StoneCalendar","Lizard Tail","The Courier","Du-Vu Doll"],"acts_visited":["Exordium","TheCity","TheBeyond"],"potions_floor_usage":[50,50,50],"damage_taken":[{"damage":0.0,"enemies":"Small Slimes","floor":1.0,"turns":3.0},{"damage":0.0,"enemies":"2 Louse","floor":4.0,"turns":2.0},{"damage":0.0,"enemies":"Jaw Worm","floor":5.0,"turns":3.0},{"damage":0.0,"enemies":"Lagavulin Event","floor":7.0,"turns":5.0},{"damage":7.0,"enemies":"Gremlin Gang","floor":10.0,"turns":2.0},{"damage":0.0,"enemies":"Gremlin Nob","floor":11.0,"turns":3.0},{"damage":1.0,"enemies":"3 Sentries","floor":13.0,"turns":3.0},{"damage":0.0,"enemies":"Blue Slaver","floor":14.0,"turns":4.0},{"damage":0.0,"enemies":"Slime Boss","floor":16.0,"turns":4.0},{"damage":0.0,"enemies":"Spheric Guardian","floor":18.0,"turns":3.0},{"damage":9.0,"enemies":"2 Thieves","floor":20.0,"turns":3.0},{"damage":0.0,"enemies":"Snake Plant","floor":21.0,"turns":4.0},{"damage":4.0,"enemies":"Centurion and Healer","floor":22.0,"turns":6.0},{"damage":10.0,"enemies":"Slavers","floor":24.0,"turns":6.0},{"damage":3.0,"enemies":"Gremlin Leader","floor":27.0,"turns":4.0},{"damage":0.0,"enemies":"3 Cultists","floor":28.0,"turns":5.0},{"damage":0.0,"enemies":"Slavers","floor":30.0,"turns":5.0},{"damage":0.0,"enemies":"Sentry and Sphere","floor":31.0,"turns":5.0},{"damage":0.0,"enemies":"Champ","floor":33.0,"turns":6.0},{"damage":6.0,"enemies":"3 Shapes","floor":35.0,"turns":4.0},{"damage":7.0,"enemies":"Orb Walker","floor":36.0,"turns":3.0},{"damage":0.0,"enemies":"4 Shapes","floor":39.0,"turns":8.0},{"damage":0.0,"enemies":"Giant Head","floor":41.0,"turns":5.0},{"damage":0.0,"enemies":"Maw","floor":42.0,"turns":6.0},{"damage":0.0,"enemies":"Reptomancer","floor":44.0,"turns":6.0},{"damage":0.0,"enemies":"2 Orb Walkers","floor":45.0,"turns":3.0},{"damage":0.0,"enemies":"Giant Head","floor":47.0,"turns":5.0},{"damage":0.0,"enemies":"Spire Growth","floor":48.0,"turns":5.0},{"damage":0,"enemies":"Awakened One","floor":50,"turns":4}],"seed_played":"-2908382401684788831","potions_obtained":[{"floor":4.0,"key":"Explosive Potion"},{"floor":10.0,"key":"SmokeBomb"},{"floor":13.0,"key":"Swift Potion"},{"floor":14.0,"key":"Explosive Potion"},{"floor":20.0,"key":"ElixirPotion"},{"floor":21.0,"key":"FairyPotion"},{"floor":30.0,"key":"BloodPotion"},{"floor":33.0,"key":"EssenceOfSteel"},{"floor":42.0,"key":"Weak Potion"},{"floor":45.0,"key":"ColorlessPotion"}],"is_trial":false,"path_per_floor":["M","?","$","M","M","R","?","R","T","M","E","$","E","M","R","B",null,"M","$","M","M","M","R","E","?","T","E","M","R","E","M","R","B",null,"M","M","?","?","M","R","E","M","T","E","?","$","E","M","R","B",null],"character_chosen":"IRONCLAD","items_purchased":["Entrench","Dark Embrace","Lizard Tail","Body Slam"],"campfire_rested":0,"item_purchase_floors":[12,19,46,46],"current_hp_per_floor":[80,80,80,80,80,80,80,80,80,79,80,80,80,80,80,80,80,80,80,77,80,80,80,76,76,76,79,80,80,80,80,80,80,80,80,79,79,79,80,80,80,80,80,80,80,80,80,80,80,80],"gold":71,"neow_bonus":"","is_daily":true,"chose_seed":false,"campfire_upgraded":8,"win_rate":0.0,"timestamp":1608381709,"path_taken":["M","?","$","M","M","R","?","R","T","M","E","?","E","M","R","BOSS","M","$","?","?","M","R","E","?","T","E","M","R","E","M","R","BOSS","M","M","?","?","M","R","E","M","T","E","?","$","E","M","R","BOSS"],"items_purchased_type":["Card","Card","Relic","Card"],"build_version":"2020-11-30","purchased_purges":4,"victory":true,"max_hp_per_floor":[80,80,80,80,80,80,80,80,80,80,80,80,80,80,80,80,80,80,80,80,80,80,80,80,80,80,80,80,80,80,80,80,80,80,80,80,80,80,80,80,80,80,80,80,80,80,80,80,80,80],"relic_stats":{"Lizard Tail":0,"counters":[29,125],"Shuriken":[4],"Bird Faced Urn":[0],"StoneCalendar":[0],"Turnip":[0],"Black Star":3,"War Paint":["Entrench","Power Through"],"obtain_stats":[{"Potion Belt":24,"Calipers":7,"Vajra":11,"Oddly Smooth Stone":30,"StoneCalendar":45,"The Courier":47,"Incense Burner":9,"War Paint":27,"Frozen Egg 2":43,"Burning Blood":0,"White Beast Statue":41,"Du-Vu Doll":47,"SlaversCollar":17,"Lizard Tail":46,"Shuriken":26,"Bird Faced Urn":44,"Turnip":44,"Black Star":34,"InkBottle":41},{"Potion Belt":14,"Calipers":4,"Vajra":6,"Oddly Smooth Stone":17,"StoneCalendar":26,"The Courier":27,"Incense Burner":4,"War Paint":15,"Frozen Egg 2":24,"Burning Blood":0,"White Beast Statue":23,"Du-Vu Doll":27,"SlaversCollar":9,"Lizard Tail":26,"Shuriken":14,"Bird Faced Urn":25,"Turnip":25,"Black Star":19,"InkBottle":23},{"Potion Belt":51,"Calipers":13,"Vajra":18,"Oddly Smooth Stone":65,"StoneCalendar":111,"The Courier":116,"Incense Burner":13,"War Paint":55,"Frozen Egg 2":102,"Burning Blood":0,"White Beast Statue":96,"Du-Vu Doll":116,"SlaversCollar":29,"Lizard Tail":111,"Shuriken":51,"Bird Faced Urn":108,"Turnip":108,"Black Star":76,"InkBottle":96}],"Burning Blood":47,"InkBottle":[6]},"card_choices":[{"not_picked":["Havoc","Sword Boomerang"],"picked":"Body Slam","floor":0.0},{"not_picked":["Sword Boomerang","Havoc"],"picked":"Shrug It Off","floor":0.0},{"not_picked":["Flex","Combust"],"picked":"Rampage","floor":0.0},{"not_picked":["Cleave","Sword Boomerang"],"picked":"Power Through","floor":0.0},{"not_picked":["Wild Strike","Thunderclap"],"picked":"Flex","floor":0.0},{"not_picked":["Iron Wave","Clash"],"picked":"Cleave","floor":0.0},{"not_picked":["Clothesline","Thunderclap"],"picked":"Power Through","floor":0.0},{"not_picked":["Cleave","Pommel Strike"],"picked":"Evolve","floor":0.0},{"not_picked":["Clash","Twin Strike"],"picked":"Headbutt","floor":0.0},{"not_picked":["Pommel Strike","Pummel"],"picked":"Headbutt","floor":0.0},{"not_picked":["Sword Boomerang","Warcry"],"picked":"Shockwave","floor":0.0},{"not_picked":["Blood for Blood","Clash"],"picked":"Whirlwind","floor":0.0},{"not_picked":["Power Through","Clothesline"],"picked":"Battle Trance","floor":0.0},{"not_picked":["Shrug It Off","Ghostly Armor"],"picked":"Armaments","floor":0.0},{"not_picked":["Warcry","Pommel Strike"],"picked":"Armaments","floor":0.0},{"not_picked":["Iron Wave","Blood for Blood","Anger"],"picked":"SKIP","floor":1.0},{"not_picked":["Blood for Blood","Sword Boomerang","Cleave"],"picked":"SKIP","floor":4.0},{"not_picked":["Sentinel","Clothesline"],"picked":"Shrug It Off","floor":5.0},{"not_picked":["Sentinel","Perfected Strike","Armaments"],"picked":"SKIP","floor":10.0},{"not_picked":["Double Tap","Berserk"],"picked":"Barricade","floor":11.0},{"not_picked":["Immolate","Feed"],"picked":"Berserk","floor":13.0},{"not_picked":["Metallicize","Uppercut","Sword Boomerang"],"picked":"SKIP","floor":14.0},{"not_picked":["Iron Wave+1","Perfected Strike+1","Sever Soul+1"],"picked":"SKIP","floor":18.0},{"not_picked":["Clothesline","Hemokinesis","Rupture"],"picked":"SKIP","floor":20.0},{"not_picked":["Wild Strike","Pommel Strike"],"picked":"Seeing Red","floor":21.0},{"not_picked":["Flex","Evolve"],"picked":"Shrug It Off+1","floor":22.0},{"not_picked":["Reaper","Demon Form","Double Tap"],"picked":"SKIP","floor":24.0},{"not_picked":["Limit Break","Berserk"],"picked":"Impervious","floor":27.0},{"not_picked":["Headbutt+1","Rupture","Wild Strike"],"picked":"SKIP","floor":28.0},{"not_picked":["Double Tap","Berserk","Corruption"],"picked":"SKIP","floor":30.0},{"not_picked":["Iron Wave","Metallicize","Pommel Strike"],"picked":"SKIP","floor":31.0},{"not_picked":["Demon Form","Corruption"],"picked":"Offering","floor":33.0},{"not_picked":["Disarm+1","Cleave+1","Armaments+1"],"picked":"SKIP","floor":35.0},{"not_picked":["Clothesline+1","Evolve+1","Sever Soul+1"],"picked":"SKIP","floor":36.0},{"not_picked":["Rupture","Clothesline","Blood for Blood"],"picked":"SKIP","floor":39.0},{"not_picked":["Brutality","Fiend Fire","Bludgeon"],"picked":"SKIP","floor":41.0},{"not_picked":["Perfected Strike","Cleave"],"picked":"Battle Trance+1","floor":42.0},{"not_picked":["Brutality+1","Barricade+1","Limit Break"],"picked":"SKIP","floor":44.0},{"not_picked":["Juggernaut+1","Fiend Fire","Barricade+1"],"picked":"SKIP","floor":47.0},{"not_picked":["Perfected Strike+1","Heavy Blade+1","Headbutt"],"picked":"SKIP","floor":48.0}],"player_experience":707806,"relics_obtained":[{"floor":7.0,"key":"Calipers"},{"floor":9.0,"key":"Incense Burner"},{"floor":11.0,"key":"Vajra"},{"floor":24.0,"key":"Potion Belt"},{"floor":26.0,"key":"Shuriken"},{"floor":27.0,"key":"War Paint"},{"floor":30.0,"key":"Oddly Smooth Stone"},{"floor":41.0,"key":"White Beast Statue"},{"floor":41.0,"key":"InkBottle"},{"floor":43.0,"key":"Frozen Egg 2"},{"floor":44.0,"key":"Turnip"},{"floor":44.0,"key":"Bird Faced Urn"},{"floor":45.0,"key":"StoneCalendar"},{"floor":47.0,"key":"The Courier"},{"floor":47.0,"key":"Du-Vu Doll"}],"event_choices":[{"damage_healed":0.0,"max_hp_gain":0.0,"max_hp_loss":0.0,"gold_gain":0.0,"event_name":"Liars Game","player_choice":"Ignored","floor":2.0,"gold_loss":0.0,"damage_taken":0.0},{"damage_healed":0.0,"max_hp_gain":0.0,"max_hp_loss":0.0,"gold_gain":0.0,"event_name":"Dead Adventurer","player_choice":"Searched \u00272\u0027 times","floor":7.0,"gold_loss":0.0,"damage_taken":0.0},{"damage_healed":0.0,"max_hp_gain":0.0,"max_hp_loss":0.0,"gold_gain":99.0,"event_name":"Nest","player_choice":"Stole From Cult","floor":25.0,"gold_loss":0.0,"damage_taken":0.0},{"cards_removed":["Flex"],"damage_healed":0.0,"max_hp_gain":0.0,"max_hp_loss":0.0,"gold_gain":0.0,"event_name":"Falling","player_choice":"Removed Skill","floor":37.0,"gold_loss":0.0,"damage_taken":0.0},{"damage_healed":0.0,"max_hp_gain":0.0,"max_hp_loss":0.0,"gold_gain":0.0,"event_name":"Tomb of Lord Red Mask","player_choice":"Ignored","floor":38.0,"gold_loss":0.0,"damage_taken":0.0},{"damage_healed":0.0,"max_hp_gain":0.0,"max_hp_loss":0.0,"gold_gain":0.0,"event_name":"Mysterious Sphere","player_choice":"Fight","floor":45.0,"gold_loss":0.0,"damage_taken":0.0}],"is_beta":false,"boss_relics":[{"not_picked":["Snecko Eye","Velvet Choker"],"picked":"SlaversCollar"},{"not_picked":["Black Blood","Calling Bell"],"picked":"Black Star"}],"items_purged_floors":[3,12,19,46],"is_endless":false,"potions_floor_spawned":[4,10,13,14,20,21,30,33,41,42,44,45,47,48],"ascension_level":0}}