{"host":"u2dm6glrpyjr66v9","time":1608386610,"event":{"mods":["AchievementEnabler","BaseMod","CapriCore","Colored Map","Colored Powertips","DeckTracker","Friendly Minions","KomeijiMod","Minty Spire (QoL Compilation)","Quick Restart","StSLib","SuperFastMode"],"gold_per_floor":[116,116,116,191,204,204,224,224,224],"floor_reached":8,"playtime":276,"items_purged":[],"score":46,"play_id":"ec144050-5410-4b06-8a0f-a7aad949addd","local_time":"20201219230330","daily_mods":["Draft","Vintage","Heirloom","Time Dilation","Flight","DeadlyEvents"],"is_ascension_mode":false,"campfire_choices":[{"data":"SeekerDolls","floor":6,"key":"SMITH"}],"circlet_count":0,"master_deck":["NingyouShinki+1","ArtfulChanter","NingyouKisou+1","NingyouSP+1","SeekerDolls+1","NarrowSpark+1","NingyouYunhei+1","NingyouShinki+1","SeekerWire+1","NingyouFukuhei+1","NingyouShinki+1","NingyouSP+1","JyouchiJin+1","NingyouSousou+1","NingyouChiyari+1"],"relics":["KomeijisEye","SpellCardsRule","MusicBox","Prayer Wheel","Happy Flower","Du-Vu Doll","ColorfulQuillpen"],"acts_visited":["Exordium"],"potions_floor_usage":[],"damage_taken":[{"damage":0,"enemies":"2 Louse","floor":1,"turns":2},{"damage":8,"enemies":"Small Slimes","floor":5,"turns":4},{"damage":0,"enemies":"Cultist","floor":7,"turns":2},{"damage":32,"enemies":"Gremlin Nob","floor":8,"turns":3}],"seed_played":"1891048086791505825","potions_obtained":[{"floor":1,"key":"SpeedPotion"},{"floor":7,"key":"Strength Potion"}],"is_trial":true,"path_per_floor":["M","?","?","?","M","R","M","E"],"character_chosen":"KomeijiSatori","items_purchased":[],"campfire_rested":0,"item_purchase_floors":[],"current_hp_per_floor":[50,50,50,39,31,31,31,0,0],"gold":224,"neow_bonus":"","is_daily":false,"chose_seed":false,"campfire_upgraded":1,"win_rate":0.0,"timestamp":1608386610,"path_taken":["M","?","?","?","M","R","?","?"],"items_purchased_type":[],"build_version":"2020-12-13","purchased_purges":0,"victory":false,"max_hp_per_floor":[50,50,50,50,50,50,50,50,50],"card_choices":[{"not_picked":["Sabishigari+1","InscribeRedSoul"],"picked":"NingyouShinki+1","floor":0},{"not_picked":["Agarareta+1","VampireKiss"],"picked":"ArtfulChanter","floor":0},{"not_picked":["NingyouShinki+1","NingyouMusou+1"],"picked":"NingyouKisou+1","floor":0},{"not_picked":["HisouNoKen","DemonLordCradle"],"picked":"NingyouSP+1","floor":0},{"not_picked":["EnMu+1","ShyakuBuku"],"picked":"SeekerDolls","floor":0},{"not_picked":["KokorosuKi+1","SenseofElegance"],"picked":"NarrowSpark","floor":0},{"not_picked":["DemonLordCradle","SenyouGoraku+1"],"picked":"NingyouYunhei+1","floor":0},{"not_picked":["KimairaNoYoku","Melting"],"picked":"NingyouShinki+1","floor":0},{"not_picked":["HagoromoMizu","NingyouSousou+1"],"picked":"SeekerWire+1","floor":0},{"not_picked":["SelfTokamak","NingyouSousou+1"],"picked":"NingyouFukuhei+1","floor":0},{"not_picked":["Melting","Sabishigari+1"],"picked":"NingyouShinki+1","floor":0},{"not_picked":["DochyakuKami+1","Agarareta+1"],"picked":"NingyouSP+1","floor":0},{"not_picked":["DochyakuKami+1","RikonNoKama+1"],"picked":"JyouchiJin+1","floor":0},{"not_picked":["ShyakuBuku","RikonNoKama+1"],"picked":"NingyouSousou+1","floor":0},{"not_picked":["KinbakuJin+1","SeekerWire+1"],"picked":"NingyouChiyari+1","floor":0}],"player_experience":114996,"relics_obtained":[{"floor":1,"key":"Happy Flower"},{"floor":5,"key":"Du-Vu Doll"},{"floor":7,"key":"ColorfulQuillpen"}],"event_choices":[{"damage_healed":0,"gold_gain":0,"player_choice":"Grow","damage_taken":0,"max_hp_gain":0,"max_hp_loss":0,"event_name":"Living Wall","floor":3,"gold_loss":0,"cards_upgraded":["NarrowSpark"]},{"damage_healed":0,"gold_gain":75,"player_choice":"Gather Gold","damage_taken":11,"max_hp_gain":0,"max_hp_loss":0,"event_name":"World of Goop","floor":4,"gold_loss":0}],"is_beta":false,"boss_relics":[],"items_purged_floors":[],"is_endless":true,"potions_floor_spawned":[1,7],"killed_by":"Gremlin Nob","ascension_level":0}}