{"host":"xy5qih4nvxccm4rc","time":1608378741,"event":{"mods":["BaseMod","Minty Spire (QoL Compilation)","Replay The Spire","StSLib"],"gold_per_floor":[112,112,127,140,159,159,3,19,19,46,46,60,83,116,116,116,116],"floor_reached":16,"playtime":458,"items_purged":[],"score":133,"play_id":"5d1916fd-322f-4ae0-9c7e-5c90f4f26cd4","local_time":"20201219055221","is_ascension_mode":true,"campfire_choices":[{"data":"ReplayTheSpireMod:LeadingStrike","floor":6,"key":"SMITH"},{"data":"Replay:Undeath\u0027s Touch","floor":11,"key":"SMITH"}],"circlet_count":0,"master_deck":["Strike_R","Strike_R","Strike_R","Strike_R","Strike_R","Defend_R","Defend_R","Defend_R","Defend_R","Bash+1","Iron Wave+1","Carnage","ReplayTheSpireMod:LeadingStrike+1","Armaments","Replay:Undeath\u0027s Touch+1","Clothesline","Pommel Strike","Uppercut"],"relics":["Burning Blood","NeowsBlessing","Lee\u0027s Waffle","Odd Mushroom","Tiny Chest","Bottled Flame"],"acts_visited":["Exordium"],"potions_floor_usage":[14,14,16],"damage_taken":[{"damage":0,"enemies":"Small Slimes","floor":1,"turns":1},{"damage":0,"enemies":"Cultist","floor":3,"turns":1},{"damage":0,"enemies":"2 Louse","floor":4,"turns":1},{"damage":16,"enemies":"Blue Slaver","floor":5,"turns":3},{"damage":17,"enemies":"Looter","floor":8,"turns":3},{"damage":20,"enemies":"The Mushroom Lair","floor":10,"turns":4},{"damage":16,"enemies":"Gremlin Gang","floor":12,"turns":5},{"damage":38,"enemies":"Lagavulin","floor":14,"turns":4},{"damage":73,"enemies":"Slime Boss","floor":16,"turns":8}],"seed_played":"6563273952764127208","potions_obtained":[{"floor":3,"key":"Elixir"},{"floor":4,"key":"BloodPotion"},{"floor":8,"key":"BlessingOfTheForge"}],"is_trial":false,"path_per_floor":["M","?","M","M","M","R","$","M","T","?","R","M","T","E","R","B"],"character_chosen":"IRONCLAD","items_purchased":["Lee\u0027s Waffle"],"campfire_rested":0,"item_purchase_floors":[7],"current_hp_per_floor":[78,78,80,80,70,70,87,76,76,62,62,52,52,37,63,0,0],"gold":116,"neow_bonus":"THREE_ENEMY_KILL","is_daily":false,"chose_seed":false,"campfire_upgraded":2,"win_rate":0.0,"timestamp":1608378741,"path_taken":["M","?","?","M","M","R","$","M","T","?","R","M","?","E","R","BOSS"],"items_purchased_type":["Relic"],"build_version":"2020-12-13","purchased_purges":0,"victory":false,"max_hp_per_floor":[80,80,80,80,80,80,87,87,87,87,87,87,87,87,87,87,87],"card_choices":[{"not_picked":["Flex","Fire Breathing"],"picked":"Iron Wave","floor":1},{"not_picked":["ReplayReversal","Cleave"],"picked":"Carnage","floor":3},{"not_picked":["Flex","Blood for Blood"],"picked":"ReplayTheSpireMod:LeadingStrike","floor":4},{"not_picked":["Anger","Warcry"],"picked":"Armaments","floor":5},{"not_picked":["Abandon","Berserk"],"picked":"Replay:Undeath\u0027s Touch","floor":8},{"not_picked":["Pommel Strike","ReplayTheSpireMod:Strike From Hell"],"picked":"Clothesline","floor":10},{"not_picked":["Perfected Strike","Clash"],"picked":"Pommel Strike","floor":12},{"not_picked":["Havoc","Uppercut","Shrug It Off"],"picked":"SKIP","floor":14},{"not_picked":["Havoc","Shrug It Off"],"picked":"Uppercut","floor":14}],"player_experience":311052,"relics_obtained":[{"floor":10,"key":"Odd Mushroom"},{"floor":13,"key":"Tiny Chest"},{"floor":14,"key":"Bottled Flame"}],"event_choices":[{"damage_healed":0,"gold_gain":0,"player_choice":"Forge","damage_taken":0,"max_hp_gain":0,"max_hp_loss":0,"event_name":"Accursed Blacksmith","floor":2,"gold_loss":0,"cards_upgraded":["Bash"]},{"damage_healed":0,"gold_gain":0,"player_choice":"Fought Mushrooms","damage_taken":0,"max_hp_gain":0,"max_hp_loss":0,"event_name":"Mushrooms","floor":10,"gold_loss":0}],"is_beta":false,"boss_relics":[],"items_purged_floors":[],"is_endless":false,"potions_floor_spawned":[3,4,8],"killed_by":"Slime Boss","ascension_level":6}}