{"host":"y9jgkjnf95sujozk","time":1608390197,"event":{"mods":["2.2 Compatiblity","AchievementEnabler","BaseMod","Block Reminder","Colored Map","Colored Powertips","Downfall","Friendly Minions","GifTheSpireLib","Hermit","Highlight Path","MarisaÅiñ∂âJÅ@ñÇóùçπÅj","Minty Spire (QoL Compilation)","Random Character Button","Rare Cards Sparkle","Replay The Spire","StSLib","SuperFastMode","The Animator","The Bug Knight","The Cursed","The Servant 0.9.4"],"gold_per_floor":[117,170,170,182,202,236,236,255,255,255,255,23,23,40,40,137,137,147,147,147,159,177,177,207,219,254,266,298,325,25,41,41,41,41],"floor_reached":33,"playtime":946,"items_purged":[],"score":267,"play_id":"0aee3221-157b-4be1-a762-25366a05775b","local_time":"20201219160317","is_ascension_mode":false,"campfire_choices":[{"floor":7,"key":"REST"},{"floor":11,"key":"REST"},{"data":"expansioncontent:PrepareCrush","floor":13,"key":"SMITH"},{"floor":15,"key":"REST"},{"floor":23,"key":"REST"},{"floor":25,"key":"REST"},{"floor":27,"key":"REST"},{"floor":32,"key":"REST"}],"circlet_count":0,"master_deck":["champ:Strike","champ:Strike","champ:Strike","champ:Strike+1","champ:Defend","champ:Defend","champ:Defend","champ:Defend","champ:Execute","champ:Taunt","champ:Haymaker","champ:BringItOn","champ:Improvising","champ:FlashCut","champ:Balance","champ:EnragedBash","champ:GladiatorsShout","expansioncontent:PrepareCrush+1","champ:PerfectForm","champ:CheapShot","champ:GladiatorsShout","champ:FanOfKnives","champ:Riposte","champ:FlashCut+1","champ:FanOfKnives","champ:AdrenalArmor","champ:BladeFlurry","champ:StanceDance","champ:StanceDance","champ:Aggression","champ:FaceSlap"],"relics":["champ:ChampionCrown","CultistMask","Letter Opener","Bottled Lightning","Sling","Sozu","MawBank","Art of War","champ:BerserkersGuideToSlaughter"],"acts_visited":["Exordium","TheCity"],"potions_floor_usage":[6,16,16],"damage_taken":[{"damage":5,"enemies":"2 Louse","floor":1,"turns":4},{"damage":8,"enemies":"Small Slimes","floor":4,"turns":3},{"damage":5,"enemies":"Cultist","floor":5,"turns":4},{"damage":36,"enemies":"3 Sentries","floor":6,"turns":11},{"damage":19,"enemies":"Gremlin Gang","floor":8,"turns":5},{"damage":8,"enemies":"Exordium Wildlife","floor":14,"turns":4},{"damage":69,"enemies":"Fading Forest","floor":16,"turns":11},{"damage":22,"enemies":"Chosen","floor":18,"turns":5},{"damage":12,"enemies":"Shell Parasite","floor":21,"turns":5},{"damage":12,"enemies":"3 Cultists","floor":22,"turns":7},{"damage":46,"enemies":"Slavers","floor":24,"turns":8},{"damage":23,"enemies":"Snake Plant","floor":28,"turns":4},{"damage":30,"enemies":"Centurion and Healer","floor":29,"turns":8},{"damage":34,"enemies":"3 Cultists","floor":31,"turns":6},{"damage":51,"enemies":"Champ","floor":33,"turns":10}],"seed_played":"6071429492846253213","potions_obtained":[{"floor":5,"key":"sneckomod:MuddlingPotion"},{"floor":6,"key":"champ:TechniquePotion"},{"floor":8,"key":"Fire Potion"}],"is_trial":false,"path_per_floor":["M","?","?","M","M","E","R","M","T","?","R","$","R","M","R","B",null,"M","?","?","M","M","R","E","R","T","R","M","M","$","M","R","B"],"character_chosen":"THE_CHAMP","items_purchased":["Sling","expansioncontent:PrepareCrush","champ:BladeFlurry","champ:StanceDance","champ:Aggression","champ:BerserkersGuideToSlaughter"],"campfire_rested":7,"item_purchase_floors":[12,12,30,30,30,30],"current_hp_per_floor":[90,90,90,87,87,56,83,69,69,69,90,90,90,84,90,49,90,75,75,70,58,46,73,32,59,59,86,68,40,40,11,38,0,0],"gold":41,"neow_bonus":"RANDOM_EVENT","is_daily":false,"chose_seed":false,"campfire_upgraded":1,"win_rate":0.0,"timestamp":1608390197,"path_taken":["M","?","?","?","M","E","R","?","T","?","R","$","R","?","R","BOSS","M","?","?","M","M","R","E","R","T","R","M","M","$","?","R","BOSS"],"items_purchased_type":["Relic","Card","Card","Card","Card","Relic"],"build_version":"2020-12-13","purchased_purges":0,"victory":false,"max_hp_per_floor":[90,90,90,90,90,90,90,90,90,90,90,90,90,90,90,90,90,90,90,90,90,90,90,90,90,90,90,90,90,90,90,90,90,90],"card_choices":[{"not_picked":["champ:EndlessRage","champ:GladiatorsShout"],"picked":"champ:Haymaker","floor":1},{"not_picked":["champ:CalledShot","champ:DefensiveShout"],"picked":"champ:BringItOn","floor":4},{"not_picked":["champ:Circumvent","champ:RapidStrikes"],"picked":"champ:Improvising","floor":5},{"not_picked":["champ:GladiatorsShout","champ:GladiatorStyle"],"picked":"champ:FlashCut","floor":6},{"not_picked":["champ:PerfectedStrike","champ:ShieldWall"],"picked":"champ:Balance","floor":8},{"not_picked":["champ:Encircle","champ:DeathBlow"],"picked":"champ:PerfectForm","floor":14},{"not_picked":["champ:StrikeOfGenius","champ:SwordThrow"],"picked":"champ:CheapShot","floor":16},{"not_picked":["champ:TornadoPunch","champ:AdrenalArmor"],"picked":"champ:GladiatorsShout","floor":18},{"not_picked":["champ:GladiatorsShout","champ:Circumvent+1"],"picked":"champ:FanOfKnives","floor":21},{"not_picked":["champ:BringItOn","champ:FalseCounter"],"picked":"champ:Riposte","floor":22},{"not_picked":["champ:EndlessRage+1","champ:IgnorePain"],"picked":"champ:FlashCut+1","floor":24},{"not_picked":["champ:AdrenalArmor","champ:GladiatorsShout"],"picked":"champ:FanOfKnives","floor":28},{"not_picked":["champ:BringItOn","champ:BerserkerStyle"],"picked":"champ:AdrenalArmor","floor":29},{"not_picked":["champ:GladiatorsShout+1","champ:Lariat"],"picked":"champ:FaceSlap","floor":31}],"player_experience":109358,"relics_obtained":[{"floor":6,"key":"Letter Opener"},{"floor":9,"key":"Bottled Lightning"},{"floor":24,"key":"MawBank"},{"floor":26,"key":"Art of War"}],"event_choices":[{"damage_healed":0,"gold_gain":53,"player_choice":"Gained Gold","damage_taken":0,"max_hp_gain":0,"max_hp_loss":0,"event_name":"Golden Wing","floor":2,"gold_loss":0},{"damage_healed":0,"gold_gain":0,"player_choice":"Trade","damage_taken":0,"relics_obtained":["CultistMask"],"max_hp_gain":0,"max_hp_loss":0,"event_name":"FaceTrader","floor":3,"gold_loss":0},{"damage_healed":0,"gold_gain":0,"player_choice":"2 cards matched","damage_taken":0,"max_hp_gain":0,"max_hp_loss":0,"event_name":"Match and Keep!","floor":10,"gold_loss":0,"cards_obtained":["champ:EnragedBash","champ:GladiatorsShout"]}],"is_beta":false,"boss_relics":[{"not_picked":["Runic Pyramid","Honey Jar"],"picked":"Sozu"}],"items_purged_floors":[],"is_endless":false,"potions_floor_spawned":[5,6,8,22,28,29,31],"killed_by":"Champ","ascension_level":0}}