{"host":"r6jigiblrojhp6xe","time":1608418828,"event":{"mods":["AchievementEnabler","BaseMod","DeckTracker","Minty Spire (QoL Compilation)","Quick Restart","Rare Cards Sparkle","Relic Stats","StSLib","SuperFastMode","The Cursed","everything is the same but u backflip on backflip"],"gold_per_floor":[114,128,141,141,159,159,159,159],"floor_reached":7,"playtime":169,"items_purged":[],"score":86,"play_id":"1b799903-be3c-4b40-8288-3fedc220bebb","local_time":"20201220080028","is_ascension_mode":true,"campfire_choices":[{"data":"Bouncing Flask","floor":6.0,"key":"SMITH"}],"circlet_count":0,"master_deck":["AscendersBane","Strike_G","Strike_G","Strike_G","Strike_G","Strike_G","Defend_G","Defend_G","Defend_G","Defend_G","Defend_G","Survivor","Neutralize","Panache","Backstab","Bouncing Flask+1","Blade Dance"],"relics":["Ring of the Snake"],"acts_visited":["Exordium"],"potions_floor_usage":[7],"damage_taken":[{"damage":6.0,"enemies":"Cultist","floor":1.0,"turns":6.0},{"damage":4.0,"enemies":"Small Slimes","floor":2.0,"turns":3.0},{"damage":4.0,"enemies":"Jaw Worm","floor":3.0,"turns":2.0},{"damage":3.0,"enemies":"Looter","floor":5.0,"turns":2.0},{"damage":27,"enemies":"3 Sentries","floor":7,"turns":4}],"seed_played":"-7914362322680675129","potions_obtained":[{"floor":1.0,"key":"PowerPotion"}],"is_trial":false,"path_per_floor":["M","M","M","?","M","R","E"],"character_chosen":"THE_SILENT","items_purchased":[],"campfire_rested":0,"item_purchase_floors":[],"current_hp_per_floor":[38,34,30,30,27,27,0,0],"gold":159,"neow_bonus":"RANDOM_COLORLESS_2","is_daily":false,"chose_seed":false,"campfire_upgraded":1,"win_rate":0.0,"timestamp":1608418828,"path_taken":["M","M","?","?","M","R","E"],"items_purchased_type":[],"build_version":"2020-12-13","purchased_purges":0,"victory":false,"max_hp_per_floor":[66,66,66,66,66,66,66,66],"relic_stats":{"counters":[5,17],"obtain_stats":[{"Ring of the Snake":0},{"Ring of the Snake":0},{"Ring of the Snake":0}],"Ring of the Snake":[10]},"card_choices":[{"not_picked":["Sadistic Nature","The Bomb"],"picked":"Panache","floor":0.0},{"not_picked":["Quick Slash","PiercingWail","Deflect"],"picked":"SKIP","floor":1.0},{"not_picked":["Dodge and Roll","Caltrops"],"picked":"Backstab","floor":2.0},{"not_picked":["Bane","Backstab"],"picked":"Bouncing Flask","floor":3.0},{"not_picked":["Quick Slash","Dodge and Roll"],"picked":"Blade Dance","floor":5.0}],"player_experience":531757,"relics_obtained":[],"event_choices":[{"damage_healed":0.0,"max_hp_gain":0.0,"max_hp_loss":0.0,"gold_gain":0.0,"event_name":"Liars Game","player_choice":"Ignored","floor":4.0,"gold_loss":0.0,"damage_taken":0.0}],"is_beta":false,"boss_relics":[],"items_purged_floors":[],"is_endless":false,"potions_floor_spawned":[1],"killed_by":"3 Sentries","ascension_level":20}}