{"host":"esx1hwjnbftf3eqj","time":1608343343,"event":{"mods":["BaseMod","Colored Map","Minty Spire (QoL Compilation)","StSLib","The Jungle"],"gold_per_floor":[130,2,33,66,44,99,99,136,210,210,241,261,261,324,324,473,473,487,530,548,204,80,80,80,98,121,121,137,137,137,137,137],"floor_reached":31,"playtime":2789,"items_purged":["Decay","Reflex+1","Defend_G"],"score":321,"play_id":"18ee7e67-f2fe-4e71-8d3c-f1bb614eaef8","local_time":"20201218180223","is_ascension_mode":true,"campfire_choices":[{"data":"HandOfGreed","floor":7,"key":"SMITH"},{"floor":13,"key":"REST"},{"floor":15,"key":"REST"},{"data":"Bullet Time","floor":23,"key":"SMITH"},{"data":"Noxious Fumes","floor":24,"key":"SMITH"},{"floor":27,"key":"REST"},{"data":"Storm of Steel","floor":30,"key":"SMITH"}],"circlet_count":0,"master_deck":["Defend_G","Defend_G","Survivor","Neutralize","HandOfGreed+1","Deflect","Bane","Blade Dance","Deflect","Blade Dance","Blade Dance","Bullet Time+1","Bane","Backflip","Corpse Explosion","Storm of Steel+1","Heel Hook+1","Acrobatics+1","Calculated Gamble+1","Quick Slash+1","Blade Dance+1","Footwork","Die Die Die","Noxious Fumes+1","Backflip+1","Crippling Poison"],"relics":["Ring of the Snake","WingedGreaves","Darkstone Periapt","Smiling Mask","Astrolabe","Ancient Tea Set","Omamori","theJungle:SpiritDisease"],"acts_visited":["Exordium","Exordium"],"potions_floor_usage":[6,6,16,16,20,25],"damage_taken":[{"damage":0,"enemies":"2 Louse","floor":1,"turns":2},{"damage":0,"enemies":"Cultist","floor":3,"turns":4},{"damage":7,"enemies":"Small Slimes","floor":4,"turns":4},{"damage":26,"enemies":"Lagavulin","floor":6,"turns":6},{"damage":2,"enemies":"2 Fungi Beasts","floor":8,"turns":2},{"damage":27,"enemies":"Gremlin Nob","floor":11,"turns":4},{"damage":1,"enemies":"Blue Slaver","floor":12,"turns":5},{"damage":9,"enemies":"3 Louse","floor":14,"turns":6},{"damage":8,"enemies":"Slime Boss","floor":16,"turns":13},{"damage":15,"enemies":"Shell Parasite","floor":18,"turns":4},{"damage":21,"enemies":"theJungle:MUSHROOMGANG","floor":19,"turns":2},{"damage":6,"enemies":"theJungle:2_Snecko_Cultists","floor":20,"turns":4},{"damage":27,"enemies":"theJungle:Lyon","floor":25,"turns":5},{"damage":3,"enemies":"theJungle:2_Flameangoes","floor":28,"turns":2},{"damage":22,"enemies":"theJungle:Cassacara","floor":31,"turns":3}],"seed_played":"2937198049143124580","potions_obtained":[{"floor":1,"key":"PowerPotion"},{"floor":3,"key":"Strength Potion"},{"floor":6,"key":"CunningPotion"},{"floor":12,"key":"Weak Potion"},{"floor":14,"key":"CultistPotion"},{"floor":16,"key":"Ancient Potion"},{"floor":20,"key":"SpeedPotion"}],"is_trial":false,"path_per_floor":["M","$","M","M","$","E","R","M","T","?","E","M","R","M","R","B",null,"M","M","M","$","$","R","R","M","T","R","M","?","R","E"],"character_chosen":"THE_SILENT","items_purchased":["Deflect","Deflect","Footwork","Ancient Tea Set","Die Die Die","Noxious Fumes"],"campfire_rested":3,"item_purchase_floors":[2,5,21,21,21,22],"current_hp_per_floor":[70,70,70,63,63,37,37,35,35,35,8,7,28,19,40,32,70,55,34,28,28,28,28,28,1,1,22,19,19,19,0,0],"gold":137,"neow_bonus":"RANDOM_COLORLESS_2","is_daily":false,"chose_seed":false,"campfire_upgraded":4,"win_rate":0.0,"timestamp":1608343343,"path_taken":["M","$","M","M","$","E","R","M","T","?","E","M","R","M","R","BOSS","M","M","M","$","$","R","R","M","T","R","M","?","R","E"],"items_purchased_type":["Card","Card","Card","Relic","Card","Card"],"build_version":"2020-12-13","purchased_purges":3,"victory":false,"max_hp_per_floor":[70,70,70,70,70,70,70,70,70,70,70,70,70,70,70,70,70,70,70,70,70,70,70,70,70,70,70,70,70,70,70,70],"card_choices":[{"not_picked":["Panache","Sadistic Nature"],"picked":"HandOfGreed","floor":0},{"not_picked":["Underhanded Strike","Tactician","Outmaneuver"],"picked":"SKIP","floor":1},{"not_picked":["Heel Hook","PiercingWail"],"picked":"Bane","floor":3},{"not_picked":["Quick Slash","Dagger Spray"],"picked":"Blade Dance","floor":4},{"not_picked":["Distraction","Caltrops"],"picked":"Blade Dance","floor":6},{"not_picked":["Cloak And Dagger","Eviscerate"],"picked":"Blade Dance","floor":8},{"not_picked":["Prepared","All Out Attack"],"picked":"Bane","floor":11},{"not_picked":["All Out Attack","PiercingWail"],"picked":"Backflip","floor":12},{"not_picked":["Flechettes","Endless Agony"],"picked":"Corpse Explosion","floor":14},{"not_picked":["Unload","After Image"],"picked":"Storm of Steel","floor":16},{"not_picked":["Setup","Dagger Spray"],"picked":"Calculated Gamble+1","floor":18},{"not_picked":["Deflect","PiercingWail"],"picked":"Quick Slash+1","floor":19},{"not_picked":["Deadly Poison","Sucker Punch"],"picked":"Blade Dance+1","floor":20},{"not_picked":["Endless Agony","Poisoned Stab+1"],"picked":"Backflip+1","floor":25},{"not_picked":["Tactician","Skewer+1"],"picked":"Crippling Poison","floor":28}],"player_experience":471004,"relics_obtained":[{"floor":6,"key":"WingedGreaves"},{"floor":9,"key":"Darkstone Periapt"},{"floor":11,"key":"Smiling Mask"},{"floor":26,"key":"Omamori"}],"event_choices":[{"damage_healed":0,"gold_gain":0,"cards_transformed":["Strike_G"],"player_choice":"Transformed","damage_taken":0,"max_hp_gain":0,"max_hp_loss":0,"event_name":"Transmorgrifier","floor":10,"gold_loss":0,"cards_obtained":["Bullet Time"]}],"is_beta":false,"boss_relics":[{"not_picked":["Fusion Hammer","SacredBark"],"picked":"Astrolabe"}],"items_purged_floors":[2,21,22],"is_endless":false,"potions_floor_spawned":[1,3,6,12,14,16,20],"killed_by":"theJungle:Cassacara","ascension_level":4}}