{"host":"8by3m8mve9y2rhh4","time":1608419898,"event":{"mods":["BaseMod","Minty Spire (QoL Compilation)","Quick Restart"],"gold_per_floor":[109,126,126,51,66,99,99,135,159,11,11,44,44,69,69,198,198,214,230,230,230,329,329,359,376,376,376,376],"floor_reached":27,"playtime":1223,"items_purged":["Strike_R","Strike_R"],"score":286,"play_id":"7b9cfdd1-529c-4b3b-9be6-5f22c28986b4","local_time":"20201219231818","is_ascension_mode":true,"campfire_choices":[{"floor":7,"key":"REST"},{"floor":11,"key":"REST"},{"floor":13,"key":"RECALL"},{"floor":15,"key":"REST"},{"data":"Armaments","floor":23,"key":"SMITH"}],"circlet_count":0,"master_deck":["Defend_R","Defend_R","Defend_R","Bash","Rampage","Rampage","Warcry","Seeing Red","Rage","Metallicize","Iron Wave","Armaments+1","Demon Form","Dropkick","Carnage"],"relics":["Burning Blood","Bloody Idol","Vajra","Red Skull","Singing Bowl","Empty Cage","Ice Cream","Self Forming Clay"],"acts_visited":["Exordium","TheCity"],"potions_floor_usage":[8,18,18,19,24,24],"damage_taken":[{"damage":1,"enemies":"2 Louse","floor":1,"turns":4},{"damage":10,"enemies":"Jaw Worm","floor":2,"turns":4},{"damage":1,"enemies":"Cultist","floor":5,"turns":3},{"damage":31,"enemies":"Lagavulin","floor":6,"turns":7},{"damage":20,"enemies":"Gremlin Nob","floor":8,"turns":4},{"damage":16,"enemies":"3 Sentries","floor":12,"turns":10},{"damage":10,"enemies":"Looter","floor":14,"turns":3},{"damage":34,"enemies":"Slime Boss","floor":16,"turns":15},{"damage":15,"enemies":"3 Byrds","floor":18,"turns":7},{"damage":28,"enemies":"Chosen","floor":19,"turns":7},{"damage":35,"enemies":"Gremlin Leader","floor":24,"turns":8},{"damage":41,"enemies":"Shelled Parasite and Fungi","floor":25,"turns":7},{"damage":46,"enemies":"Slavers","floor":27,"turns":3}],"seed_played":"-7845924847743801821","potions_obtained":[{"floor":2,"key":"SpeedPotion"},{"floor":6,"key":"Fruit Juice"},{"floor":12,"key":"Regen Potion"},{"floor":16,"key":"Weak Potion"},{"floor":18,"key":"LiquidBronze"},{"floor":19,"key":"Fruit Juice"}],"is_trial":false,"path_per_floor":["M","M","?","$","M","E","R","E","T","$","R","E","R","M","R","B",null,"M","M","?","?","?","R","E","M","T","E"],"character_chosen":"IRONCLAD","items_purchased":["Iron Wave"],"campfire_rested":3,"item_purchase_floors":[10],"current_hp_per_floor":[80,76,56,56,61,36,60,51,51,51,76,68,68,64,87,59,87,80,65,65,65,70,70,63,35,35,0,0],"gold":376,"neow_bonus":"THREE_CARDS","is_daily":false,"chose_seed":false,"campfire_upgraded":1,"win_rate":0.0,"timestamp":1608419898,"path_taken":["M","M","?","$","M","E","R","E","T","$","R","E","R","M","R","BOSS","M","M","?","?","?","R","E","M","T","E"],"items_purchased_type":["Card"],"build_version":"2020-12-13","purchased_purges":2,"victory":false,"max_hp_per_floor":[80,80,80,80,80,80,80,85,85,85,85,87,87,87,87,87,87,89,96,96,96,96,96,98,100,100,100,100],"card_choices":[{"not_picked":["Dark Embrace","Searing Blow"],"picked":"Rampage","floor":0},{"not_picked":["Clash","Rupture"],"picked":"Rampage","floor":1},{"not_picked":["Perfected Strike","Havoc"],"picked":"Warcry","floor":2},{"not_picked":["Havoc","Fire Breathing"],"picked":"Seeing Red","floor":5},{"not_picked":["Flex","Shockwave"],"picked":"Rage","floor":6},{"not_picked":["Inflame","Combust"],"picked":"Metallicize","floor":8},{"not_picked":["Power Through","Second Wind","Wild Strike"],"picked":"Singing Bowl","floor":12},{"not_picked":["Dark Embrace","Feel No Pain"],"picked":"Armaments","floor":14},{"not_picked":["Limit Break","Double Tap"],"picked":"Demon Form","floor":16},{"not_picked":["Anger","Flex","Havoc"],"picked":"Singing Bowl","floor":18},{"not_picked":["Flex","Pommel Strike","Havoc"],"picked":"Singing Bowl","floor":19},{"not_picked":["Uppercut","Second Wind","Warcry+1"],"picked":"Singing Bowl","floor":24},{"not_picked":["Flex+1","Armaments","Headbutt"],"picked":"Singing Bowl","floor":25}],"player_experience":574928,"relics_obtained":[{"floor":6,"key":"Vajra"},{"floor":8,"key":"Red Skull"},{"floor":12,"key":"Singing Bowl"},{"floor":24,"key":"Ice Cream"},{"floor":26,"key":"Self Forming Clay"}],"event_choices":[{"damage_healed":0,"gold_gain":0,"player_choice":"Take Damage","damage_taken":20,"relics_obtained":["Golden Idol"],"max_hp_gain":0,"max_hp_loss":0,"event_name":"Golden Idol","floor":3,"gold_loss":0},{"damage_healed":0,"gold_gain":0,"cards_transformed":["Defend_R","Strike_R"],"player_choice":"Became Test Subject","damage_taken":0,"max_hp_gain":0,"max_hp_loss":0,"event_name":"Drug Dealer","floor":20,"gold_loss":0,"cards_obtained":["Dropkick","Carnage"]},{"damage_healed":0,"gold_gain":0,"player_choice":"Gave Idol","damage_taken":0,"relics_obtained":["Bloody Idol"],"max_hp_gain":0,"max_hp_loss":0,"event_name":"Forgotten Altar","floor":21,"relics_lost":["Golden Idol"],"gold_loss":0},{"damage_healed":0,"gold_gain":99,"player_choice":"Stole From Cult","damage_taken":0,"max_hp_gain":0,"max_hp_loss":0,"event_name":"Nest","floor":22,"gold_loss":0}],"is_beta":false,"boss_relics":[{"not_picked":["Runic Dome","SacredBark"],"picked":"Empty Cage"}],"items_purged_floors":[4,10],"is_endless":false,"potions_floor_spawned":[2,6,12,16,18,19],"killed_by":"Slavers","ascension_level":1}}