{"host":"k5j3culymg4irp71","time":1608345004,"event":{"mods":["2.2 Compatiblity","Act Like it!","Art Attack!","Aspiration","Astrologer","Bard","BaseMod","Bestiary","Better Match","BetterRewards","Block Reminder","CCEM","Colored Map","Colored Powertips","Conspire","Downfall","Emptier Cage","Energized Spire","GifTheSpireLib","Halation","Hallownest","Hermit","Hubris","Infinite Spire","Ironclad Rager","Minty Spire (QoL Compilation)","Pale of the Ancients","Quarter Circle Forward PUNCH!","Rare Cards Sparkle","Replay The Spire","Shade Mod","Shop Mod","Spikes Relics","StSLib","Stuff the Spire","The Animator","The Blackbeard","The Bladedancer","The Blue Laboratory","The Cursed","The Druid","The Forsaken","The Gatherer","The Hayseed","The Hierophant","The Juggle","The Runesmith","The Servant 0.9.4","TheArtist","Waifu the Spire","Wandering Minibosses","slay the spire mod where everything is the same but ironclad has a cowboy hat","vexMod"],"gold_per_floor":[99,9,34,49,62,78,102,102,119,44,29,45,30,30,40,40,40],"floor_reached":16,"playtime":1269,"items_purged":[],"score":152,"play_id":"cf6155ac-dd9b-4b74-97fd-038cf48688b3","local_time":"20201218183004","is_ascension_mode":false,"campfire_choices":[{"data":"hubris:Disease","floor":1.0,"key":"PURGE"},{"floor":10.0,"key":"RECALL"}],"circlet_count":0,"master_deck":["sneckomod:Strike","sneckomod:Strike","sneckomod:Strike","sneckomod:Defend","sneckomod:Defend","sneckomod:Defend","sneckomod:TailWhip","sneckomod:SnekBite","sneckomod:Unknown","sneckomod:Unknown","sneckomod:MorePower+1","sneckomod:CheapStock","sneckomod:SoulRoll","sneckomod:UnknownClassBLADEMASTER_GRAY+1","sneckomod:UnknownCommonSkill","sneckomod:UnknownUncommonPower+1","sneckomod:RainOfDice+1","sneckomod:UnknownRarePower+1","sneckomod:UnknownClassGUARDIAN","sneckomod:UnknownX+1","sneckomod:RainOfDice+1","sneckomod:UnknownClassRED+1","sneckomod:SoulCleanse","sneckomod:Unknown2Cost+1","sneckomod:UnknownClassSLIMEBOUND","sneckomod:UnknownWeak+1","sneckomod:RainOfDice+1","sneckomod:UnknownUncommonAttack+1","sneckomod:DiceCrush"],"relics":["sneckomod:SneckoSoul","qcfpunch:Red_Headband","downfall:HeartBlessingBlue","Replay:Bottled Eggs"],"acts_visited":["Exordium"],"potions_floor_usage":[13],"damage_taken":[{"damage":0.0,"enemies":"downfall:FleeingMerchant","floor":2.0,"turns":4.0},{"damage":14.0,"enemies":"Gremlin Nob","floor":3.0,"turns":4.0},{"damage":5.0,"enemies":"Cultist","floor":4.0,"turns":4.0},{"damage":1.0,"enemies":"Jaw Worm","floor":5.0,"turns":4.0},{"damage":17.0,"enemies":"Small Slimes","floor":6.0,"turns":4.0},{"damage":13.0,"enemies":"Exordium Wildlife","floor":9.0,"turns":4.0},{"damage":3.0,"enemies":"downfall:FleeingMerchant","floor":11.0,"turns":4.0},{"damage":20,"enemies":"Exordium Thugs","floor":12,"turns":4},{"damage":16,"enemies":"downfall:FleeingMerchant","floor":13,"turns":4},{"damage":14,"enemies":"Blue Slaver","floor":15,"turns":5},{"damage":26,"enemies":"downfall:Silent","floor":16,"turns":2}],"seed_played":"3840499555215432647","potions_obtained":[{"floor":3.0,"key":"AttackPotion"},{"floor":4.0,"key":"sneckomod:OffclassReductionPotion"},{"floor":5.0,"key":"Explosive Potion"},{"floor":12,"key":"SkillPotion"}],"is_trial":false,"path_per_floor":["R_BF","$","E","M","M","M","T","?","M","R","$","M","$","T","M","B"],"character_chosen":"THE_SNECKO","items_purchased":["sneckomod:CheapStock"],"campfire_rested":0,"item_purchase_floors":[2],"current_hp_per_floor":[108,108,94,91,91,76,76,76,64,74,72,54,39,39,26,0,0],"gold":40,"neow_bonus":"TWENTY_PERCENT_HP_BONUS","is_daily":false,"chose_seed":false,"campfire_upgraded":0,"win_rate":0.0,"timestamp":1608345004,"path_taken":["R_BF","?","E","M","M","M","T","?","M","R","$","M","$","?","M","BOSS"],"items_purchased_type":["Card"],"build_version":"2020-12-13","purchased_purges":0,"victory":false,"max_hp_per_floor":[108,108,108,110,111,113,113,113,114,124,125,127,128,128,129,129,129],"card_choices":[{"not_picked":["sneckomod:Unknown1Cost","sneckomod:Rotation"],"picked":"sneckomod:MorePower","floor":2.0},{"not_picked":["sneckomod:UnknownStrike","sneckomod:UnknownVulnerable"],"picked":"sneckomod:SoulRoll","floor":3.0},{"not_picked":["sneckomod:UnknownClassHIEROPHANT_GOLD_COLOR+1","sneckomod:UnknownClassBARD_COLOR+1"],"picked":"sneckomod:UnknownClassBLADEMASTER_GRAY+1","floor":4.0},{"not_picked":["sneckomod:DiceBlock","sneckomod:Nope"],"picked":"sneckomod:UnknownCommonSkill","floor":4.0},{"not_picked":["sneckomod:UnknownClassEV_BLUE_COLOR+1","sneckomod:UnknownClassTHE_UNNAMED+1"],"picked":"sneckomod:UnknownUncommonPower+1","floor":5.0},{"not_picked":["sneckomod:UnknownVulnerable","sneckomod:WideSting"],"picked":"sneckomod:RainOfDice","floor":5.0},{"not_picked":["sneckomod:UnknownClassTHE_ANIMATOR+1","sneckomod:Unknown0Cost+1"],"picked":"sneckomod:UnknownRarePower+1","floor":6.0},{"not_picked":["sneckomod:UnknownClassBLACKBEARD_BLACK","sneckomod:SoulDraw"],"picked":"sneckomod:UnknownClassGUARDIAN","floor":6.0},{"not_picked":["sneckomod:UnknownClassBLACKBEARD_BLACK+1","sneckomod:UnknownExhaust+1"],"picked":"sneckomod:UnknownX+1","floor":9.0},{"not_picked":["sneckomod:UnknownClassSHADE_COLOR","sneckomod:Unknown1Cost"],"picked":"sneckomod:RainOfDice","floor":9.0},{"not_picked":["sneckomod:UnknownClassARTIST_RAINBOW_COLOR+1","sneckomod:UnknownClassDEFAULT_GRAY_COLOR+1"],"picked":"sneckomod:UnknownClassRED+1","floor":11.0},{"not_picked":["sneckomod:DiceBlock","sneckomod:PureSnecko"],"picked":"sneckomod:SoulCleanse","floor":11.0},{"not_picked":["sneckomod:UnknownClassDEFAULT_GRAY_COLOR+1","sneckomod:UnknownStrike+1"],"picked":"sneckomod:Unknown2Cost+1","floor":12},{"not_picked":["sneckomod:DiceBlock","sneckomod:UnknownClassBLACKBEARD_BLACK"],"picked":"sneckomod:UnknownClassSLIMEBOUND","floor":12},{"not_picked":["sneckomod:UnknownClassARTIST_RAINBOW_COLOR+1","sneckomod:UnknownClassTHE_UNNAMED+1"],"picked":"sneckomod:UnknownWeak+1","floor":13},{"not_picked":["sneckomod:Cheat","sneckomod:WideSting"],"picked":"sneckomod:RainOfDice","floor":13},{"not_picked":["sneckomod:UnknownClassTHE_SIMPLETON_BLUE+1","sneckomod:UnknownClassBLUE+1"],"picked":"sneckomod:UnknownUncommonAttack+1","floor":15},{"not_picked":["sneckomod:UnknownWeak","sneckomod:QuickMove"],"picked":"sneckomod:DiceCrush","floor":15}],"player_experience":33681,"relics_obtained":[{"floor":3.0,"key":"qcfpunch:Red_Headband"},{"floor":14,"key":"Replay:Bottled Eggs"}],"event_choices":[{"damage_healed":0.0,"max_hp_gain":0.0,"max_hp_loss":0.0,"gold_gain":0.0,"event_name":"Living Wall","player_choice":"Grow","floor":8.0,"gold_loss":0.0,"damage_taken":0.0,"cards_upgraded":["sneckomod:MorePower"]}],"is_beta":false,"boss_relics":[],"items_purged_floors":[],"is_endless":false,"potions_floor_spawned":[3,4,5,12],"killed_by":"downfall:Silent","ascension_level":0}}