{"host":"4amcrcg6ktw8dbzk","time":1608385786,"event":{"mods":["ATMod(°¢èªMod)","BaseMod","Dota2Spire","Minty Spire (QoL Compilation)","MostiFishMod","Spicy Shops","StSLib","Waifu the Spire"],"gold_per_floor":[112,124,136,148,168,168,197,197,197,212,267,282,42,54,54,126,126,146,146,146,146,13,13,41,41,41,41,67,78,95,121,121,192,192,206,206,224,36,36,36,63,78,78,103,115,84,84,117,117,117,117,117,52,84,84],"floor_reached":56,"playtime":2646,"items_purged":["Strike_B","Zap"],"score":2527,"play_id":"cdacc1c5-5150-48c8-954d-a4b52754baec","local_time":"20201219214946","is_ascension_mode":true,"campfire_choices":[{"data":"Consume","floor":6.0,"key":"SMITH"},{"data":"Defragment","floor":8.0,"key":"SMITH"},{"data":"Coolheaded","floor":15.0,"key":"SMITH"},{"data":"AT_WaterDrop","floor":23.0,"key":"SMITH"},{"data":"MostiFishMod:InterfaceCompatibility","floor":25.0,"key":"SMITH"},{"data":"Recycle","floor":27.0,"key":"SMITH"},{"data":"Turbo","floor":32.0,"key":"SMITH"},{"data":"MostiFishMod:STOP","floor":40,"key":"SMITH"},{"data":"MostiFishMod:STOP","floor":47,"key":"SMITH"},{"floor":49,"key":"RECALL"},{"data":"Coolheaded","floor":52,"key":"SMITH"}],"circlet_count":0,"master_deck":["AscendersBane","Strike_B","Strike_B","Strike_B","Defend_B","Defend_B","Defend_B","Dualcast","AT_WaterDrop+1","Sweeping Beam","Consume+1","Coolheaded+1","Reinforced Body","Coolheaded","Defragment+1","Ball Lightning","Skim","Recycle+1","Turbo+1","Coolheaded+1","Ball Lightning","Echo Form","Storm","Blizzard","MostiFishMod:InterfaceCompatibility+1","Double Energy+1","White Noise+1","Machine Learning","Tempest","MostiFishMod:STOP+1","MostiFishMod:STOP+1","Chaos+1","MostiFishMod:FluxCapactior","Loop","AT_ThreeBodyProblem","Loop","Biased Cognition","AT_HeatAcrobatics+1"],"relics":["Cracked Core","DaveBox","AT_ATBox","HollowDreamFlower","Question Card","Prayer Wheel","Dota2Spire:ArcaneBoots","Medical Kit","ImportantClient","BirthdayGift-Icosahedron","OrangePellets","AT_ImmortalShieldbow","Boot","Dota2Spire:MantaStyle","Bag of Marbles","Dota2Spire:Bloodstone","Molten Egg 2","AT_Kusabimaru","Darkstone Periapt","Unceasing Top","Dota2Spire:MaskOfMadness","FossilizedHelix"],"acts_visited":["Exordium","TheCity","TheBeyond","TheEnding"],"potions_floor_usage":[55,55],"damage_taken":[{"damage":3.0,"enemies":"Jaw Worm","floor":1.0,"turns":5.0},{"damage":4.0,"enemies":"Small Slimes","floor":2.0,"turns":4.0},{"damage":7.0,"enemies":"2 Louse","floor":3.0,"turns":4.0},{"damage":5.0,"enemies":"Blue Slaver","floor":4.0,"turns":6.0},{"damage":17.0,"enemies":"Lots of Slimes","floor":5.0,"turns":5.0},{"damage":13.0,"enemies":"Lagavulin","floor":7.0,"turns":14.0},{"damage":9.0,"enemies":"Red Slaver","floor":10.0,"turns":4.0},{"damage":9.0,"enemies":"3 Sentries","floor":11.0,"turns":9.0},{"damage":8.0,"enemies":"2 Fungi Beasts","floor":12.0,"turns":4.0},{"damage":0.0,"enemies":"Looter","floor":14.0,"turns":3.0},{"damage":12.0,"enemies":"The Guardian","floor":16.0,"turns":10.0},{"damage":0.0,"enemies":"Spheric Guardian","floor":18.0,"turns":2.0},{"damage":7.0,"enemies":"Book of Stabbing","floor":24.0,"turns":3.0},{"damage":0.0,"enemies":"Slavers","floor":28.0,"turns":2.0},{"damage":0.0,"enemies":"Chosen","floor":29.0,"turns":2.0},{"damage":0.0,"enemies":"Centurion and Healer","floor":30.0,"turns":1.0},{"damage":0.0,"enemies":"Gremlin Leader","floor":31.0,"turns":2.0},{"damage":0.0,"enemies":"Automaton","floor":33.0,"turns":3.0},{"damage":0,"enemies":"3 Shapes","floor":35,"turns":2},{"damage":0,"enemies":"Orb Walker","floor":37,"turns":1},{"damage":0,"enemies":"Reptomancer","floor":41,"turns":1},{"damage":0,"enemies":"Sphere and 2 Shapes","floor":42,"turns":1},{"damage":0,"enemies":"Mind Bloom Boss Battle","floor":44,"turns":2},{"damage":0,"enemies":"3 Darklings","floor":45,"turns":1},{"damage":0,"enemies":"Giant Head","floor":48,"turns":1},{"damage":0,"enemies":"Awakened One","floor":50,"turns":3},{"damage":0,"enemies":"Shield and Spear","floor":54,"turns":1},{"damage":1,"enemies":"The Heart","floor":55,"turns":4}],"seed_played":"8842672997256441746","potions_obtained":[{"floor":5.0,"key":"CultistPotion"},{"floor":7.0,"key":"Fruit Juice"},{"floor":10.0,"key":"Strength Potion"},{"floor":16.0,"key":"DistilledChaos"},{"floor":33.0,"key":"FocusPotion"},{"floor":45,"key":"PotionOfCapacity"}],"is_trial":false,"path_per_floor":["M","M","M","M","M","R","E","R","T","M","?","M","$","M","R","B",null,"M","?","?","?","$","R","E","R","T","R","E","M","M","E","R","B",null,"M","?","M","$","$","R","E","M","T","?","M","$","R","E","R","B",null,"R","$","E","B",null],"character_chosen":"DEFECT","items_purchased":["Medical Kit","OrangePellets","Molten Egg 2","AT_ThreeBodyProblem","Biased Cognition"],"campfire_rested":0,"item_purchase_floors":[13,22,38,46,53],"current_hp_per_floor":[65,65,62,61,48,48,44,44,44,39,34,30,30,34,34,26,64,69,69,69,69,69,69,67,67,67,67,72,76,76,76,76,76,76,76,76,76,76,76,76,76,76,76,76,76,76,76,76,76,76,76,76,76,76,76],"gold":84,"neow_bonus":"REMOVE_CARD","is_daily":false,"chose_seed":false,"campfire_upgraded":10,"win_rate":0.0,"timestamp":1608385786,"path_taken":["M","M","M","M","M","R","E","R","T","M","?","M","$","M","R","BOSS","M","?","?","?","$","R","E","R","T","R","E","M","M","E","R","BOSS","M","?","?","?","$","R","E","M","T","?","M","$","R","E","R","BOSS","R","$","E","BOSS"],"items_purchased_type":["Relic","Relic","Relic","Card","Card"],"build_version":"2020-12-13","purchased_purges":2,"victory":true,"max_hp_per_floor":[71,71,71,71,71,71,76,76,76,76,76,76,76,76,76,76,76,76,76,76,76,76,76,76,76,76,76,76,76,76,76,76,76,76,76,76,76,76,76,76,76,76,76,76,76,76,76,76,76,76,76,76,76,76,76],"card_choices":[{"not_picked":["Stack","Leap"],"picked":"Sweeping Beam","floor":1.0},{"not_picked":["Auto Shields","Force Field","FTL"],"picked":"Consume","floor":2.0},{"not_picked":["Reprogram","Gash","AT_WarpDrive"],"picked":"Coolheaded","floor":3.0},{"not_picked":["Go for the Eyes","Leap","Meteor Strike"],"picked":"Reinforced Body","floor":4.0},{"not_picked":["Ball Lightning","Chaos","Steam"],"picked":"Coolheaded","floor":5.0},{"not_picked":["Tempest","Hello World","Creative AI"],"picked":"Defragment","floor":7.0},{"not_picked":["Sweeping Beam","Barrage","FTL"],"picked":"Ball Lightning","floor":10.0},{"not_picked":["Leap","Ball Lightning","Self Repair","Heatsinks"],"picked":"SKIP","floor":10.0},{"not_picked":["Hologram","Leap","Ball Lightning"],"picked":"Skim","floor":11.0},{"not_picked":["Sunder","Redo","Streamline"],"picked":"Recycle","floor":12.0},{"not_picked":["Sweeping Beam","Hologram","Rebound"],"picked":"Turbo","floor":12.0},{"not_picked":["MostiFishMod:FourSeasons","Reprogram","Hello World"],"picked":"Coolheaded","floor":14.0},{"not_picked":["Streamline","Doom and Gloom","Genetic Algorithm"],"picked":"Ball Lightning","floor":14.0},{"not_picked":["Seek","MostiFishMod:GoodWordForIt","MostiFishMod:TalkingToTheRain"],"picked":"Echo Form","floor":16.0},{"not_picked":["Beam Cell","Conserve Battery","Stack+1"],"picked":"Storm","floor":18.0},{"not_picked":["Hologram","Static Discharge","Go for the Eyes","Beam Cell"],"picked":"SKIP","floor":18.0},{"not_picked":["Beam Cell","Lockon","Self Repair"],"picked":"MostiFishMod:InterfaceCompatibility","floor":24.0},{"not_picked":["Hologram","Heatsinks","Cold Snap"],"picked":"Double Energy+1","floor":28.0},{"not_picked":["Rip and Tear","Compile Driver","Leap"],"picked":"White Noise+1","floor":29.0},{"not_picked":["Cold Snap+1","Steam Power+1","Reinforced Body","Beam Cell"],"picked":"SKIP","floor":29.0},{"not_picked":["Steam","Lockon+1","Compile Driver+1"],"picked":"Machine Learning","floor":30.0},{"not_picked":["Beam Cell","Ball Lightning","Cold Snap"],"picked":"Tempest","floor":30.0},{"not_picked":["Rebound","AT_EMC2","Turbo+1","Barrage"],"picked":"SKIP","floor":31.0},{"not_picked":["MostiFishMod:DeathFromBelow","MostiFishMod:IntelligentEquipment","MostiFishMod:SeaWaves"],"picked":"MostiFishMod:STOP","floor":33.0},{"not_picked":["Steam+1","Cold Snap","Barrage","Conserve Battery+1"],"picked":"SKIP","floor":35},{"not_picked":["Stack","Leap","Gash+1","Conserve Battery"],"picked":"SKIP","floor":35},{"not_picked":["Cold Snap","Reprogram","Hologram+1"],"picked":"Chaos+1","floor":37},{"not_picked":["Streamline","Coolheaded","Conserve Battery+1","Steam"],"picked":"SKIP","floor":37},{"not_picked":["Streamline+1","Lockon+1","Compile Driver+1"],"picked":"MostiFishMod:FluxCapactior","floor":41},{"not_picked":["Cold Snap+1","Ball Lightning+1","Darkness","AT_HeatAcrobatics"],"picked":"SKIP","floor":42},{"not_picked":["Redo","Steam+1","Sweeping Beam+1","Gash+1"],"picked":"SKIP","floor":42},{"not_picked":["Steam","Steam Power","Hello World+1"],"picked":"Loop","floor":44},{"not_picked":["Streamline+1","Lockon+1","MostiFishMod:ReprogramOld","Amplify"],"picked":"SKIP","floor":45},{"not_picked":["Reinforced Body","Ball Lightning+1","Compile Driver+1","Go for the Eyes+1"],"picked":"SKIP","floor":45},{"not_picked":["Gash+1","AT_HeatAcrobatics","Leap"],"picked":"Loop","floor":48},{"not_picked":["Turbo+1","Stack","Coolheaded"],"picked":"AT_HeatAcrobatics+1","floor":54}],"player_experience":279656,"relics_obtained":[{"floor":1.0,"key":"Question Card"},{"floor":7.0,"key":"Prayer Wheel"},{"floor":11.0,"key":"Dota2Spire:ArcaneBoots"},{"floor":16.0,"key":"ImportantClient"},{"floor":24.0,"key":"AT_ImmortalShieldbow"},{"floor":26.0,"key":"Boot"},{"floor":28.0,"key":"Dota2Spire:MantaStyle"},{"floor":31.0,"key":"Bag of Marbles"},{"floor":41,"key":"AT_Kusabimaru"},{"floor":43,"key":"Darkstone Periapt"},{"floor":44,"key":"Unceasing Top"},{"floor":48,"key":"Dota2Spire:MaskOfMadness"},{"floor":54,"key":"FossilizedHelix"}],"event_choices":[{"damage_healed":0.0,"max_hp_gain":0.0,"max_hp_loss":0.0,"gold_gain":30.0,"event_name":"Dead Adventurer","player_choice":"Searched \u00272\u0027 times","floor":11.0,"gold_loss":0.0,"damage_taken":0.0},{"damage_healed":0.0,"max_hp_gain":0.0,"max_hp_loss":0.0,"gold_gain":0.0,"event_name":"The Library","player_choice":"Read","floor":19.0,"gold_loss":0.0,"damage_taken":0.0,"cards_obtained":["Blizzard"]},{"damage_healed":0.0,"max_hp_gain":0.0,"max_hp_loss":0.0,"gold_gain":0.0,"event_name":"Vampires","player_choice":"Ignored","floor":20.0,"gold_loss":0.0,"damage_taken":0.0},{"damage_healed":0.0,"max_hp_gain":0.0,"max_hp_loss":0.0,"gold_gain":0.0,"event_name":"Cursed Tome","player_choice":"Ignored","floor":21.0,"gold_loss":0.0,"damage_taken":0.0},{"damage_healed":0,"gold_gain":0,"player_choice":"Copied","damage_taken":0,"max_hp_gain":0,"max_hp_loss":0,"event_name":"Duplicator","floor":36,"gold_loss":0,"cards_obtained":["MostiFishMod:STOP"]},{"damage_healed":0,"gold_gain":0,"player_choice":"Fight","damage_taken":0,"max_hp_gain":0,"max_hp_loss":0,"event_name":"MindBloom","floor":44,"gold_loss":0}],"is_beta":false,"boss_relics":[{"not_picked":["AT_MortalBlade","Empty Cage"],"picked":"BirthdayGift-Icosahedron"},{"not_picked":["Cursed Key","ShadowXiaoBlade"],"picked":"Dota2Spire:Bloodstone"}],"items_purged_floors":[13,38],"is_endless":false,"potions_floor_spawned":[5,7,10,11,16,28,29,31,33,35,44,45],"ascension_level":17}}