{"host":"t7mx8yfj1no5p62f","time":1608388252,"event":{"mods":["BaseMod","Colored Map","Colored Powertips","Filter the Spire","Minty Spire (QoL Compilation)","Relic Stats","StSLib"],"gold_per_floor":[109,26,37,37,57,87,27,27,27],"floor_reached":8,"playtime":430,"items_purged":[],"score":112,"play_id":"bff3c6cb-4bd4-4b47-95a5-e18d2a0a6272","local_time":"20201219093052","is_ascension_mode":true,"campfire_choices":[],"circlet_count":0,"master_deck":["AscendersBane","Strike_G","Strike_G","Strike_G","Strike_G","Strike_G","Defend_G","Defend_G","Defend_G","Defend_G","Defend_G","Survivor","Neutralize","Dagger Spray","Leg Sweep","Dagger Spray","Leg Sweep","Flying Knee"],"relics":["Snecko Eye","Gremlin Horn"],"acts_visited":["Exordium"],"potions_floor_usage":[8],"damage_taken":[{"damage":1,"enemies":"2 Louse","floor":1,"turns":4},{"damage":2,"enemies":"Jaw Worm","floor":3,"turns":5},{"damage":3,"enemies":"Cultist","floor":5,"turns":5},{"damage":34,"enemies":"3 Sentries","floor":6,"turns":13},{"damage":0,"enemies":"Looter","floor":7,"turns":5},{"damage":31,"enemies":"Lagavulin","floor":8,"turns":11}],"seed_played":"3096501452135077447","potions_obtained":[{"floor":5,"key":"SteroidPotion"}],"is_trial":false,"path_per_floor":["M","$","M","?","M","E","M","E"],"character_chosen":"THE_SILENT","items_purchased":["Leg Sweep"],"campfire_rested":0,"item_purchase_floors":[2],"current_hp_per_floor":[58,58,56,61,58,24,24,0,0],"gold":27,"neow_bonus":"BOSS_RELIC","is_daily":false,"chose_seed":false,"campfire_upgraded":0,"win_rate":0.0,"timestamp":1608388252,"path_taken":["M","$","M","?","M","E","M","E"],"items_purchased_type":["Card"],"build_version":"2020-12-13","purchased_purges":0,"victory":false,"max_hp_per_floor":[66,66,66,71,71,71,71,71,71],"relic_stats":{"Gremlin Horn":[0,0],"counters":[6,43],"Snecko Eye":[64,61,63,69],"obtain_stats":[{"Gremlin Horn":6,"Snecko Eye":0,"Ring of the Snake":0},{"Gremlin Horn":4,"Snecko Eye":0,"Ring of the Snake":0},{"Gremlin Horn":27,"Snecko Eye":0,"Ring of the Snake":0}]},"card_choices":[{"not_picked":["Masterful Stab","Dodge and Roll"],"picked":"Dagger Spray","floor":1},{"not_picked":["Deflect","Deadly Poison"],"picked":"Dagger Spray","floor":3},{"not_picked":["Calculated Gamble","Bane"],"picked":"Leg Sweep","floor":5},{"not_picked":["Accuracy","Prepared","Quick Slash"],"picked":"SKIP","floor":6},{"not_picked":["Backflip","Dodge and Roll"],"picked":"Flying Knee","floor":7}],"player_experience":1567442,"relics_obtained":[{"floor":6,"key":"Gremlin Horn"}],"event_choices":[{"damage_healed":0,"gold_gain":0,"player_choice":"Donut","damage_taken":0,"max_hp_gain":5,"max_hp_loss":0,"event_name":"Big Fish","floor":4,"gold_loss":0}],"is_beta":false,"boss_relics":[],"items_purged_floors":[],"is_endless":false,"potions_floor_spawned":[5],"killed_by":"Lagavulin","ascension_level":20}}