{"host":"fhq3k2nq5elnbks3","time":1608351120,"event":{"mods":["2.2 Compatiblity","AchievementEnabler","Act Like it!","AlwaysNeverKeys","Astrologer","Bartender","BaseMod","Better Altar","Better Skull","Better Vampires","Better-Laid Plans","Block Reminder","CapriCore","Card Filter","CatGirl Mod","Chen","Colored Powertips","Displayed Cursed Tome","Ekko","Eldritch Tears","Fiend Mod","Fireblade Mod","Friendly Minions","FutureSeer","GifTheSpireLib","Gremlin Skip","Hallownest","Hermit","Hunter ??","JesterMod","Koishi","Magitek Elite","Minty Spire (QoL Compilation)","Nova Terra(??·??)","Onozuka Komachi Mod","Permanent Neow","QueenMod","Quick Restart","Relic Filter","Robot Space Explorer","Ruin Mod","SOS???????","Shop Mod","StSLib","SuperFastMode","Td1madao Mod","The Administrix","The Bug Knight","The Cursed","The Fake Hero","The Forsaken","The Necromancer","The Trickster","TheFirefly","Transform Curses","Uncapped","Unknown Chances","Wandering Minibosses","Yohane!"],"gold_per_floor":[118,118,132,146,156,184,184,184,184,214,243,253,285,196,196,299,349,361,361,408,408,427,456,488,488,488,230,230,230,230],"floor_reached":29,"playtime":2802,"items_purged":[],"score":439,"play_id":"0cac426a-8b76-40a6-bfbf-2f0ddea2fb7d","local_time":"20201218221200","daily_mods":["Heirloom","Time Dilation","Flight"],"is_ascension_mode":false,"campfire_choices":[{"data":"HollowMod:HuntersJournal","floor":7,"key":"SMITH"},{"data":"HollowMod:QuirrelsAssistance","floor":8,"key":"SMITH"},{"data":"HollowMod:CloakDash","floor":15,"key":"SMITH"},{"data":"HollowMod:DashSlash","floor":25,"key":"SMITH"}],"circlet_count":0,"master_deck":["HollowMod:NailStrikeStart","HollowMod:NailStrikeStart+1","HollowMod:NailStrikeStart","HollowMod:NailStrikeStart","HollowMod:QuickDashStart","HollowMod:QuickDashStart","HollowMod:QuickDashStart","HollowMod:QuickDashStart","HollowMod:FocusHealStart","HollowMod:PogoStrike+1","HollowMod:HuntersJournal+1","HollowMod:QuirrelsAssistance+1","HollowMod:CloakDash+1","HollowMod:DashSlash+1"],"relics":["HollowMod:VesselMask","Thread and Needle","Oddly Smooth Stone","Tintinnabulum","Anchor","HollowMod:LifeEnderRelic","CaptainsWheel","Juzu Bracelet","HollowMod:LumaflyLanternRelic","Guard_Bracelet","MerchantsRug","Tiny Chest","Boot","CeramicFish","InkBottle","HandDrill"],"acts_visited":["Hallownest:Greenpath","Hallownest:CityofTears"],"potions_floor_usage":[6],"damage_taken":[{"damage":0,"enemies":"Hallownest:2_Baldur","floor":1,"turns":3},{"damage":0,"enemies":"Hallownest:2_MossCreeps","floor":3,"turns":3},{"damage":0,"enemies":"Hallownest:2_Tiktiks_and_1_Crawlid","floor":4,"turns":3},{"damage":0,"enemies":"Hallownest:1_Baldur_1_Crawlid_1_Warrior","floor":5,"turns":4},{"damage":4,"enemies":"Hallownest:eliteCrystalGuardian","floor":6,"turns":8},{"damage":0,"enemies":"Hallownest:eliteMossKnight","floor":10,"turns":9},{"damage":0,"enemies":"Hallownest:eliteCrystalGuardian","floor":11,"turns":5},{"damage":0,"enemies":"Hallownest:monsterMossCharger","floor":12,"turns":3},{"damage":0,"enemies":"Hallownest:eliteMossKnight","floor":13,"turns":7},{"damage":3,"enemies":"Hallownest:BossFalseKnight","floor":16,"turns":9},{"damage":0,"enemies":"Hallownest:Guard_and_Sentry","floor":18,"turns":3},{"damage":0,"enemies":"Hallownest:Flukemon_and_Top","floor":22,"turns":4},{"damage":0,"enemies":"Hallownest:Nosk","floor":23,"turns":10},{"damage":0,"enemies":"Hallownest:eliteSoulWarrior","floor":24,"turns":6},{"damage":97,"enemies":"Hallownest:eliteWatcherKnight","floor":29,"turns":15}],"seed_played":"4075056892192035191","potions_obtained":[{"floor":3,"key":"SteroidPotion"},{"floor":4,"key":"DuplicationPotion"},{"floor":10,"key":"DuplicationPotion"},{"floor":11,"key":"PowerPotion"},{"floor":17,"key":"LiquidMemories"},{"floor":18,"key":"EssenceOfSteel"}],"is_trial":true,"path_per_floor":["M","?","M","M","M","E","R","R","T","E","E","M","E","$","R","B",null,"M","?","T","?","M","E","E","R","T","$","?","E"],"character_chosen":"THE_BUGKNIGHT","items_purchased":["MerchantsRug","InkBottle","HandDrill"],"campfire_rested":0,"item_purchase_floors":[14,27,27],"current_hp_per_floor":[75,8,19,26,37,46,47,48,49,62,73,75,75,75,75,75,80,80,80,80,80,80,80,80,80,90,90,90,0,0],"gold":230,"neow_bonus":"","is_daily":false,"chose_seed":false,"campfire_upgraded":4,"win_rate":0.0,"timestamp":1608351120,"path_taken":["M","?","?","M","?","E","R","R","T","E","E","M","E","?","R","BOSS","M","?","?","?","M","E","E","R","T","$","?","E"],"items_purchased_type":["Relic","Relic","Relic"],"build_version":"2020-12-13","purchased_purges":0,"victory":false,"max_hp_per_floor":[75,75,75,75,75,75,75,75,75,75,75,75,75,75,75,75,80,80,80,80,80,80,80,80,80,90,90,90,90,90],"card_choices":[{"not_picked":["HollowMod:DashSlash","HollowMod:PureNailStrike"],"picked":"HollowMod:HuntersJournal","floor":1},{"not_picked":["HollowMod:CrystalDash","HollowMod:MonarchWings","HollowMod:PerfectDash"],"picked":"SKIP","floor":3},{"not_picked":["HollowMod:SoulVessel","HollowMod:DashSlash"],"picked":"HollowMod:QuirrelsAssistance","floor":4},{"not_picked":["HollowMod:SharpenedNail","HollowMod:ChannelNail","HollowMod:FallenFury"],"picked":"SKIP","floor":5},{"not_picked":["HollowMod:SharpenedNail","HollowMod:ChannelNail","HollowMod:FallenFury"],"picked":"SKIP","floor":5},{"not_picked":["HollowMod:MothsMistake","HollowMod:WraithStrike","HollowMod:InfectedCysts"],"picked":"SKIP","floor":6},{"not_picked":["HollowMod:DungDefenderAura","HollowMod:DoubleDash","HollowMod:SoulShaman"],"picked":"SKIP","floor":10},{"not_picked":["HollowMod:FallenFury","HollowMod:DescendingDark","HollowMod:ElderbugsWisdom"],"picked":"SKIP","floor":11},{"not_picked":["HollowMod:SoulSplash","HollowMod:LifebloodCocoon"],"picked":"HollowMod:CloakDash","floor":12},{"not_picked":["HollowMod:SoulShaman","HollowMod:InfectedAttack","HollowMod:DoubleDash"],"picked":"SKIP","floor":13},{"not_picked":["HollowMod:VengefulSpirit","HollowMod:FastStrike"],"picked":"HollowMod:DashSlash","floor":17},{"not_picked":["HollowMod:AbyssShriek","HollowMod:NewJinnsSoul","HollowMod:MothsMistake"],"picked":"SKIP","floor":18},{"not_picked":["HollowMod:DashSlash","HollowMod:ChannelNail+1","HollowMod:DoubleDash+1"],"picked":"SKIP","floor":22},{"not_picked":["HollowMod:FastStrike","HollowMod:BaldurShell","HollowMod:ShadowDash"],"picked":"SKIP","floor":23},{"not_picked":["HollowMod:GoodIntentions+1","HollowMod:ShapeofUnn+1","HollowMod:DashSlash"],"picked":"SKIP","floor":24}],"player_experience":256457,"relics_obtained":[{"floor":6,"key":"HollowMod:LifeEnderRelic"},{"floor":9,"key":"CaptainsWheel"},{"floor":10,"key":"Juzu Bracelet"},{"floor":11,"key":"HollowMod:LumaflyLanternRelic"},{"floor":13,"key":"Guard_Bracelet"},{"floor":20,"key":"Regal Pillow"},{"floor":23,"key":"Boot"},{"floor":24,"key":"CeramicFish"},{"floor":26,"key":"Pear"}],"event_choices":[{"damage_healed":0,"gold_gain":0,"player_choice":"RE RE RE UP ","damage_taken":75,"relics_obtained":["Oddly Smooth Stone","Tintinnabulum","Anchor"],"max_hp_gain":0,"max_hp_loss":0,"event_name":"betterSkull:BetterSkull","floor":2,"gold_loss":0,"cards_upgraded":["HollowMod:NailStrikeStart"]}],"is_beta":false,"boss_relics":[{"not_picked":["jesterMod:MachoBrace","Ectoplasm"],"picked":"Tiny House"}],"items_purged_floors":[],"is_endless":false,"potions_floor_spawned":[3,4,10,11,18],"killed_by":"Hallownest:eliteWatcherKnight","ascension_level":0}}