{"host":"li2oyy8xcjugrjw6","time":1608340929,"event":{"mods":["AchievementEnabler","BaseMod","Colored Map","Minty Spire (QoL Compilation)","Permanent Neow","Replay The Spire","StSLib"],"gold_per_floor":[116,116,127,142,317,317,22,22,22,22,22,41,68,79,79,79,79],"floor_reached":16,"playtime":1020,"items_purged":[],"score":150,"play_id":"f94e410f-42c9-4fbb-9283-2fd7706db962","local_time":"20201218172209","is_ascension_mode":true,"campfire_choices":[{"data":"Neutralize","floor":6,"key":"SMITH"},{"data":"Malaise","floor":8,"key":"SMITH"},{"data":"Dagger Throw","floor":11,"key":"SMITH"},{"data":"All Out Attack","floor":15,"key":"SMITH"}],"circlet_count":0,"master_deck":["AscendersBane","Strike_G","Strike_G","Strike_G","Strike_G","Strike_G","Defend_G","Defend_G","Defend_G","Defend_G","Survivor","Neutralize+1","Acrobatics","Reflex","Dagger Throw+1","Die Die Die+1","Malaise+1","Acrobatics","Deflect","All Out Attack+1","Underhanded Strike"],"relics":["Ring of the Snake","Omamori","Strawberry","Snake Skull","WingedGreaves"],"acts_visited":["Exordium"],"potions_floor_usage":[13],"damage_taken":[{"damage":3,"enemies":"2 Louse","floor":1,"turns":3},{"damage":5,"enemies":"Cultist","floor":3,"turns":5},{"damage":7,"enemies":"Jaw Worm","floor":4,"turns":5},{"damage":3,"enemies":"Blue Slaver","floor":12,"turns":3},{"damage":14,"enemies":"Lagavulin","floor":13,"turns":6},{"damage":4,"enemies":"3 Louse","floor":14,"turns":2},{"damage":36,"enemies":"Fading Forest","floor":16,"turns":9}],"seed_played":"493983067237169934","potions_obtained":[{"floor":12,"key":"PowerPotion"}],"is_trial":false,"path_per_floor":["M","?","M","M","?","R","$","R","T","?","R","M","E","M","R","B"],"character_chosen":"THE_SILENT","items_purchased":["Die Die Die+1","Malaise","Acrobatics"],"campfire_rested":0,"item_purchase_floors":[7,7,7],"current_hp_per_floor":[60,60,55,48,48,48,48,48,55,48,48,45,31,27,27,0,0],"gold":79,"neow_bonus":"RANDOM_COMMON_RELIC","is_daily":false,"chose_seed":false,"campfire_upgraded":4,"win_rate":0.0,"timestamp":1608340929,"path_taken":["M","?","?","M","?","R","$","R","T","?","R","M","E","M","R","BOSS"],"items_purchased_type":["Card","Card","Card"],"build_version":"2020-12-13","purchased_purges":0,"victory":false,"max_hp_per_floor":[70,70,70,70,70,70,70,70,77,77,77,77,77,77,77,77,77],"card_choices":[{"not_picked":["Backflip","Bane"],"picked":"Acrobatics","floor":1},{"not_picked":["Expertise","Sucker Punch"],"picked":"Reflex","floor":3},{"not_picked":["Slice","ReplayTheSpireMod:Exploit Weakness"],"picked":"Dagger Throw","floor":4},{"not_picked":["ReplayTheSpireMod:Tripwire","Acrobatics"],"picked":"Deflect","floor":12},{"not_picked":["Expertise","Masterful Stab"],"picked":"All Out Attack","floor":13},{"not_picked":["Bouncing Flask","Acrobatics"],"picked":"Underhanded Strike","floor":14}],"player_experience":924758,"relics_obtained":[{"floor":9,"key":"Strawberry"},{"floor":13,"key":"WingedGreaves"}],"event_choices":[{"cards_removed":["Defend_G"],"damage_healed":0,"gold_gain":0,"player_choice":"Purged","damage_taken":0,"max_hp_gain":0,"max_hp_loss":0,"event_name":"Purifier","floor":2,"gold_loss":0},{"damage_healed":0,"gold_gain":175,"player_choice":"AGREE","damage_taken":0,"max_hp_gain":0,"max_hp_loss":0,"event_name":"Liars Game","floor":5,"gold_loss":0,"cards_obtained":["Doubt"]},{"damage_healed":0,"gold_gain":0,"player_choice":"Success","damage_taken":7,"relics_obtained":["Snake Skull"],"max_hp_gain":0,"max_hp_loss":0,"event_name":"Scrap Ooze","floor":10,"gold_loss":0}],"is_beta":false,"boss_relics":[],"items_purged_floors":[],"is_endless":false,"potions_floor_spawned":[12],"killed_by":"Fading Forest","ascension_level":10}}