{"host":"sxnl403xm2xmiyj1","time":1608351276,"event":{"mods":["AchievementEnabler","BaseMod","Colored Map","Keyboard Shortcuts","Minty Spire (QoL Compilation)","Quick Restart","StSLib","SuperFastMode"],"gold_per_floor":[112,129,304,16,16,55,55,55,78,111,135,170,170,205,205,328,328,343,358,15,114,137,177,177,210,290,290,11,36,36,36,36,159,159,183,208,228,2,16,54,68,99,152,167,167,38,103,147,147,147,147,147,32,66,66,66],"floor_reached":55,"playtime":1456,"items_purged":["Doubt"],"score":1141,"play_id":"919aa4c4-18d2-44e4-8307-b40e05eff4cf","local_time":"20201219131436","is_ascension_mode":true,"campfire_choices":[{"floor":8.0,"key":"REST"},{"data":"Accuracy","floor":13.0,"key":"SMITH"},{"data":"Blade Dance","floor":15.0,"key":"SMITH"},{"data":"Cloak And Dagger","floor":24.0,"key":"SMITH"},{"data":"Choke","floor":30.0,"key":"SMITH"},{"floor":32.0,"key":"RECALL"},{"data":"Accuracy","floor":45,"key":"SMITH"},{"data":"Accuracy","floor":49,"key":"SMITH"},{"data":"Blade Dance","floor":52,"key":"SMITH"}],"circlet_count":0,"master_deck":["Strike_G","Strike_G","Strike_G","Strike_G","Strike_G","Defend_G","Defend_G","Defend_G","Defend_G","Defend_G","Survivor","Neutralize","Masterful Stab","Dagger Throw","PiercingWail","Blade Dance+1","Accuracy+1","Choke+1","Riddle With Holes","Cloak And Dagger+1","Backflip","Noxious Fumes","Deflect","Escape Plan","Accuracy+1","PiercingWail","Slice+1","Backstab+1","Bullet Time","CurseOfTheBell","Poisoned Stab+1","Blur+1","Infinite Blades","Dodge and Roll","Infinite Blades","Accuracy+1","Quick Slash+1","Blade Dance","Escape Plan+1","Deflect","Infinite Blades","Accuracy+1","Blade Dance+1","Blade Dance+1","Prepared+1","A Thousand Cuts","Caltrops","Flechettes+1"],"relics":["Ring of the Snake","FossilizedHelix","Shuriken","Golden Idol","Kunai","Centennial Puzzle","The Courier","Dream Catcher","Gremlin Horn","Busted Crown","Ninja Scroll","Pantograph","Anchor","Eternal Feather","Molten Egg 2","Calling Bell","Lantern","Letter Opener","Pocketwatch","PreservedInsect","StrikeDummy","Ice Cream","Mummified Hand","Mercury Hourglass"],"acts_visited":["Exordium","TheCity","TheBeyond","TheEnding"],"potions_floor_usage":[33,33,37,39,41,47,47,55],"damage_taken":[{"damage":0.0,"enemies":"Jaw Worm","floor":1.0,"turns":6.0},{"damage":0.0,"enemies":"Small Slimes","floor":2.0,"turns":3.0},{"damage":31.0,"enemies":"3 Sentries","floor":6.0,"turns":13.0},{"damage":0.0,"enemies":"Gremlin Nob","floor":10.0,"turns":4.0},{"damage":0.0,"enemies":"2 Louse","floor":11.0,"turns":2.0},{"damage":0.0,"enemies":"3 Sentries","floor":12.0,"turns":7.0},{"damage":4.0,"enemies":"Lagavulin","floor":14.0,"turns":5.0},{"damage":4.0,"enemies":"Hexaghost","floor":16.0,"turns":8.0},{"damage":0.0,"enemies":"3 Byrds","floor":18.0,"turns":4.0},{"damage":0.0,"enemies":"Spheric Guardian","floor":19.0,"turns":1.0},{"damage":16.0,"enemies":"Snake Plant","floor":22.0,"turns":3.0},{"damage":0.0,"enemies":"Slavers","floor":23.0,"turns":3.0},{"damage":0.0,"enemies":"Gremlin Leader","floor":25.0,"turns":3.0},{"damage":0.0,"enemies":"Shelled Parasite and Fungi","floor":29.0,"turns":5.0},{"damage":38,"enemies":"Collector","floor":33,"turns":7},{"damage":8,"enemies":"3 Shapes","floor":35,"turns":3},{"damage":0,"enemies":"3 Darklings","floor":36,"turns":3},{"damage":6,"enemies":"Maw","floor":37,"turns":6},{"damage":6,"enemies":"Writhing Mass","floor":39,"turns":5},{"damage":0,"enemies":"Giant Head","floor":40,"turns":7},{"damage":25,"enemies":"Transient","floor":41,"turns":5},{"damage":0,"enemies":"Reptomancer","floor":42,"turns":2},{"damage":0,"enemies":"Spire Growth","floor":44,"turns":2},{"damage":0,"enemies":"2 Orb Walkers","floor":47,"turns":2},{"damage":6,"enemies":"Nemesis","floor":48,"turns":3},{"damage":21,"enemies":"Donu and Deca","floor":50,"turns":5},{"damage":30,"enemies":"Shield and Spear","floor":54,"turns":3},{"damage":65,"enemies":"The Heart","floor":55,"turns":5}],"seed_played":"-3009117514085138979","potions_obtained":[{"floor":1.0,"key":"CultistPotion"},{"floor":11.0,"key":"EntropicBrew"},{"floor":12.0,"key":"Fire Potion"},{"floor":16.0,"key":"Dexterity Potion"},{"floor":22.0,"key":"CunningPotion"},{"floor":25.0,"key":"BlessingOfTheForge"},{"floor":29.0,"key":"Dexterity Potion"},{"floor":33,"key":"Swift Potion"},{"floor":36,"key":"Block Potion"},{"floor":37,"key":"Strength Potion"},{"floor":40,"key":"ColorlessPotion"},{"floor":48,"key":"FearPotion"}],"is_trial":false,"path_per_floor":["M","M","?","$","?","E","?","R","T","E","M","E","R","E","R","B",null,"M","M","$","?","M","E","R","E","T","?","$","M","R","?","R","B",null,"M","M","M","$","M","E","M","E","T","M","R","$","?","E","R","B",null,"R","$","E","B"],"character_chosen":"THE_SILENT","items_purchased":["Shuriken","PiercingWail","Ninja Scroll","Noxious Fumes","Deflect","PiercingWail","Molten Egg 2","Slice+1","Infinite Blades","Dodge and Roll","Infinite Blades","Accuracy","Infinite Blades","Accuracy","Blade Dance","A Thousand Cuts","Caltrops"],"campfire_rested":1,"item_purchase_floors":[4,4,20,20,20,28,28,28,38,38,38,38,46,46,46,53,53],"current_hp_per_floor":[70,70,70,70,53,22,15,36,36,36,36,51,51,47,47,43,70,70,70,70,70,54,54,54,54,54,54,54,54,69,69,70,32,70,62,62,56,56,50,50,25,25,25,25,49,49,49,43,70,49,70,70,70,40,0,0],"gold":66,"neow_bonus":"ONE_RARE_RELIC","is_daily":false,"chose_seed":false,"campfire_upgraded":7,"win_rate":0.0,"timestamp":1608351276,"path_taken":["M","M","?","$","?","E","?","R","T","E","M","E","R","E","R","BOSS","M","M","$","?","M","E","R","E","T","?","$","?","R","?","R","BOSS","M","M","M","$","M","E","M","E","T","M","R","$","?","E","R","BOSS","R","$","E","BOSS"],"items_purchased_type":["Relic","Card","Relic","Card","Card","Card","Relic","Card","Card","Card","Card","Card","Card","Card","Card","Card","Card"],"build_version":"2020-12-13","purchased_purges":1,"victory":false,"max_hp_per_floor":[70,70,70,70,70,70,70,70,70,70,70,70,70,70,70,70,70,70,70,70,70,70,70,70,70,70,70,70,70,70,70,70,70,70,70,70,70,70,70,70,70,70,70,70,70,70,70,70,70,70,70,70,70,70,70,70],"card_choices":[{"not_picked":["Acrobatics","Flying Knee"],"picked":"Masterful Stab","floor":1.0},{"not_picked":["Catalyst","Quick Slash"],"picked":"Dagger Throw","floor":2.0},{"not_picked":["Storm of Steel","Dash"],"picked":"Blade Dance","floor":6.0},{"not_picked":["Outmaneuver","Endless Agony"],"picked":"Accuracy","floor":10.0},{"not_picked":["Dagger Throw","Well Laid Plans"],"picked":"Choke","floor":11.0},{"not_picked":["Calculated Gamble","Concentrate"],"picked":"Riddle With Holes","floor":12.0},{"not_picked":["Dagger Spray","Heel Hook"],"picked":"Cloak And Dagger","floor":14.0},{"not_picked":[],"picked":"Backflip","floor":18.0},{"not_picked":["Bane"],"picked":"SKIP","floor":19.0},{"not_picked":[],"picked":"Escape Plan","floor":22.0},{"not_picked":["Eviscerate"],"picked":"SKIP","floor":23.0},{"not_picked":["Deadly Poison"],"picked":"SKIP","floor":25.0},{"not_picked":[],"picked":"Backstab+1","floor":29.0},{"not_picked":[],"picked":"Bullet Time","floor":33},{"not_picked":[],"picked":"Poisoned Stab+1","floor":35},{"not_picked":["Deadly Poison"],"picked":"SKIP","floor":36},{"not_picked":[],"picked":"Blur+1","floor":37},{"not_picked":["Deadly Poison"],"picked":"SKIP","floor":39},{"not_picked":[],"picked":"Quick Slash+1","floor":40},{"not_picked":[],"picked":"Blade Dance","floor":41},{"not_picked":[],"picked":"Escape Plan+1","floor":42},{"not_picked":[],"picked":"Deflect","floor":44},{"not_picked":[],"picked":"Blade Dance+1","floor":47},{"not_picked":[],"picked":"Prepared+1","floor":48},{"not_picked":[],"picked":"Flechettes+1","floor":54}],"player_experience":105319,"relics_obtained":[{"floor":6.0,"key":"Kunai"},{"floor":9.0,"key":"Centennial Puzzle"},{"floor":10.0,"key":"The Courier"},{"floor":12.0,"key":"Dream Catcher"},{"floor":14.0,"key":"Gremlin Horn"},{"floor":23.0,"key":"Pantograph"},{"floor":25.0,"key":"Anchor"},{"floor":26.0,"key":"Eternal Feather"},{"floor":34,"key":"Lantern"},{"floor":34,"key":"Letter Opener"},{"floor":34,"key":"Pocketwatch"},{"floor":40,"key":"PreservedInsect"},{"floor":42,"key":"StrikeDummy"},{"floor":47,"key":"Ice Cream"},{"floor":48,"key":"Mummified Hand"},{"floor":54,"key":"Mercury Hourglass"}],"event_choices":[{"damage_healed":0.0,"max_hp_gain":0.0,"max_hp_loss":0.0,"gold_gain":175.0,"event_name":"Liars Game","player_choice":"AGREE","floor":3.0,"gold_loss":0.0,"damage_taken":0.0,"cards_obtained":["Doubt"]},{"damage_healed":0.0,"max_hp_gain":0.0,"max_hp_loss":0.0,"gold_gain":0.0,"event_name":"Golden Idol","player_choice":"Take Damage","floor":5.0,"gold_loss":0.0,"damage_taken":17.0,"relics_obtained":["Golden Idol"]},{"cards_removed":["Doubt"],"damage_healed":0.0,"max_hp_gain":0.0,"max_hp_loss":0.0,"gold_gain":0.0,"event_name":"Golden Wing","player_choice":"Card Removal","floor":7.0,"gold_loss":0.0,"damage_taken":7.0},{"damage_healed":0.0,"max_hp_gain":0.0,"max_hp_loss":0.0,"gold_gain":99.0,"event_name":"Nest","player_choice":"Stole From Cult","floor":21.0,"gold_loss":0.0,"damage_taken":0.0},{"damage_healed":0.0,"max_hp_gain":0.0,"max_hp_loss":0.0,"gold_gain":0.0,"event_name":"Duplicator","player_choice":"Copied","floor":27.0,"gold_loss":0.0,"damage_taken":0.0,"cards_obtained":["Accuracy"]},{"damage_healed":0.0,"max_hp_gain":0.0,"max_hp_loss":0.0,"gold_gain":0.0,"event_name":"Transmorgrifier","player_choice":"Ignored","floor":31.0,"gold_loss":0.0,"damage_taken":0.0},{"damage_healed":0,"gold_gain":0,"player_choice":"Fight","damage_taken":0,"max_hp_gain":0,"max_hp_loss":0,"event_name":"Mysterious Sphere","floor":47,"gold_loss":0}],"is_beta":false,"boss_relics":[{"not_picked":["Fusion Hammer","Pandora\u0027s Box"],"picked":"Busted Crown"},{"not_picked":["Snecko Eye","Velvet Choker"],"picked":"Calling Bell"}],"items_purged_floors":[20],"is_endless":false,"potions_floor_spawned":[1,11,12,16,22,25,29,33,36,37,40,48],"killed_by":"The Heart","ascension_level":2}}