{"host":"ab2s6ezjqdgtrlyf","time":1608390297,"event":{"mods":["BaseMod","Colored Map","Downfall","Highlight Path","Marked Mod","Minty Spire (QoL Compilation)","Quick Restart","Relic Stats","Spicy Shops","StSLib","Waifu the Spire","vexMod","¡¾ÒÅÎï¿¨ÅÆ¡¿REMEMod"],"gold_per_floor":[118,118,118,118,118,118,193,193,219,240,240,253,271,296,296,420,420,439,439,439,454,470,470,93,93,168,168,193,93,93,109,109,232,232,245,110,110,124,143,143,174,197,197,72,72,85,129,193,193,193],"floor_reached":51,"playtime":1822,"items_purged":["Zap","Dualcast","Strike_B"],"score":780,"play_id":"852da36d-abc7-4b25-b12c-3780fac2d65d","local_time":"20201219230457","is_ascension_mode":true,"campfire_choices":[{"data":"Sweeping Beam","floor":6.0,"key":"SMITH"},{"floor":8.0,"key":"REST"},{"data":"Conserve Battery","floor":11.0,"key":"SMITH"},{"data":"Hyperbeam","floor":15.0,"key":"SMITH"},{"data":"Go for the Eyes","floor":23.0,"key":"SMITH"},{"floor":25.0,"key":"REST"},{"data":"Steam","floor":27.0,"key":"SMITH"},{"data":"Gash","floor":30.0,"key":"SMITH"},{"data":"Reprogram","floor":32.0,"key":"SMITH"},{"data":"Streamline","floor":40.0,"key":"SMITH"},{"floor":49,"key":"REST"}],"circlet_count":0,"master_deck":["Defend_B","Defend_B","Sweeping Beam+1","Go for the Eyes+1","Steam+1","Conserve Battery+1","Hyperbeam+1","Gash+1","Core Surge","Reprogram+1","Beam Cell+1","Reprogram+1","Machine Learning","All For One+1","Streamline+1","Leap+1","Gash+1"],"relics":["Cracked Core","REME_ComplimentaryCards","Bag of Marbles","Golden Idol","Pen Nib","SlaversCollar","Blood Vial","HandDrill","vexMod:InvisibilityCloak","Empty Cage","DataDisk","Question Card","Strawberry","Unceasing Top"],"acts_visited":["Exordium","TheCity","TheBeyond"],"potions_floor_usage":[48,50,50],"damage_taken":[{"damage":0.0,"enemies":"Small Slimes","floor":1.0,"turns":3.0},{"damage":2.0,"enemies":"Jaw Worm","floor":10.0,"turns":2.0},{"damage":0.0,"enemies":"2 Louse","floor":12.0,"turns":2.0},{"damage":0.0,"enemies":"Looter","floor":13.0,"turns":1.0},{"damage":0.0,"enemies":"Large Slime","floor":14.0,"turns":4.0},{"damage":11.0,"enemies":"Slime Boss","floor":16.0,"turns":5.0},{"damage":26.0,"enemies":"3 Byrds","floor":18.0,"turns":4.0},{"damage":5.0,"enemies":"Chosen","floor":21.0,"turns":3.0},{"damage":10.0,"enemies":"Snecko","floor":22.0,"turns":3.0},{"damage":5.0,"enemies":"Shelled Parasite and Fungi","floor":28.0,"turns":3.0},{"damage":6.0,"enemies":"Cultist and Chosen","floor":31.0,"turns":3.0},{"damage":20.0,"enemies":"Collector","floor":33.0,"turns":7.0},{"damage":0.0,"enemies":"3 Shapes","floor":35.0,"turns":1.0},{"damage":3.0,"enemies":"3 Darklings","floor":38.0,"turns":3.0},{"damage":15.0,"enemies":"Writhing Mass","floor":39.0,"turns":5.0},{"damage":0.0,"enemies":"Giant Head","floor":41.0,"turns":5.0},{"damage":0.0,"enemies":"Jaw Worm Horde","floor":42.0,"turns":2.0},{"damage":0,"enemies":"Sphere and 2 Shapes","floor":46,"turns":2},{"damage":0,"enemies":"Reptomancer","floor":47,"turns":4},{"damage":21,"enemies":"2 Orb Walkers","floor":48,"turns":4},{"damage":20,"enemies":"Donu and Deca","floor":50,"turns":7}],"seed_played":"3552220962594521821","potions_obtained":[{"floor":1.0,"key":"SkillPotion"},{"floor":10.0,"key":"Dexterity Potion"},{"floor":18.0,"key":"Block Potion"},{"floor":35.0,"key":"DistilledChaos"},{"floor":42.0,"key":"BlessingOfTheForge"}],"is_trial":false,"path_per_floor":["M","$","?","?","?","R","?","R","T","M","R","M","M","M","R","B",null,"M","?","?","M","M","R","$","R","T","R","M","$","R","M","R","B",null,"M","$","?","M","M","R","E","M","T","$","?","M","E","?","R","B",null],"character_chosen":"DEFECT","items_purchased":["Blood Vial","HandDrill","All For One"],"campfire_rested":3,"item_purchase_floors":[24,24,36],"current_hp_per_floor":[54,54,36,36,36,36,25,45,45,43,43,43,43,43,43,32,69,43,43,43,38,28,28,28,48,48,48,45,45,45,41,41,23,69,69,69,69,66,53,53,55,57,57,57,57,59,68,49,71,53],"gold":193,"neow_bonus":"TRANSFORM_TWO_CARDS","is_daily":false,"chose_seed":false,"campfire_upgraded":8,"win_rate":0.0,"timestamp":1608390297,"path_taken":["M","$","?","?","?","R","?","R","T","M","R","M","M","M","R","BOSS","M","?","?","M","M","R","$","R","T","R","M","$","R","M","R","BOSS","M","$","?","?","M","R","E","M","T","$","?","?","E","?","R","BOSS"],"items_purchased_type":["Relic","Relic","Card"],"build_version":"2020-12-13","purchased_purges":3,"victory":true,"max_hp_per_floor":[75,75,75,69,69,69,69,69,69,69,69,69,69,69,69,69,69,69,69,69,69,69,69,69,69,69,69,69,69,69,69,69,69,69,69,69,69,69,69,69,69,69,69,69,69,69,76,76,76,76],"relic_stats":{"Blood Vial":20,"counters":[21,73],"Golden Idol":155,"Pen Nib":[16],"HandDrill":[34],"Question Card":3,"obtain_stats":[{"Golden Idol":4,"Pen Nib":9,"Empty Cage":34,"Question Card":43,"Blood Vial":24,"SlaversCollar":17,"vexMod:InvisibilityCloak":26,"DataDisk":41,"Strawberry":47,"Bag of Marbles":3,"HandDrill":24,"Cracked Core":0,"Unceasing Top":48,"REME_ComplimentaryCards":0},{"Golden Idol":1,"Pen Nib":1,"Empty Cage":12,"Question Card":17,"Blood Vial":9,"SlaversCollar":6,"vexMod:InvisibilityCloak":9,"DataDisk":16,"Strawberry":19,"Bag of Marbles":1,"HandDrill":9,"Cracked Core":0,"Unceasing Top":20,"REME_ComplimentaryCards":0},{"Golden Idol":3,"Pen Nib":3,"Empty Cage":40,"Question Card":56,"Blood Vial":27,"SlaversCollar":17,"vexMod:InvisibilityCloak":27,"DataDisk":54,"Strawberry":62,"Bag of Marbles":3,"HandDrill":27,"Cracked Core":0,"Unceasing Top":66,"REME_ComplimentaryCards":0}],"Unceasing Top":[2]},"card_choices":[{"not_picked":["FTL","Skim"],"picked":"Steam","floor":1.0},{"not_picked":["Compile Driver","Recycle"],"picked":"Conserve Battery","floor":10.0},{"not_picked":["Stack","Cold Snap","Double Energy"],"picked":"SKIP","floor":12.0},{"not_picked":["Beam Cell","Coolheaded"],"picked":"Hyperbeam","floor":13.0},{"not_picked":["Coolheaded","Hologram"],"picked":"Gash","floor":14.0},{"not_picked":["Meteor Strike","Fission"],"picked":"Core Surge","floor":16.0},{"not_picked":["Turbo","Steam","Compile Driver"],"picked":"SKIP","floor":18.0},{"not_picked":["Scrape","Redo"],"picked":"Reprogram+1","floor":21.0},{"not_picked":["Sweeping Beam","Hologram","Glacier"],"picked":"SKIP","floor":22.0},{"not_picked":["Capacitor","Redo+1"],"picked":"Beam Cell+1","floor":28.0},{"not_picked":["Force Field","Doom and Gloom"],"picked":"Reprogram","floor":31.0},{"not_picked":["Fission","Thunder Strike"],"picked":"Machine Learning","floor":33.0},{"not_picked":["Barrage","Cold Snap+1","REME_SelfUpgrade+1"],"picked":"SKIP","floor":35.0},{"not_picked":["Storm+1","REME_DataAnalysis+1"],"picked":"Streamline","floor":38.0},{"not_picked":["Hologram+1","Skim+1","Stack+1"],"picked":"SKIP","floor":39.0},{"not_picked":["Hyperbeam","Compile Driver+1","Turbo+1"],"picked":"SKIP","floor":41.0},{"not_picked":["Defragment","Blizzard+1","Genetic Algorithm"],"picked":"SKIP","floor":42.0},{"not_picked":["REME_DataAnalysis","Streamline","Cold Snap+1","Sweeping Beam+1"],"picked":"SKIP","floor":46},{"not_picked":["Rebound+1","Coolheaded+1","Cold Snap+1"],"picked":"Leap+1","floor":47},{"not_picked":["Leap","Turbo","Capacitor"],"picked":"Gash+1","floor":48}],"player_experience":633686,"relics_obtained":[{"floor":9.0,"key":"Pen Nib"},{"floor":26.0,"key":"vexMod:InvisibilityCloak"},{"floor":41.0,"key":"DataDisk"},{"floor":43.0,"key":"Question Card"},{"floor":47,"key":"Strawberry"},{"floor":48,"key":"Unceasing Top"}],"event_choices":[{"damage_healed":0.0,"max_hp_gain":0.0,"max_hp_loss":0.0,"gold_gain":0.0,"event_name":"Scrap Ooze","player_choice":"Success","floor":3.0,"gold_loss":0.0,"damage_taken":18.0,"relics_obtained":["Bag of Marbles"]},{"damage_healed":0.0,"max_hp_gain":0.0,"max_hp_loss":6.0,"gold_gain":0.0,"event_name":"Golden Idol","player_choice":"Lose Max HP","floor":4.0,"gold_loss":0.0,"damage_taken":0.0,"relics_obtained":["Golden Idol"]},{"damage_healed":0.0,"max_hp_gain":0.0,"max_hp_loss":0.0,"gold_gain":75.0,"event_name":"World of Goop","player_choice":"Gather Gold","floor":7.0,"gold_loss":0.0,"damage_taken":11.0},{"damage_healed":0.0,"max_hp_gain":0.0,"max_hp_loss":0.0,"gold_gain":0.0,"event_name":"Vampires","player_choice":"Ignored","floor":19.0,"gold_loss":0.0,"damage_taken":0.0},{"damage_healed":0.0,"max_hp_gain":0.0,"max_hp_loss":0.0,"gold_gain":0.0,"event_name":"The Woman in Blue","player_choice":"Bought 0 Potions","floor":37.0,"gold_loss":0.0,"damage_taken":0.0},{"damage_healed":0.0,"max_hp_gain":0.0,"max_hp_loss":0.0,"gold_gain":0.0,"event_name":"Upgrade Shrine","player_choice":"Upgraded","floor":45.0,"gold_loss":0.0,"damage_taken":0.0,"cards_upgraded":["All For One"]},{"damage_healed":0,"gold_gain":0,"player_choice":"Fight","damage_taken":0,"max_hp_gain":0,"max_hp_loss":0,"event_name":"Mysterious Sphere","floor":48,"gold_loss":0}],"is_beta":false,"boss_relics":[{"not_picked":["vexMod:TanglingVine","Coffee Dripper"],"picked":"SlaversCollar"},{"not_picked":["REME_DemonsWealth","Tiny House"],"picked":"Empty Cage"}],"items_purged_floors":[24,29,44],"is_endless":false,"potions_floor_spawned":[1,10,18,21,35,42,46,47],"ascension_level":1}}