{"host":"bux1pdxjwq4dkad9","time":1608365051,"event":{"mods":["ATMod(∞¢Ë™Mod)","BaseMod","Colored Map","Minty Spire (QoL Compilation)","MostiFishMod","Quick Restart","Robot Space Explorer","StSLib","SuperFastMode","TestMod","°æ“≈ŒÔMod°øºÚµ•”Œœ∑"],"gold_per_floor":[361,386,386,461,199,199,199],"floor_reached":6,"playtime":130,"items_purged":["RobotSpaceExplorer:Strike"],"score":64,"play_id":"33e8950b-bd48-4e0d-904f-26c030d1c6e4","local_time":"20201219160411","is_ascension_mode":true,"campfire_choices":[],"circlet_count":0,"master_deck":["AscendersBane","RobotSpaceExplorer:Strike","RobotSpaceExplorer:Strike","RobotSpaceExplorer:Strike","RobotSpaceExplorer:Defend","RobotSpaceExplorer:Defend","RobotSpaceExplorer:Defend","RobotSpaceExplorer:Defend","RobotSpaceExplorer:Scan","RobotSpaceExplorer:MiniLasers","AT_EmpoweredMortalDraw","RobotSpaceExplorer:ExhaustFan","testmod-Wormhole"],"relics":["RobotSpaceExplorer:RoboCore","AT_ATBox","DaveBox","testmod-TestBox","ImprovedEquipment","testmod-IncinerationGenerator","DaCapo","Question Card","PrismaticShard","Toy Ornithopter"],"acts_visited":["Exordium"],"potions_floor_usage":[],"damage_taken":[{"damage":6,"enemies":"Cultist","floor":1,"turns":3},{"damage":74,"enemies":"Gremlin Nob","floor":6,"turns":4}],"seed_played":"3704613861099400930","potions_obtained":[],"is_trial":false,"path_per_floor":["M","T","?","?","$","E"],"character_chosen":"RobotSpaceExplorer","items_purchased":["testmod-Wormhole"],"campfire_rested":0,"item_purchase_floors":[5],"current_hp_per_floor":[58,58,63,52,52,0,0],"gold":199,"neow_bonus":"TWO_FIFTY_GOLD","is_daily":false,"chose_seed":false,"campfire_upgraded":0,"win_rate":0.0,"timestamp":1608365051,"path_taken":["M","?","?","?","?","E"],"items_purchased_type":["Card"],"build_version":"2020-12-13","purchased_purges":1,"victory":false,"max_hp_per_floor":[64,64,69,69,69,69,69],"card_choices":[{"not_picked":["RobotSpaceExplorer:IronShell","RobotSpaceExplorer:RigExplosive"],"picked":"RobotSpaceExplorer:ExhaustFan","floor":1}],"player_experience":2347728,"relics_obtained":[{"floor":1,"key":"Question Card"},{"floor":1,"key":"PrismaticShard"},{"floor":2,"key":"Toy Ornithopter"}],"event_choices":[{"damage_healed":0,"gold_gain":0,"player_choice":"Donut","damage_taken":0,"max_hp_gain":5,"max_hp_loss":0,"event_name":"Big Fish","floor":3,"gold_loss":0},{"damage_healed":0,"gold_gain":75,"player_choice":"Gather Gold","damage_taken":11,"max_hp_gain":0,"max_hp_loss":0,"event_name":"World of Goop","floor":4,"gold_loss":0}],"is_beta":false,"boss_relics":[],"items_purged_floors":[5],"is_endless":false,"potions_floor_spawned":[],"killed_by":"Gremlin Nob","ascension_level":20}}