{"host":"jm9833yuloeli2yd","time":1608336809,"event":{"mods":["AchievementEnabler","BaseMod","Better Altar","Better Match","Better Note","Better Sensory Stone","Better Skull","Better Vampires","Colored Map","Colored Powertips","DeckTracker","Minty Spire (QoL Compilation)","Permanent Neow","Quick Restart","Replay The Spire","StSLib","SuperFastMode"],"gold_per_floor":[110,122,132,147,164,164,164],"floor_reached":6,"playtime":219,"items_purged":[],"score":80,"play_id":"84a5f4fd-b6d1-499c-8d7f-a24eceffbf47","local_time":"20201218191329","is_ascension_mode":true,"campfire_choices":[],"circlet_count":0,"master_deck":["AscendersBane","Strike_B","Strike_B","Strike_B","Strike_B","Defend_B","Defend_B","Defend_B","Defend_B","Zap","Dualcast","Overencumbered","Master of Strategy","Gash","Doom and Gloom","Go for the Eyes","Barrage","Leap"],"relics":["Cracked Core"],"acts_visited":["Exordium"],"potions_floor_usage":[],"damage_taken":[{"damage":1,"enemies":"Cultist","floor":1,"turns":3},{"damage":10,"enemies":"Small Slimes","floor":2,"turns":3},{"damage":15,"enemies":"2 Louse","floor":3,"turns":3},{"damage":0,"enemies":"Exordium Wildlife","floor":4,"turns":3},{"damage":2,"enemies":"Large Slime","floor":5,"turns":5},{"damage":50,"enemies":"Gremlin Nob","floor":6,"turns":4}],"seed_played":"-8386489520912513851","potions_obtained":[{"floor":2,"key":"Adrenaline Potion"},{"floor":3,"key":"Venom Potion"}],"is_trial":false,"path_per_floor":["M","M","M","M","M","E"],"character_chosen":"DEFECT","items_purchased":[],"campfire_rested":0,"item_purchase_floors":[],"current_hp_per_floor":[63,53,38,38,36,0,0],"gold":164,"neow_bonus":"RANDOM_COLORLESS_2","is_daily":false,"chose_seed":false,"campfire_upgraded":0,"win_rate":0.0,"timestamp":1608336809,"path_taken":["M","M","M","M","M","E"],"items_purchased_type":[],"build_version":"2020-12-13","purchased_purges":0,"victory":false,"max_hp_per_floor":[71,71,71,71,71,71,71],"card_choices":[{"not_picked":["Sadistic Nature","Midas Touch"],"picked":"Master of Strategy","floor":0},{"not_picked":["Conserve Battery","BasicCrystalCard"],"picked":"Gash","floor":1},{"not_picked":["Steam Power","Ball Lightning"],"picked":"Doom and Gloom","floor":2},{"not_picked":["Beam Cell","Double Energy"],"picked":"Go for the Eyes","floor":3},{"not_picked":["ReplayTheSpireMod:GoodbyeWorld","Reprogram"],"picked":"Barrage","floor":4},{"not_picked":["ReplayTheSpireMod:System Scan","Double Energy"],"picked":"Leap","floor":5}],"player_experience":1117298,"relics_obtained":[],"event_choices":[],"is_beta":false,"boss_relics":[],"items_purged_floors":[],"is_endless":false,"potions_floor_spawned":[2,3,5],"killed_by":"Gremlin Nob","ascension_level":20}}