{"host":"allmbduy0wevzqlm","time":1608346131,"event":{"mods":["2.2 Compatiblity","AchievementEnabler","BaseMod","DeckTracker","Highlight Path","Minty Spire (QoL Compilation)","Quick Restart","everything is the same but u backflip on backflip"],"gold_per_floor":[110,110,35,53,76,76,112,130,130,95,115,115,115,140,140,266,266,287,287,287],"floor_reached":19,"playtime":1615,"items_purged":["Injury"],"score":194,"play_id":"13926bcc-a1fc-4a09-8922-f6260b343cbc","local_time":"20201219114851","is_ascension_mode":false,"campfire_choices":[{"data":"Searing Blow","floor":6.0,"key":"SMITH"},{"data":"Searing Blow+1","floor":12,"key":"SMITH"},{"floor":15,"key":"REST"}],"circlet_count":0,"master_deck":["Strike_R","Strike_R","Strike_R","Defend_R","Defend_R","Defend_R","Defend_R","Bash","Demon Form","Searing Blow+2","Second Wind","Sentinel","Feed","Sentinel","Barricade","Feel No Pain","Flex"],"relics":["Burning Blood","Golden Idol","Bag of Marbles","Vajra","White Beast Statue","Empty Cage"],"acts_visited":["TheCity"],"potions_floor_usage":[11,16,18],"damage_taken":[{"damage":5.0,"enemies":"Small Slimes","floor":1.0,"turns":4.0},{"damage":0.0,"enemies":"2 Louse","floor":4.0,"turns":3.0},{"damage":13.0,"enemies":"Jaw Worm","floor":5.0,"turns":3.0},{"damage":37.0,"enemies":"Gremlin Nob","floor":7.0,"turns":5.0},{"damage":28.0,"enemies":"Gremlin Gang","floor":8.0,"turns":9.0},{"damage":0,"enemies":"3 Louse","floor":11,"turns":6},{"damage":21,"enemies":"Large Slime","floor":14,"turns":12},{"damage":65,"enemies":"The Guardian","floor":16,"turns":11},{"damage":91,"enemies":"3 Byrds","floor":18,"turns":14},{"damage":0,"enemies":"3 Byrds","floor":19,"turns":1}],"seed_played":"8496856848777031921","potions_obtained":[{"floor":4.0,"key":"PowerPotion"},{"floor":8.0,"key":"ColorlessPotion"},{"floor":11,"key":"Explosive Potion"},{"floor":14,"key":"BlessingOfTheForge"},{"floor":16,"key":"BlessingOfTheForge"},{"floor":18,"key":"Swift Potion"}],"is_trial":false,"path_per_floor":["M","?","$","M","M","R","E","M","T","?","M","R","?","M","R","B",null,"M","?"],"character_chosen":"IRONCLAD","items_purchased":[],"campfire_rested":1,"item_purchase_floors":[],"current_hp_per_floor":[80,80,80,80,73,73,42,23,23,43,52,52,52,40,66,10,92,10,10,10],"gold":287,"neow_bonus":"ONE_RANDOM_RARE_CARD","is_daily":false,"chose_seed":false,"campfire_upgraded":2,"win_rate":0.0,"timestamp":1608346131,"path_taken":["M","?","$","M","M","R","E","M","T","?","M","R","?","?","R","BOSS","M","?"],"items_purchased_type":[],"build_version":"2020-12-13","purchased_purges":1,"victory":false,"max_hp_per_floor":[80,80,80,80,80,80,80,83,83,83,86,86,86,89,89,92,92,95,95,95],"card_choices":[{"not_picked":["Warcry","Twin Strike"],"picked":"Searing Blow","floor":1.0},{"not_picked":["Havoc","Flex"],"picked":"Second Wind","floor":4.0},{"not_picked":["Combust","Shrug It Off"],"picked":"Sentinel","floor":5.0},{"not_picked":["Armaments","Carnage"],"picked":"Feed","floor":7.0},{"not_picked":["Heavy Blade","Pommel Strike"],"picked":"Sentinel","floor":8.0},{"not_picked":["Body Slam","Thunderclap"],"picked":"Barricade","floor":11},{"not_picked":["Havoc","True Grit"],"picked":"Feel No Pain","floor":14},{"not_picked":["Combust","Cleave"],"picked":"Flex","floor":18}],"player_experience":266003,"relics_obtained":[{"floor":7.0,"key":"Bag of Marbles"},{"floor":9.0,"key":"Vajra"}],"event_choices":[{"damage_healed":0.0,"max_hp_gain":0.0,"max_hp_loss":0.0,"gold_gain":0.0,"event_name":"Golden Idol","player_choice":"Take Wound","floor":2.0,"gold_loss":0.0,"damage_taken":0.0,"relics_obtained":["Golden Idol"],"cards_obtained":["Injury"]},{"damage_healed":20.0,"max_hp_gain":0.0,"max_hp_loss":0.0,"gold_gain":0.0,"event_name":"The Cleric","player_choice":"Healed","floor":10.0,"gold_loss":35.0,"damage_taken":0.0},{"damage_healed":0,"gold_gain":0,"player_choice":"Gave Potion","damage_taken":0,"relics_obtained":["White Beast Statue"],"max_hp_gain":0,"max_hp_loss":0,"event_name":"WeMeetAgain","floor":13,"gold_loss":0}],"is_beta":false,"boss_relics":[{"not_picked":["Busted Crown","Tiny House"],"picked":"Empty Cage"}],"items_purged_floors":[3],"is_endless":false,"potions_floor_spawned":[4,8,11,14,16,18],"killed_by":"3 Byrds","ascension_level":0}}