{"host":"cqsz3xitorlhbrhq","time":1608339502,"event":{"mods":["AchievementEnabler","BaseMod","Bestiary","Block Reminder","Minty Spire (QoL Compilation)","Relic Stats","egg"],"gold_per_floor":[116,130,147,158,171,171,206,206,206,206,260,260,260,260],"floor_reached":13,"playtime":531,"items_purged":[],"score":114,"play_id":"813ad75b-4a18-468f-bb84-8a993f6ec17a","local_time":"20201218195822","is_ascension_mode":true,"campfire_choices":[{"data":"Whirlwind","floor":6,"key":"SMITH"},{"data":"Limit Break","floor":8,"key":"SMITH"},{"data":"Spot Weakness","floor":10,"key":"SMITH"}],"circlet_count":0,"master_deck":["Strike_R","Strike_R","Strike_R","Strike_R","Defend_R","Defend_R","Defend_R","Defend_R","Bash","Blood for Blood","Spot Weakness+1","Headbutt","Whirlwind+1","Limit Break+1","Sword Boomerang","Inflame"],"relics":["Black Star","Magic Flower","Akabeko","Regal Pillow","Ornamental Fan","Omamori"],"acts_visited":["Exordium"],"potions_floor_usage":[7,11],"damage_taken":[{"damage":7,"enemies":"Jaw Worm","floor":1,"turns":6},{"damage":6,"enemies":"Cultist","floor":2,"turns":3},{"damage":6,"enemies":"2 Louse","floor":3,"turns":5},{"damage":10,"enemies":"2 Fungi Beasts","floor":4,"turns":3},{"damage":1,"enemies":"Exordium Wildlife","floor":5,"turns":4},{"damage":13,"enemies":"3 Sentries","floor":7,"turns":4},{"damage":20,"enemies":"Lagavulin","floor":11,"turns":5},{"damage":20,"enemies":"3 Sentries","floor":13,"turns":2}],"seed_played":"290980769590220493","potions_obtained":[{"floor":1,"key":"EssenceOfSteel"},{"floor":4,"key":"ElixirPotion"},{"floor":7,"key":"ColorlessPotion"}],"is_trial":false,"path_per_floor":["M","M","M","M","M","R","E","R","T","R","E","?","E"],"character_chosen":"IRONCLAD","items_purchased":[],"campfire_rested":0,"item_purchase_floors":[],"current_hp_per_floor":[73,67,61,51,50,50,37,37,37,37,17,17,0,0],"gold":260,"neow_bonus":"BOSS_RELIC","is_daily":false,"chose_seed":false,"campfire_upgraded":3,"win_rate":0.0,"timestamp":1608339502,"path_taken":["M","M","M","M","M","R","E","R","T","R","E","?","E"],"items_purchased_type":[],"build_version":"2020-12-13","purchased_purges":0,"victory":false,"max_hp_per_floor":[80,80,80,80,80,80,80,80,80,80,80,80,80,80],"relic_stats":{"Regal Pillow":0,"counters":[8,32],"Ornamental Fan":[0],"Magic Flower":[0],"Black Star":2,"obtain_stats":[{"Regal Pillow":9,"Ornamental Fan":11,"Magic Flower":7,"Black Star":0,"Omamori":11,"Burning Blood":0,"Akabeko":7},{"Regal Pillow":6,"Ornamental Fan":7,"Magic Flower":6,"Black Star":0,"Omamori":7,"Burning Blood":0,"Akabeko":6},{"Regal Pillow":25,"Ornamental Fan":30,"Magic Flower":25,"Black Star":0,"Omamori":30,"Burning Blood":0,"Akabeko":25}]},"card_choices":[{"not_picked":["Clash","Heavy Blade"],"picked":"Blood for Blood","floor":1},{"not_picked":["Pommel Strike","Havoc"],"picked":"Spot Weakness","floor":2},{"not_picked":["Pommel Strike","Feel No Pain"],"picked":"Headbutt","floor":3},{"not_picked":["Armaments","Wild Strike"],"picked":"Whirlwind","floor":4},{"not_picked":["Entrench","Havoc","Wild Strike"],"picked":"SKIP","floor":5},{"not_picked":["Headbutt","Sword Boomerang"],"picked":"Limit Break","floor":7},{"not_picked":["Fire Breathing","Twin Strike"],"picked":"Sword Boomerang","floor":11}],"player_experience":75263,"relics_obtained":[{"floor":7,"key":"Magic Flower"},{"floor":7,"key":"Akabeko"},{"floor":9,"key":"Regal Pillow"},{"floor":11,"key":"Ornamental Fan"},{"floor":11,"key":"Omamori"}],"event_choices":[{"damage_healed":0,"gold_gain":0,"cards_transformed":["Strike_R"],"player_choice":"Change","damage_taken":0,"max_hp_gain":0,"max_hp_loss":0,"event_name":"Living Wall","floor":12,"gold_loss":0,"cards_obtained":["Inflame"]}],"is_beta":false,"boss_relics":[],"items_purged_floors":[],"is_endless":false,"potions_floor_spawned":[1,4,7],"killed_by":"3 Sentries","ascension_level":4}}