{"host":"ovxa65d68iy9l57e","time":1608336135,"event":{"mods":["AchievementEnabler","BaseMod","Better Vampires","Colored Map","Curses Come First","Minty Spire (QoL Compilation)","Relic Stats","StSLib","The Alterego"],"gold_per_floor":[114,126,201,201,220,220,255,255,326,126,150,150,171,72,72,178,178,200,227,71,71,71,80,95,95,104,104,118,118,155,171,171,285,285,307,329,351,167,217,259,259,613,613,233,233,258,270,285,285,285],"floor_reached":51,"playtime":5123,"items_purged":["Strike_G","Strike_G","Writhe","Strike_G"],"score":697,"play_id":"12112b6d-280e-4100-a00c-b756b44e5a3a","local_time":"20201219010215","is_ascension_mode":false,"campfire_choices":[{"data":"Noxious Fumes","floor":6.0,"key":"SMITH"},{"data":"Dagger Spray","floor":12.0,"key":"SMITH"},{"floor":15.0,"key":"REST"},{"data":"Bouncing Flask","floor":25.0,"key":"SMITH"},{"data":"Bane","floor":27.0,"key":"SMITH"},{"data":"Die Die Die","floor":29.0,"key":"SMITH"},{"data":"Adrenaline","floor":32.0,"key":"SMITH"},{"data":"Dash","floor":41.0,"key":"SMITH"},{"floor":49,"key":"REST"}],"circlet_count":0,"master_deck":["Strike_G","Defend_G","Defend_G","Defend_G","Defend_G","Defend_G","Survivor","Neutralize","Acrobatics","PiercingWail","Noxious Fumes+1","Deadly Poison","Escape Plan","Dagger Spray+1","Bane+1","Die Die Die+1","Venomology","Bane+1","PiercingWail+1","Terror","Blur","Bouncing Flask+1","Adrenaline+1","Corpse Explosion","Blur+1","Poisoned Stab+1","Dagger Throw+1","Backstab","Underhanded Strike","Dash+1","Well Laid Plans+1","Reflex","Caltrops+1"],"relics":["Ring of the Snake","Incense Burner","Tough Bandages","Singing Bowl","The Courier","CeramicFish","Cursed Key","Vajra","Velvet Choker","Girya","Du-Vu Doll","Old Coin","Shuriken"],"acts_visited":["Exordium","TheCity","TheBeyond"],"potions_floor_usage":[46,46,50,50,50],"damage_taken":[{"damage":0.0,"enemies":"Small Slimes","floor":1.0,"turns":3.0},{"damage":6.0,"enemies":"2 Louse","floor":2.0,"turns":4.0},{"damage":5.0,"enemies":"Jaw Worm","floor":5.0,"turns":6.0},{"damage":25.0,"enemies":"Lagavulin","floor":7.0,"turns":8.0},{"damage":5.0,"enemies":"Large Slime","floor":11.0,"turns":5.0},{"damage":0.0,"enemies":"Exordium Thugs","floor":13.0,"turns":5.0},{"damage":23.0,"enemies":"Hexaghost","floor":16.0,"turns":8.0},{"damage":10.0,"enemies":"2 Thieves","floor":18.0,"turns":4.0},{"damage":5.0,"enemies":"Shell Parasite","floor":19.0,"turns":5.0},{"damage":6.0,"enemies":"Cultist and Chosen","floor":24.0,"turns":5.0},{"damage":5.0,"enemies":"Centurion and Healer","floor":28.0,"turns":5.0},{"damage":4.0,"enemies":"Book of Stabbing","floor":30.0,"turns":5.0},{"damage":5.0,"enemies":"Snecko","floor":31.0,"turns":5.0},{"damage":25.0,"enemies":"Champ","floor":33.0,"turns":12.0},{"damage":24.0,"enemies":"3 Shapes","floor":35.0,"turns":3.0},{"damage":0.0,"enemies":"3 Darklings","floor":36.0,"turns":4.0},{"damage":2.0,"enemies":"Maw","floor":37.0,"turns":7.0},{"damage":7.0,"enemies":"Mind Bloom Boss Battle","floor":39.0,"turns":6.0},{"damage":26.0,"enemies":"Nemesis","floor":40.0,"turns":5.0},{"damage":14.0,"enemies":"2 Orb Walkers","floor":42.0,"turns":6.0},{"damage":3,"enemies":"Jaw Worm Horde","floor":46,"turns":4},{"damage":0,"enemies":"4 Shapes","floor":47,"turns":4},{"damage":0,"enemies":"Maw","floor":48,"turns":6},{"damage":47,"enemies":"Time Eater","floor":50,"turns":11}],"seed_played":"-7886061128113697382","potions_obtained":[{"floor":7.0,"key":"Fire Potion"},{"floor":13.0,"key":"Fire Potion"},{"floor":16.0,"key":"FearPotion"},{"floor":24.0,"key":"SkillPotion"},{"floor":30.0,"key":"Regen Potion"},{"floor":31.0,"key":"EssenceOfSteel"},{"floor":33.0,"key":"SkillPotion"},{"floor":36.0,"key":"AttackPotion"},{"floor":37.0,"key":"Swift Potion"},{"floor":40.0,"key":"Dexterity Potion"}],"is_trial":false,"path_per_floor":["M","M","?","?","M","R","E","T","T","$","M","R","M","$","R","B",null,"M","M","$","?","$","?","M","R","T","R","M","R","E","M","R","B",null,"M","M","M","$","?","E","R","?","T","$","?","M","M","M","R","B",null],"character_chosen":"THE_SILENT","items_purchased":["CeramicFish","Escape Plan","Die Die Die","Terror","Blur","Backstab","Underhanded Strike","Shuriken","Reflex"],"campfire_rested":2,"item_purchase_floors":[10,10,14,20,20,38,38,44,44],"current_hp_per_floor":[77,71,60,57,52,52,27,27,27,27,22,22,22,22,45,22,77,67,62,62,77,77,77,73,73,73,73,70,70,66,63,63,53,83,59,59,57,57,67,41,41,27,27,27,27,24,26,28,54,7],"gold":285,"neow_bonus":"TEN_PERCENT_HP_BONUS","is_daily":false,"chose_seed":false,"campfire_upgraded":7,"win_rate":0.0,"timestamp":1608336135,"path_taken":["M","M","?","?","M","R","E","?","T","$","M","R","M","$","R","BOSS","M","M","$","?","$","?","M","R","T","R","M","R","E","M","R","BOSS","M","M","M","$","?","E","R","?","T","$","?","M","M","M","R","BOSS"],"items_purchased_type":["Relic","Card","Card","Card","Card","Card","Card","Relic","Card"],"build_version":"2020-12-13","purchased_purges":4,"victory":true,"max_hp_per_floor":[77,77,77,77,77,77,77,77,77,77,77,77,77,77,77,77,77,77,77,77,77,77,77,79,79,79,79,81,81,81,83,83,83,83,83,83,83,83,85,85,85,85,85,85,85,85,87,89,89,89],"relic_stats":{"Tough Bandages":[156],"Singing Bowl":12,"counters":[24,136],"Shuriken":[6],"CeramicFish":198,"Cursed Key":1,"obtain_stats":[{"Girya":39,"Singing Bowl":8,"CeramicFish":10,"Vajra":30,"Velvet Choker":34,"The Courier":9,"Incense Burner":4,"Cursed Key":17,"Old Coin":42,"Du-Vu Doll":40,"Tough Bandages":7,"Shuriken":44,"Ring of the Snake":0},{"Girya":18,"Singing Bowl":4,"CeramicFish":4,"Vajra":12,"Velvet Choker":14,"The Courier":4,"Incense Burner":2,"Cursed Key":7,"Old Coin":20,"Du-Vu Doll":19,"Tough Bandages":4,"Shuriken":20,"Ring of the Snake":0},{"Girya":100,"Singing Bowl":21,"CeramicFish":21,"Vajra":63,"Velvet Choker":80,"The Courier":21,"Incense Burner":7,"Cursed Key":39,"Old Coin":111,"Du-Vu Doll":105,"Tough Bandages":21,"Shuriken":111,"Ring of the Snake":0}],"Ring of the Snake":[48]},"card_choices":[{"not_picked":["Sucker Punch","Endless Agony"],"picked":"Acrobatics","floor":1.0},{"not_picked":["Dodge and Roll","Cloak And Dagger"],"picked":"PiercingWail","floor":2.0},{"not_picked":["Caltrops","Slice"],"picked":"Noxious Fumes","floor":5.0},{"not_picked":["Deflect","Slice"],"picked":"Deadly Poison","floor":7.0},{"not_picked":["Outmaneuver","Deadly Poison"],"picked":"Dagger Spray","floor":11.0},{"not_picked":["PiercingWail","Acrobatics"],"picked":"Bane","floor":13.0},{"not_picked":["Die Die Die","Malaise"],"picked":"Venomology","floor":16.0},{"not_picked":["Escape Plan","Cloak And Dagger"],"picked":"Bane+1","floor":18.0},{"not_picked":["Riddle With Holes","Skewer"],"picked":"PiercingWail+1","floor":19.0},{"not_picked":["Dodge and Roll","Caltrops","Cloak And Dagger"],"picked":"Singing Bowl","floor":24.0},{"not_picked":["Outmaneuver","Malaise","PiercingWail+1"],"picked":"Singing Bowl","floor":28.0},{"not_picked":["Crippling Poison","Dagger Spray"],"picked":"Adrenaline","floor":30.0},{"not_picked":["Acrobatics","All Out Attack+1","Deadly Poison"],"picked":"Singing Bowl","floor":31.0},{"not_picked":["Venomology","Burst"],"picked":"Corpse Explosion","floor":33.0},{"not_picked":["Deflect+1","Bane+1"],"picked":"Blur+1","floor":35.0},{"not_picked":["Crippling Poison","Cloak And Dagger"],"picked":"Poisoned Stab+1","floor":36.0},{"not_picked":["Predator+1","Cloak And Dagger+1"],"picked":"Dagger Throw+1","floor":37.0},{"not_picked":["Terror+1","Accuracy","Dagger Throw"],"picked":"Singing Bowl","floor":39.0},{"not_picked":["Tactician+1","Outmaneuver+1"],"picked":"Dash","floor":40.0},{"not_picked":["Expertise","Deflect"],"picked":"Well Laid Plans+1","floor":42.0},{"not_picked":["Deadly Poison","Slice+1"],"picked":"Caltrops+1","floor":46},{"not_picked":["Cloak And Dagger","Crippling Poison+1","Choke"],"picked":"Singing Bowl","floor":47},{"not_picked":["Glass Knife","Dagger Spray+1","Infinite Blades+1"],"picked":"Singing Bowl","floor":48}],"player_experience":217715,"relics_obtained":[{"floor":7.0,"key":"Tough Bandages"},{"floor":8.0,"key":"Singing Bowl"},{"floor":9.0,"key":"The Courier"},{"floor":30.0,"key":"Vajra"},{"floor":39.0,"key":"Girya"},{"floor":40.0,"key":"Du-Vu Doll"},{"floor":42.0,"key":"Old Coin"}],"event_choices":[{"damage_healed":0.0,"max_hp_gain":0.0,"max_hp_loss":0.0,"gold_gain":75.0,"event_name":"World of Goop","player_choice":"Gather Gold","floor":3.0,"gold_loss":0.0,"damage_taken":11.0},{"damage_healed":0.0,"max_hp_gain":0.0,"max_hp_loss":0.0,"gold_gain":0.0,"event_name":"Scrap Ooze","player_choice":"Success","floor":4.0,"gold_loss":0.0,"damage_taken":3.0,"relics_obtained":["Incense Burner"]},{"damage_healed":15.0,"max_hp_gain":0.0,"max_hp_loss":0.0,"gold_gain":0.0,"event_name":"Wheel of Change","player_choice":"Full Heal","floor":21.0,"gold_loss":0.0,"damage_taken":0.0},{"damage_healed":0.0,"max_hp_gain":0.0,"max_hp_loss":0.0,"gold_gain":0.0,"event_name":"The Library","player_choice":"Read","floor":23.0,"gold_loss":0.0,"damage_taken":0.0,"cards_obtained":["Bouncing Flask"]},{"damage_healed":0.0,"max_hp_gain":0.0,"max_hp_loss":0.0,"gold_gain":0.0,"event_name":"MindBloom","player_choice":"Fight","floor":39.0,"gold_loss":0.0,"damage_taken":0.0},{"damage_healed":0.0,"max_hp_gain":0.0,"max_hp_loss":0.0,"gold_gain":0.0,"event_name":"Mysterious Sphere","player_choice":"Fight","floor":42.0,"gold_loss":0.0,"damage_taken":0.0},{"cards_removed":["Strike_G"],"damage_healed":0,"gold_gain":0,"player_choice":"Purged","damage_taken":0,"max_hp_gain":0,"max_hp_loss":0,"event_name":"Purifier","floor":45,"gold_loss":0}],"is_beta":false,"boss_relics":[{"not_picked":["Busted Crown","Snecko Eye"],"picked":"Cursed Key"},{"not_picked":["Tiny House","Sozu"],"picked":"Velvet Choker"}],"items_purged_floors":[10,20,38,44],"is_endless":false,"potions_floor_spawned":[7,13,16,24,30,31,33,36,37,40],"ascension_level":0}}