{"host":"0azimyi6n3ugndj4","time":1608419936,"event":{"mods":["BaseMod","Bestiary","Conspire","Curses Come First","Defuse TimeMaze Blight","Hyrulean Relics","Infinite Spire","Minty Spire (QoL Compilation)","Relic Sorter","Relic Stats","Replay The Spire","StSLib","SuperFastMode","Uncapped","¡¼?Úª?ø«¡½REMEMod"],"gold_per_floor":[156,156,195,231,231,306,342,342,342],"floor_reached":8,"playtime":181,"items_purged":[],"score":191,"play_id":"36de957c-a639-4f01-a1eb-3b1dad353462","local_time":"20201220081856","daily_mods":["Insanity","Chimera","Specialized","Vintage","ControlledChaos","Allstar","Diverse","Colorless Cards","Heirloom","Time Dilation","Binary","Elite Swarm","Lethality","Midas","Uncertain Future"],"is_ascension_mode":true,"campfire_choices":[],"circlet_count":0,"master_deck":["Demon Form","Wraith Form v2","Echo Form","DevaForm","AscendersBane","Bash","Survivor","Zap","Strike_R","Strike_G","Strike_B","Defend_R","Defend_G","Defend_P","Meditate","Protect","Melter","Flying Knee","Turbo","Fusion","Turbo","Sucker Punch","Anger","Fasting2","Panic Button","Ball Lightning","FollowUp","Cleave","Protect","conspire:DoublingDagger","Replay:BluntJabs","Redo","Rupture","Compile Driver","Dagger Throw","ReplayTheSpireMod:Stacked","Madness","Turbo","Wallop+1","Thunderclap","True Grit","BasicCrystalCard","Armaments","Replay:Undeath\u0027s Touch","Replay:Sssssssssshield","Conserve Battery","Deflect","Replay:Bootleg Shield Generator","Compile Driver","Consecrate","Undo","Sanctity","Havoc","Dagger Spray","Skewer","Steam","Pommel Strike","Prostrate","Iron Wave","Recycle","Twin Strike+1","Warcry","ReplayTheSpireMod:Uncanny Aura","Catalyst","Impervious","Impervious","Impervious","Impervious","Impervious","Impatience","REME_BuildACard","Replay:Sssssssssstrike","Replay:Sssssssssshield","Swift Strike","REME_ShortnessOfBreath","ReplayTheSpireMod:Trickstab","Limit Break"],"relics":["PureWater","Frozen Eye","REME_ComplimentaryCards","Du-Vu Doll","Blue Doll","Whetstone","Replay:Bottled Steam","zeldaRelics:CouragePiece","Akabeko"],"acts_visited":["Exordium"],"potions_floor_usage":[8,8],"damage_taken":[{"damage":0,"enemies":"Small Slimes","floor":1,"turns":3},{"damage":9,"enemies":"Cultist","floor":3,"turns":4},{"damage":13,"enemies":"2 Louse","floor":4,"turns":3},{"damage":30,"enemies":"Lagavulin","floor":6,"turns":5},{"damage":0,"enemies":"2 Fungi Beasts","floor":7,"turns":2},{"damage":15,"enemies":"Gremlin Nob","floor":8,"turns":3}],"seed_played":"-3764238985117813168","potions_obtained":[{"floor":1,"key":"LiquidMemories"},{"floor":7,"key":"Weak Potion"}],"is_trial":true,"path_per_floor":["M","$","M","M","?","E","M","E"],"character_chosen":"WATCHER","items_purchased":[],"campfire_rested":0,"item_purchase_floors":[],"current_hp_per_floor":[61,61,52,39,39,9,9,0,0],"gold":342,"neow_bonus":"","is_daily":false,"chose_seed":false,"campfire_upgraded":0,"win_rate":0.0,"timestamp":1608419936,"path_taken":["M","$","M","M","?","E","?","E"],"items_purchased_type":[],"build_version":"2020-12-13","purchased_purges":0,"victory":false,"max_hp_per_floor":[68,68,68,68,68,68,68,68,68],"relic_stats":{"counters":[6,20],"Whetstone":["Wallop","Twin Strike"],"obtain_stats":[{"Du-Vu Doll":0,"Frozen Eye":0,"Blue Doll":1,"zeldaRelics:CouragePiece":6,"Whetstone":3,"PureWater":0,"Akabeko":7,"REME_ComplimentaryCards":0,"Replay:Bottled Steam":4},{"Du-Vu Doll":0,"Frozen Eye":0,"Blue Doll":1,"zeldaRelics:CouragePiece":4,"Whetstone":2,"PureWater":0,"Akabeko":5,"REME_ComplimentaryCards":0,"Replay:Bottled Steam":3},{"Du-Vu Doll":0,"Frozen Eye":0,"Blue Doll":3,"zeldaRelics:CouragePiece":15,"Whetstone":7,"PureWater":0,"Akabeko":17,"REME_ComplimentaryCards":0,"Replay:Bottled Steam":10}]},"card_choices":[{"not_picked":["Thinking Ahead"],"picked":"Limit Break","floor":6}],"player_experience":1475944,"relics_obtained":[{"floor":1,"key":"Blue Doll"},{"floor":3,"key":"Whetstone"},{"floor":4,"key":"Replay:Bottled Steam"},{"floor":6,"key":"zeldaRelics:CouragePiece"},{"floor":7,"key":"Akabeko"}],"event_choices":[{"damage_healed":0,"gold_gain":0,"cards_transformed":["Eruption"],"player_choice":"Transformed","damage_taken":0,"max_hp_gain":0,"max_hp_loss":0,"event_name":"Transmorgrifier","floor":5,"gold_loss":0,"cards_obtained":["ReplayTheSpireMod:Trickstab"]}],"is_beta":false,"boss_relics":[],"items_purged_floors":[],"is_endless":false,"potions_floor_spawned":[1,7],"killed_by":"Gremlin Nob","ascension_level":20}}