{"host":"41o2x9tazfds4ymf","time":1608387670,"event":{"mods":["Act Like it!","BaseMod","Better Vampires","Colored Powertips","Gensokyo","Hallownest","Lobotomy","LobotomyExtend","Minty Spire (QoL Compilation)","Remilia（蕾米莉亚）","Shop Mod","StSLib","TestMod","Waifu the Spire","WarShipGirlsR/战舰少女R mod","[IsaacMod]以撒尖塔","【东方二次创作】八云紫mod"],"gold_per_floor":[138,138,152,152,171,197,197,213,213,125,152,152,152,152,152,266,266,286,306,306,5,22,23,23],"floor_reached":23,"playtime":878,"items_purged":[],"score":234,"play_id":"efd714e7-bed5-41c2-bb65-be65e3c6470c","local_time":"20201219222110","is_ascension_mode":true,"campfire_choices":[{"floor":7,"key":"REST"},{"floor":12,"key":"REST"},{"floor":15,"key":"REST"}],"circlet_count":0,"master_deck":["AT_purpleEX","AT_purpleEX","AT_purpleEX","AT_purpleEX","Defend_purpleEX","Defend_purpleEX","Defend_purpleEX","Defend_purpleEX","Observe_purple_1","Observe_purple_2","MHz","ButterflyHabitatTemple_purple","OldLady","Bloodbath","ShyLook","GluttonyofRealm_purpleEX","CherryBlossoms","Umbrella_purple","testmod-Bloodthirsty","DarkRealmRedLine_purple","UniverseFragment","LoveAcrossDimensions_purple","Wellcheers","Charmbait_purple+1","WhitesApple","BlackSwan"],"relics":["Boundary_crack","Memoryfragments_purpleEX","testmod-TestBox","HushsDoor","testmod-Brilliant","TheBible","CogitoBucket","LetterFromLob","Hallownest:DreamNailRelic","testmod-AssaultLearning","testmod-Hope","testmod-Acrobat","testmod-OneHitWonder","Sozu","GuppysHead","LuminousBracelet","Strawberry","D6","HowToJump","MerchantsRug","Unceasing Top"],"acts_visited":["Hallownest:Greenpath","Gensokyo:Gensokyoer"],"potions_floor_usage":[11,11,18],"damage_taken":[{"damage":0.0,"enemies":"2_ Uuma","floor":1.0,"turns":2.0},{"damage":0,"enemies":"Hallownest:2_Tiktiks_and_1_Crawlid","floor":3,"turns":1},{"damage":3,"enemies":"Hallownest:monsterHuskWarrior","floor":5,"turns":2},{"damage":53,"enemies":"Hallownest:eliteCrystalGuardian","floor":6,"turns":9},{"damage":32,"enemies":"Hallownest:Guard_and_Warrior","floor":8,"turns":6},{"damage":3,"enemies":"Hallownest:eliteVengeflyKing","floor":11,"turns":4},{"damage":53,"enemies":"Hallownest:BossBrokenVessel","floor":16,"turns":10},{"damage":0,"enemies":"Gensokyo:2_Gloops","floor":18,"turns":1},{"damage":0,"enemies":"Gensokyo:Chomper","floor":19,"turns":3},{"damage":0,"enemies":"Gensokyo:Swordslinger","floor":22,"turns":1},{"damage":45,"enemies":"Gensokyo:Tenshi","floor":23,"turns":1}],"seed_played":"8899253479089213915","potions_obtained":[{"floor":1.0,"key":"testmod-TestPotion"},{"floor":6,"key":"Weak Potion"},{"floor":8,"key":"SpeedPotion"}],"is_trial":false,"path_per_floor":["M","?","M","?","M","E","R","M","T","$","E","R","?","?","R","B",null,"M","M","?","$","M","E"],"character_chosen":"Youkari","items_purchased":["testmod-Bloodthirsty","GuppysHead","Damocles","HowToJump","MerchantsRug"],"campfire_rested":3,"item_purchase_floors":[10,17,17,21,21],"current_hp_per_floor":[70,70,70,61,58,11,32,6,6,6,8,29,37,22,43,31,56,78,81,81,81,81,0,0],"gold":23,"neow_bonus":"","is_daily":false,"chose_seed":false,"campfire_upgraded":0,"win_rate":0.0,"timestamp":1608387670,"path_taken":["M","?","M","?","?","E","R","M","T","$","E","R","?","?","R","BOSS","M","M","?","?","?","E"],"items_purchased_type":["Card","Relic","Relic","Relic","Relic"],"build_version":"2020-12-13","purchased_purges":0,"victory":false,"max_hp_per_floor":[70,70,70,70,70,70,70,73,73,73,73,73,73,73,73,76,56,78,81,81,81,81,81,81],"card_choices":[{"not_picked":["UniverseFragment","BeautyBeast"],"picked":"MHz","floor":1.0},{"not_picked":["Yakumo_Ran_purple","Boundary_DynamicStaticEquilibrium_purple"],"picked":"ButterflyHabitatTemple_purple","floor":1.0},{"not_picked":["GreedKing","FairyFestival"],"picked":"OldLady","floor":3},{"not_picked":["Line_surface_state_purple","Charmbait_purple","FragmentationRealm_purple"],"picked":"SKIP","floor":3},{"not_picked":["ShyLook","MeatLantern"],"picked":"Bloodbath","floor":5},{"not_picked":["Realm_recovery_purpleEX","ExistenceContinue_purple","RuleDissolution_purple"],"picked":"SKIP","floor":5},{"not_picked":["Scorched","FieryBird"],"picked":"ShyLook","floor":6},{"not_picked":["Mirror_FormAndEmptin_purple","Mirror_Drifter_purple"],"picked":"GluttonyofRealm_purpleEX","floor":6},{"not_picked":["Wellcheers","BeautyBeast"],"picked":"CherryBlossoms","floor":8},{"not_picked":["FragmentationRealm_purple","Boundary_DynamicStaticEquilibrium_purple"],"picked":"Umbrella_purple","floor":8},{"not_picked":["BeautyBeast","Rudolta"],"picked":"Scarecrow","floor":11},{"not_picked":["RuptureOfTimeAndSpace_purple","Boundary_DynamicStaticEquilibrium_purple"],"picked":"DarkRealmRedLine_purple","floor":11},{"not_picked":["SnowQueen","MeatLantern"],"picked":"UniverseFragment","floor":16},{"not_picked":["Mirror_TwoAndThreeElementRealm_purple","Theboundaryofcreation_purpleEX"],"picked":"LoveAcrossDimensions_purple","floor":16},{"not_picked":["Scorched","Laetitia"],"picked":"Wellcheers","floor":18},{"not_picked":["FragmentationRealm_purple+1","StateErode_purple"],"picked":"Charmbait_purple+1","floor":18},{"not_picked":["Rudolta","GalaxyChild"],"picked":"WhitesApple","floor":19},{"not_picked":["Charmbait_purple","SharpContractionReality_purple+1","Nest_LightFlightworm_purple"],"picked":"SKIP","floor":19},{"not_picked":["SpiderBud","WallGazer"],"picked":"BlackSwan","floor":22},{"not_picked":["OmniscientAndOmnipotent_Monster_purple+1","SfantasyHide_purple","Nest_LightFlightworm_purple+1"],"picked":"SKIP","floor":22}],"player_experience":203469,"relics_obtained":[{"floor":1.0,"key":"LetterFromLob"},{"floor":6,"key":"testmod-AssaultLearning"},{"floor":9,"key":"testmod-Hope"},{"floor":11,"key":"testmod-Acrobat"},{"floor":18,"key":"Strawberry"},{"floor":19,"key":"D6"},{"floor":22,"key":"Unceasing Top"}],"event_choices":[],"is_beta":false,"boss_relics":[{"not_picked":["testmod-StringDisintegrator","MagicMushroom"],"picked":"Sozu"},{"not_picked":[]}],"items_purged_floors":[],"is_endless":false,"potions_floor_spawned":[1,6,8],"killed_by":"Gensokyo:Tenshi","ascension_level":1}}