{"host":"sav7uxregyirlf69","time":1608361497,"event":{"mods":["AchievementEnabler","BaseMod","Colored Map","DeckTracker","Keyboard Shortcuts","Minty Spire (QoL Compilation)","READ ME - Guardian Mod","StSLib","SuperFastMode"],"gold_per_floor":[114,132,92,111,111,111,125,125,125,44,64,75,88,13,13,13,13],"floor_reached":16,"playtime":341,"items_purged":["Strike_G"],"score":188,"play_id":"43728261-6883-41ca-a5b1-5f069b636356","local_time":"20201219160457","is_ascension_mode":true,"campfire_choices":[{"data":"Blur","floor":6.0,"key":"SMITH"},{"data":"Deadly Poison","floor":8.0,"key":"SMITH"},{"data":"Catalyst","floor":15,"key":"SMITH"}],"circlet_count":0,"master_deck":["AscendersBane","Strike_G","Strike_G","Strike_G","Strike_G","Defend_G","Defend_G","Defend_G","Defend_G","Defend_G","Survivor","Neutralize+1","Prepared","Blur+1","Deadly Poison+1","Tactician","Catalyst+1","Acrobatics","Tactician"],"relics":["Runic Pyramid","Frozen Egg 2"],"acts_visited":["Exordium"],"potions_floor_usage":[16,16],"damage_taken":[{"damage":12.0,"enemies":"Jaw Worm","floor":1.0,"turns":4.0},{"damage":0.0,"enemies":"Cultist","floor":2.0,"turns":4.0},{"damage":9.0,"enemies":"2 Louse","floor":4.0,"turns":4.0},{"damage":3.0,"enemies":"Looter","floor":7.0,"turns":5.0},{"damage":5,"enemies":"2 Fungi Beasts","floor":11,"turns":4},{"damage":0,"enemies":"Blue Slaver","floor":12,"turns":4},{"damage":2,"enemies":"Exordium Thugs","floor":13,"turns":6},{"damage":30,"enemies":"Slime Boss","floor":16,"turns":18}],"seed_played":"-2264142039937263752","potions_obtained":[{"floor":3.0,"key":"LiquidMemories"},{"floor":3.0,"key":"Ancient Potion"},{"floor":3.0,"key":"LiquidMemories"},{"floor":7.0,"key":"Fire Potion"}],"is_trial":false,"path_per_floor":["M","M","?","M","?","R","M","R","T","$","M","M","M","$","R","B"],"character_chosen":"THE_SILENT","items_purchased":["Tactician"],"campfire_rested":0,"item_purchase_floors":[10],"current_hp_per_floor":[47,47,47,38,38,38,35,35,35,35,30,30,28,28,28,0,0],"gold":13,"neow_bonus":"BOSS_RELIC","is_daily":false,"chose_seed":false,"campfire_upgraded":3,"win_rate":0.0,"timestamp":1608361497,"path_taken":["M","M","?","?","?","R","M","R","T","?","M","M","?","$","R","BOSS"],"items_purchased_type":["Card"],"build_version":"2020-12-13","purchased_purges":1,"victory":false,"max_hp_per_floor":[66,66,66,66,66,66,66,66,66,66,66,66,66,66,66,66,66],"card_choices":[{"not_picked":["PiercingWail","Flechettes"],"picked":"Prepared","floor":1.0},{"not_picked":["Riddle With Holes","Poisoned Stab"],"picked":"Blur","floor":2.0},{"not_picked":["Finisher","Prepared","Slice"],"picked":"SKIP","floor":4.0},{"not_picked":["Accuracy","Masterful Stab"],"picked":"Deadly Poison","floor":7.0},{"not_picked":["Deadly Poison","Masterful Stab"],"picked":"Catalyst","floor":11},{"not_picked":["Backstab","Blade Dance"],"picked":"Acrobatics","floor":12},{"not_picked":["Dagger Spray","Quick Slash"],"picked":"Tactician","floor":13}],"player_experience":951857,"relics_obtained":[{"floor":9.0,"key":"Frozen Egg 2"}],"event_choices":[{"damage_healed":0.0,"max_hp_gain":0.0,"max_hp_loss":0.0,"gold_gain":0.0,"event_name":"The Woman in Blue","player_choice":"Bought 3 Potions","floor":3.0,"gold_loss":0.0,"damage_taken":0.0},{"damage_healed":0.0,"max_hp_gain":0.0,"max_hp_loss":0.0,"gold_gain":0.0,"event_name":"Upgrade Shrine","player_choice":"Upgraded","floor":5.0,"gold_loss":0.0,"damage_taken":0.0,"cards_upgraded":["Neutralize"]}],"is_beta":false,"boss_relics":[],"items_purged_floors":[14],"is_endless":false,"potions_floor_spawned":[4,7,11],"killed_by":"Slime Boss","ascension_level":20}}