{"host":"agbyy69nq62afhwx","time":1608415301,"event":{"mods":["BaseMod","Colored Map","Highlight Path","Keyboard Shortcuts","Minty Spire (QoL Compilation)","Quick Restart","StSLib","SuperFastMode","everything is the same but u backflip on backflip"],"gold_per_floor":[113,125,50,70,83,83,83,83,106,176,199,62,7,30,30,155,455,473,473,473],"floor_reached":19,"playtime":465,"items_purged":["Strike_G","Strike_G"],"score":191,"play_id":"3df3832a-18ec-46d8-9eb4-fa6598a1ce1a","local_time":"20201220070141","is_ascension_mode":true,"campfire_choices":[{"data":"Phantasmal Killer","floor":6.0,"key":"SMITH"},{"floor":8.0,"key":"REST"},{"data":"Flechettes","floor":15.0,"key":"SMITH"}],"circlet_count":0,"master_deck":["Strike_G","Strike_G","Strike_G","Defend_G","Defend_G","Defend_G","Defend_G","Defend_G","Survivor","Neutralize","Phantasmal Killer+1","Underhanded Strike","Flechettes+1","Blur","Flying Knee+1","Infinite Blades","Die Die Die+1","CurseOfTheBell","Dagger Spray+1"],"relics":["Ring of the Snake","Golden Idol","Potion Belt","Molten Egg 2","Anchor","Calling Bell","Omamori","Pear","Old Coin"],"acts_visited":["Exordium","TheCity"],"potions_floor_usage":[19],"damage_taken":[{"damage":1.0,"enemies":"Cultist","floor":1.0,"turns":3.0},{"damage":1.0,"enemies":"Jaw Worm","floor":2.0,"turns":3.0},{"damage":0.0,"enemies":"2 Louse","floor":4.0,"turns":2.0},{"damage":18.0,"enemies":"Exordium Thugs","floor":5.0,"turns":4.0},{"damage":0.0,"enemies":"Large Slime","floor":11.0,"turns":5.0},{"damage":11.0,"enemies":"Lots of Slimes","floor":14.0,"turns":4.0},{"damage":36.0,"enemies":"Hexaghost","floor":16.0,"turns":9.0},{"damage":51,"enemies":"3 Byrds","floor":18,"turns":5},{"damage":25,"enemies":"Masked Bandits","floor":19,"turns":2}],"seed_played":"-5276741545988789832","potions_obtained":[{"floor":2.0,"key":"LiquidBronze"},{"floor":11.0,"key":"AttackPotion"},{"floor":16.0,"key":"EssenceOfSteel"},{"floor":18,"key":"SkillPotion"}],"is_trial":false,"path_per_floor":["M","M","$","M","M","R","?","R","T","T","M","$","?","M","R","B",null,"M","?"],"character_chosen":"THE_SILENT","items_purchased":["Infinite Blades"],"campfire_rested":1,"item_purchase_floors":[12],"current_hp_per_floor":[48,47,47,47,29,29,29,48,48,48,48,48,48,37,37,1,75,24,0,0],"gold":473,"neow_bonus":"THREE_RARE_CARDS","is_daily":false,"chose_seed":false,"campfire_upgraded":2,"win_rate":0.0,"timestamp":1608415301,"path_taken":["M","M","$","M","?","R","?","R","T","?","M","$","?","M","R","BOSS","M","?"],"items_purchased_type":["Card"],"build_version":"2020-12-13","purchased_purges":2,"victory":false,"max_hp_per_floor":[70,70,70,70,70,70,65,65,65,65,65,65,65,65,65,65,75,75,75,75],"card_choices":[{"not_picked":["After Image","Storm of Steel"],"picked":"Phantasmal Killer","floor":0.0},{"not_picked":["PiercingWail","Terror"],"picked":"Underhanded Strike","floor":1.0},{"not_picked":["Setup","Prepared"],"picked":"Flechettes","floor":2.0},{"not_picked":["Slice","Terror","Bane"],"picked":"SKIP","floor":4.0},{"not_picked":["Setup","Masterful Stab"],"picked":"Blur","floor":5.0},{"not_picked":["Deadly Poison","Deflect"],"picked":"Flying Knee+1","floor":11.0},{"not_picked":["Prepared","PiercingWail","Tools of the Trade"],"picked":"SKIP","floor":14.0},{"not_picked":["Grand Finale+1","Unload+1"],"picked":"Die Die Die+1","floor":16.0},{"not_picked":["Acrobatics","Underhanded Strike+1"],"picked":"Dagger Spray+1","floor":18}],"player_experience":333413,"relics_obtained":[{"floor":9.0,"key":"Potion Belt"},{"floor":10.0,"key":"Molten Egg 2"},{"floor":17.0,"key":"Omamori"},{"floor":17.0,"key":"Pear"},{"floor":17.0,"key":"Old Coin"}],"event_choices":[{"damage_healed":0.0,"max_hp_gain":0.0,"max_hp_loss":5.0,"gold_gain":0.0,"event_name":"Golden Idol","player_choice":"Lose Max HP","floor":7.0,"gold_loss":0.0,"damage_taken":0.0,"relics_obtained":["Golden Idol"]},{"damage_healed":0.0,"max_hp_gain":0.0,"max_hp_loss":0.0,"gold_gain":0.0,"event_name":"WeMeetAgain","player_choice":"Paid Gold","floor":13.0,"gold_loss":55.0,"damage_taken":0.0,"relics_obtained":["Anchor"]},{"damage_healed":0,"gold_gain":0,"player_choice":"Fought Bandits","damage_taken":0,"max_hp_gain":0,"max_hp_loss":0,"event_name":"Masked Bandits","floor":19,"gold_loss":0}],"is_beta":false,"boss_relics":[{"not_picked":["SlaversCollar","Velvet Choker"],"picked":"Calling Bell"}],"items_purged_floors":[3,12],"is_endless":false,"potions_floor_spawned":[2,11,16,18],"killed_by":"Masked Bandits","ascension_level":4}}