{"host":"9ndbo4kgsfoemf7y","time":1608365916,"event":{"mods":["AchievementEnabler","BaseMod","Colored Map","DeckTracker","Keyboard Shortcuts","Minty Spire (QoL Compilation)","Permanent Neow","Quick Restart","Relic Stats","StSLib","SuperFastMode"],"gold_per_floor":[110,126,146,146,158,158,174,174,221,237,76,101,129,29,29,114,114,124,150,150,150],"floor_reached":20,"playtime":615,"items_purged":["Strike_G","Strike_G"],"score":323,"play_id":"2e256d94-ec8e-444f-be4f-e3b6b07351a3","local_time":"20201219171836","is_ascension_mode":true,"campfire_choices":[{"floor":6.0,"key":"REST"},{"data":"Tactician","floor":8.0,"key":"SMITH"},{"floor":15.0,"key":"REST"}],"circlet_count":0,"master_deck":["AscendersBane","Strike_G","Strike_G","Defend_G","Defend_G","Defend_G","Defend_G","Defend_G","Survivor","Neutralize","Acrobatics","Blade Dance","Deadly Poison","Tactician+1","Escape Plan","Flash of Steel","Footwork","Burst","Phantasmal Killer","Backflip"],"relics":["Runic Dome","CeramicFish","WristBlade"],"acts_visited":["Exordium","TheCity"],"potions_floor_usage":[],"damage_taken":[{"damage":7.0,"enemies":"Cultist","floor":1.0,"turns":5.0},{"damage":3.0,"enemies":"Small Slimes","floor":2.0,"turns":4.0},{"damage":8.0,"enemies":"Jaw Worm","floor":3.0,"turns":4.0},{"damage":6.0,"enemies":"Looter","floor":5.0,"turns":4.0},{"damage":8.0,"enemies":"Exordium Wildlife","floor":7.0,"turns":4.0},{"damage":3.0,"enemies":"3 Louse","floor":10.0,"turns":4.0},{"damage":18.0,"enemies":"Exordium Thugs","floor":12.0,"turns":6.0},{"damage":1.0,"enemies":"2 Fungi Beasts","floor":13.0,"turns":4.0},{"damage":22.0,"enemies":"The Guardian","floor":16.0,"turns":11.0},{"damage":28,"enemies":"3 Byrds","floor":18,"turns":6},{"damage":0,"enemies":"Spheric Guardian","floor":19,"turns":3},{"damage":26,"enemies":"Shelled Parasite and Fungi","floor":20,"turns":2}],"seed_played":"-5882546254869953650","potions_obtained":[{"floor":3.0,"key":"SpeedPotion"},{"floor":7.0,"key":"Ancient Potion"},{"floor":10.0,"key":"Block Potion"},{"floor":16.0,"key":"Weak Potion"},{"floor":18,"key":"DuplicationPotion"}],"is_trial":false,"path_per_floor":["M","M","M","?","M","R","M","R","T","M","$","M","M","$","R","B",null,"M","M","M"],"character_chosen":"THE_SILENT","items_purchased":["Flash of Steel"],"campfire_rested":2,"item_purchase_floors":[11],"current_hp_per_floor":[52,49,41,34,28,47,39,39,39,36,36,18,17,17,36,14,53,25,25,0,0],"gold":150,"neow_bonus":"BOSS_RELIC","is_daily":false,"chose_seed":false,"campfire_upgraded":1,"win_rate":0.0,"timestamp":1608365916,"path_taken":["M","M","M","?","M","R","M","R","T","M","$","M","M","$","R","BOSS","M","M","M"],"items_purchased_type":["Card"],"build_version":"2020-12-13","purchased_purges":2,"victory":false,"max_hp_per_floor":[66,66,66,66,66,66,66,66,66,66,66,66,66,66,66,66,66,66,66,66,66],"relic_stats":{"counters":[12,57],"CeramicFish":45,"obtain_stats":[{"Runic Dome":0,"WristBlade":17,"CeramicFish":9,"Ring of the Snake":0},{"Runic Dome":0,"WristBlade":9,"CeramicFish":5,"Ring of the Snake":0},{"Runic Dome":0,"WristBlade":46,"CeramicFish":21,"Ring of the Snake":0}]},"card_choices":[{"not_picked":["PiercingWail","Catalyst"],"picked":"Acrobatics","floor":1.0},{"not_picked":["Prepared","Caltrops"],"picked":"Blade Dance","floor":2.0},{"not_picked":["Acrobatics","Endless Agony"],"picked":"Deadly Poison","floor":3.0},{"not_picked":["Sucker Punch","PiercingWail"],"picked":"Tactician","floor":5.0},{"not_picked":["Riddle With Holes","Dash"],"picked":"Escape Plan","floor":7.0},{"not_picked":["Endless Agony","Quick Slash","All Out Attack"],"picked":"SKIP","floor":10.0},{"not_picked":["Bane","Slice"],"picked":"Footwork","floor":12.0},{"not_picked":["Slice","Dodge and Roll"],"picked":"Burst","floor":13.0},{"not_picked":["Venomology","Malaise"],"picked":"Phantasmal Killer","floor":16.0},{"not_picked":["Bane","Well Laid Plans","Acrobatics"],"picked":"SKIP","floor":18},{"not_picked":["Underhanded Strike","Dodge and Roll"],"picked":"Backflip","floor":19}],"player_experience":706665,"relics_obtained":[{"floor":9.0,"key":"CeramicFish"}],"event_choices":[{"cards_removed":["Strike_G"],"damage_healed":0.0,"max_hp_gain":0.0,"max_hp_loss":0.0,"gold_gain":0.0,"event_name":"Golden Wing","player_choice":"Card Removal","floor":4.0,"gold_loss":0.0,"damage_taken":7.0}],"is_beta":false,"boss_relics":[{"not_picked":["Empty Cage","Coffee Dripper"],"picked":"WristBlade"}],"items_purged_floors":[11,14],"is_endless":false,"potions_floor_spawned":[3,7,10,16,18,19],"killed_by":"Shelled Parasite and Fungi","ascension_level":18}}