{"host":"foq4mrde4mssg7vt","time":1608398818,"event":{"mods":["AchievementEnabler","BaseMod","Colored Map","Colored Powertips","Highlight Path","Minty Spire (QoL Compilation)","Relic Stats","everything is the same but u backflip on backflip"],"gold_per_floor":[112,112,132,144,157,189,207,207,207,234,80,80,92,109,109,207,207,217,316,335,352,352,378,378,413,413,432,461,461,474,486,486,585,585,604,604,621,634,264,291,20,53,53,68,79,79,8,41,41,41,41,41,7,37,37],"floor_reached":56,"playtime":3735,"items_purged":["Pain","Doubt","Strike_G"],"score":1802,"play_id":"9f1e73de-d70b-4254-a558-29cdd5e93669","local_time":"20201220012658","is_ascension_mode":true,"campfire_choices":[{"floor":8.0,"key":"REST"},{"data":"Leg Sweep","floor":12.0,"key":"SMITH"},{"data":"Deadly Poison","floor":15.0,"key":"SMITH"},{"data":"Wraith Form v2","floor":24.0,"key":"SMITH"},{"data":"Noxious Fumes","floor":29.0,"key":"SMITH"},{"data":"Well Laid Plans","floor":32.0,"key":"SMITH"},{"floor":46.0,"key":"RECALL"},{"data":"Malaise","floor":49.0,"key":"SMITH"},{"data":"Footwork","floor":52.0,"key":"SMITH"}],"circlet_count":0,"master_deck":["Strike_G","Strike_G","Strike_G","Strike_G","Defend_G","Defend_G","Defend_G","Defend_G","Defend_G","Survivor","Neutralize","Finisher","Predator","Flying Knee","Dagger Spray","PiercingWail","Poisoned Stab","Leg Sweep+1","Deadly Poison+1","Well Laid Plans+1","Wraith Form v2+1","Bouncing Flask","PiercingWail+1","Noxious Fumes+1","Malaise+1","Crippling Poison+1","Poisoned Stab","Burst","Catalyst+1","Acrobatics","Wraith Form v2+1","Dash","PiercingWail","Footwork+1","Footwork+1","Footwork"],"relics":["Ring of the Snake","WarpedTongs","Blue Candle","Incense Burner","Gambling Chip","Cursed Key","Mercury Hourglass","Pear","Sozu","DollysMirror","Meat on the Bone","ClockworkSouvenir","Shuriken","Oddly Smooth Stone","Orichalcum"],"acts_visited":["Exordium","TheCity","TheBeyond","TheEnding"],"potions_floor_usage":[55,55],"damage_taken":[{"damage":0.0,"enemies":"Small Slimes","floor":1.0,"turns":4.0},{"damage":2.0,"enemies":"Cultist","floor":3.0,"turns":3.0},{"damage":4.0,"enemies":"Jaw Worm","floor":4.0,"turns":3.0},{"damage":9.0,"enemies":"Looter","floor":5.0,"turns":3.0},{"damage":19.0,"enemies":"3 Sentries","floor":6.0,"turns":9.0},{"damage":1.0,"enemies":"3 Louse","floor":7.0,"turns":2.0},{"damage":11.0,"enemies":"Gremlin Nob","floor":10.0,"turns":4.0},{"damage":0.0,"enemies":"2 Fungi Beasts","floor":13.0,"turns":5.0},{"damage":9.0,"enemies":"Lots of Slimes","floor":14.0,"turns":6.0},{"damage":7.0,"enemies":"Slime Boss","floor":16.0,"turns":14.0},{"damage":0.0,"enemies":"Chosen","floor":18.0,"turns":5.0},{"damage":13.0,"enemies":"Shell Parasite","floor":20.0,"turns":7.0},{"damage":0.0,"enemies":"Centurion and Healer","floor":21.0,"turns":6.0},{"damage":1.0,"enemies":"Book of Stabbing","floor":23.0,"turns":5.0},{"damage":5.0,"enemies":"Slavers","floor":25.0,"turns":6.0},{"damage":4.0,"enemies":"Shelled Parasite and Fungi","floor":27.0,"turns":7.0},{"damage":11.0,"enemies":"Gremlin Leader","floor":28.0,"turns":6.0},{"damage":7.0,"enemies":"3 Cultists","floor":30.0,"turns":5.0},{"damage":3.0,"enemies":"Snake Plant","floor":31.0,"turns":7.0},{"damage":12.0,"enemies":"Automaton","floor":33.0,"turns":10.0},{"damage":0.0,"enemies":"Orb Walker","floor":35.0,"turns":6.0},{"damage":15.0,"enemies":"3 Darklings","floor":37.0,"turns":5.0},{"damage":10.0,"enemies":"Sphere and 2 Shapes","floor":38.0,"turns":8.0},{"damage":0.0,"enemies":"Giant Head","floor":40.0,"turns":6.0},{"damage":16.0,"enemies":"Nemesis","floor":42.0,"turns":7.0},{"damage":3.0,"enemies":"Writhing Mass","floor":44.0,"turns":6.0},{"damage":1.0,"enemies":"4 Shapes","floor":45.0,"turns":5.0},{"damage":6.0,"enemies":"Giant Head","floor":48.0,"turns":12.0},{"damage":15.0,"enemies":"Awakened One","floor":50.0,"turns":18.0},{"damage":4,"enemies":"Shield and Spear","floor":54,"turns":11},{"damage":29,"enemies":"The Heart","floor":55,"turns":11}],"seed_played":"-3308298884019779019","potions_obtained":[{"floor":1.0,"key":"Fire Potion"},{"floor":6.0,"key":"Swift Potion"},{"floor":7.0,"key":"Fruit Juice"},{"floor":13.0,"key":"CultistPotion"},{"floor":14.0,"key":"Dexterity Potion"},{"floor":16.0,"key":"Fire Potion"},{"floor":23.0,"key":"PowerPotion"},{"floor":25.0,"key":"FearPotion"},{"floor":28.0,"key":"Fire Potion"},{"floor":33.0,"key":"SkillPotion"}],"is_trial":false,"path_per_floor":["M","?","M","M","M","E","M","R","T","E","$","R","M","M","R","B",null,"M","?","M","M","?","E","R","E","T","M","E","R","M","M","R","B",null,"M","T","M","M","$","E","$","E","T","M","M","R","$","E","R","B",null,"R","$","E","B",null],"character_chosen":"THE_SILENT","items_purchased":["Well Laid Plans","Acrobatics","DollysMirror","Dash","ClockworkSouvenir","Footwork","Footwork"],"campfire_rested":1,"item_purchase_floors":[11,39,39,39,41,47,53],"current_hp_per_floor":[63,63,61,57,48,29,28,49,49,38,38,38,38,29,29,27,63,63,63,50,50,50,49,49,44,44,40,39,39,32,29,29,17,68,68,68,53,43,43,43,43,39,39,48,47,47,47,53,53,50,76,76,76,72,43],"gold":37,"neow_bonus":"THREE_CARDS","is_daily":false,"chose_seed":false,"campfire_upgraded":7,"win_rate":0.0,"timestamp":1608398818,"path_taken":["M","?","?","M","M","E","M","R","T","E","$","R","M","?","R","BOSS","M","?","M","M","?","E","R","E","T","M","E","R","M","M","R","BOSS","M","?","M","M","$","E","?","E","T","?","M","R","$","E","R","BOSS","R","$","E","BOSS"],"items_purchased_type":["Card","Card","Relic","Card","Relic","Card","Card"],"build_version":"2020-12-13","purchased_purges":3,"victory":true,"max_hp_per_floor":[70,70,70,70,70,70,70,70,70,70,70,70,70,70,70,75,75,75,75,75,75,75,75,75,75,75,75,85,85,85,85,85,85,85,85,85,85,85,85,85,85,85,85,85,85,85,85,85,85,85,85,85,85,85,85],"relic_stats":{"Sozu":3,"counters":[31,212],"Shuriken":[6],"Blue Candle":[2],"Gambling Chip":[112],"Orichalcum":[24],"Cursed Key":1,"obtain_stats":[{"Pear":28,"Blue Candle":6,"Oddly Smooth Stone":48,"Incense Burner":9,"Orichalcum":54,"Cursed Key":17,"WarpedTongs":2,"Mercury Hourglass":23,"ClockworkSouvenir":41,"Sozu":34,"DollysMirror":39,"Shuriken":42,"Gambling Chip":10,"Ring of the Snake":0,"Meat on the Bone":40},{"Pear":17,"Blue Candle":5,"Oddly Smooth Stone":28,"Incense Burner":6,"Orichalcum":30,"Cursed Key":10,"WarpedTongs":1,"Mercury Hourglass":14,"ClockworkSouvenir":24,"Sozu":20,"DollysMirror":23,"Shuriken":25,"Gambling Chip":7,"Ring of the Snake":0,"Meat on the Bone":24},{"Pear":95,"Blue Candle":22,"Oddly Smooth Stone":172,"Incense Burner":24,"Orichalcum":201,"Cursed Key":53,"WarpedTongs":4,"Mercury Hourglass":76,"ClockworkSouvenir":142,"Sozu":117,"DollysMirror":136,"Shuriken":149,"Gambling Chip":28,"Ring of the Snake":0,"Meat on the Bone":142}],"Ring of the Snake":[62],"WarpedTongs":[207],"Mercury Hourglass":[501],"Meat on the Bone":48},"card_choices":[{"not_picked":["Catalyst","Quick Slash"],"picked":"Finisher","floor":0.0},{"not_picked":["Outmaneuver","Setup"],"picked":"Predator","floor":1.0},{"not_picked":["Quick Slash","Backstab"],"picked":"Flying Knee","floor":3.0},{"not_picked":["Flying Knee","Prepared"],"picked":"Dagger Spray","floor":4.0},{"not_picked":["Dagger Spray","Dodge and Roll"],"picked":"PiercingWail","floor":5.0},{"not_picked":["Dagger Throw","Bane"],"picked":"Poisoned Stab","floor":6.0},{"not_picked":["Dagger Spray","Masterful Stab"],"picked":"Leg Sweep","floor":7.0},{"not_picked":["Eviscerate","Riddle With Holes"],"picked":"Deadly Poison","floor":10.0},{"not_picked":["Dodge and Roll","Finisher","Slice"],"picked":"SKIP","floor":13.0},{"not_picked":["Backstab","Heel Hook","PiercingWail"],"picked":"SKIP","floor":14.0},{"not_picked":["A Thousand Cuts","Unload"],"picked":"Wraith Form v2","floor":16.0},{"not_picked":["Quick Slash","Reflex","Sucker Punch"],"picked":"SKIP","floor":18.0},{"not_picked":["Dagger Throw","Sucker Punch"],"picked":"Bouncing Flask","floor":20.0},{"not_picked":["Dagger Spray","Backstab"],"picked":"PiercingWail+1","floor":21.0},{"not_picked":["Concentrate","Infinite Blades","Deadly Poison"],"picked":"SKIP","floor":23.0},{"not_picked":["PiercingWail+1","Underhanded Strike","Reflex"],"picked":"SKIP","floor":25.0},{"not_picked":["Deflect","Acrobatics+1"],"picked":"Noxious Fumes","floor":27.0},{"not_picked":["Infinite Blades+1","Outmaneuver"],"picked":"Malaise","floor":28.0},{"not_picked":["Well Laid Plans+1","Expertise"],"picked":"Crippling Poison+1","floor":30.0},{"not_picked":["Cloak And Dagger","Dagger Spray"],"picked":"Poisoned Stab","floor":31.0},{"not_picked":["A Thousand Cuts","Phantasmal Killer"],"picked":"Burst","floor":33.0},{"not_picked":["Flying Knee","Tactician","Sucker Punch+1"],"picked":"SKIP","floor":35.0},{"not_picked":["Dagger Spray+1","Slice+1","Masterful Stab"],"picked":"SKIP","floor":37.0},{"not_picked":["Dagger Throw","Dash+1"],"picked":"Catalyst+1","floor":38.0},{"not_picked":["Blade Dance+1","Dodge and Roll","Distraction+1"],"picked":"SKIP","floor":40.0},{"not_picked":["Blade Dance+1","Dodge and Roll","Distraction+1"],"picked":"SKIP","floor":40.0},{"not_picked":["Terror+1","Slice+1","Accuracy"],"picked":"SKIP","floor":42.0},{"not_picked":["Concentrate+1","Dagger Spray","Bouncing Flask+1"],"picked":"SKIP","floor":44.0},{"not_picked":["Burst","Dodge and Roll+1"],"picked":"PiercingWail","floor":45.0},{"not_picked":["Endless Agony+1","Accuracy"],"picked":"Footwork+1","floor":48.0},{"not_picked":["Reflex+1","Flying Knee+1","Masterful Stab"],"picked":"SKIP","floor":54}],"player_experience":209587,"relics_obtained":[{"floor":6.0,"key":"Blue Candle"},{"floor":9.0,"key":"Incense Burner"},{"floor":10.0,"key":"Gambling Chip"},{"floor":23.0,"key":"Mercury Hourglass"},{"floor":28.0,"key":"Pear"},{"floor":40.0,"key":"Meat on the Bone"},{"floor":42.0,"key":"Shuriken"},{"floor":48.0,"key":"Oddly Smooth Stone"},{"floor":54,"key":"Orichalcum"}],"event_choices":[{"damage_healed":0.0,"max_hp_gain":0.0,"max_hp_loss":0.0,"gold_gain":0.0,"event_name":"Accursed Blacksmith","player_choice":"Rummage","floor":2.0,"gold_loss":0.0,"damage_taken":0.0,"relics_obtained":["WarpedTongs"],"cards_obtained":["Pain"]},{"damage_healed":0.0,"max_hp_gain":0.0,"max_hp_loss":0.0,"gold_gain":99.0,"event_name":"Nest","player_choice":"Stole From Cult","floor":19.0,"gold_loss":0.0,"damage_taken":0.0},{"damage_healed":0.0,"max_hp_gain":0.0,"max_hp_loss":0.0,"gold_gain":0.0,"event_name":"Lab","player_choice":"Got Potions","floor":22.0,"gold_loss":0.0,"damage_taken":0.0}],"is_beta":false,"boss_relics":[{"not_picked":["Runic Dome","Tiny House"],"picked":"Cursed Key"},{"not_picked":["Ring of the Serpent","WristBlade"],"picked":"Sozu"}],"items_purged_floors":[11,39,41],"is_endless":false,"potions_floor_spawned":[1,6,7,13,14,16,21,23,25,28,33,35,42,48,54],"ascension_level":9}}