{"host":"21h5e52imz35vo8g","time":1608392572,"event":{"mods":["AchievementEnabler","BaseMod","Colored Map","Colored Powertips","Googly Eyes","Minty Spire (QoL Compilation)","Quick Restart","Rare Cards Sparkle","Replay The Spire","StSLib"],"gold_per_floor":[115,125,300,300,50,50,75,75,126,143,173,223,238,11,11,117,117,0,0],"floor_reached":18,"playtime":933,"items_purged":["Doubt"],"score":273,"play_id":"e4b76b4c-f8bc-4278-b058-d1606d10439d","local_time":"20201219234252","is_ascension_mode":true,"campfire_choices":[{"data":"Armaments","floor":6.0,"key":"SMITH"},{"data":"Limit Break","floor":8.0,"key":"SMITH"},{"data":"Heavy Blade","floor":15.0,"key":"SMITH"}],"circlet_count":0,"master_deck":["Strike_R","Strike_R+1","Strike_R","Strike_R","Strike_R","Defend_R","Defend_R+1","Defend_R","Defend_R","Bash","Headbutt","Armaments+1","Limit Break+1","Seeing Red","Hallucinations","Heavy Blade+1","Inflame","Voices","Double Tap"],"relics":["Burning Blood","Gremlin Food","Toolbox","Durian","ReplayTheSpireMod:Spearhead","Ring of Greed","MealTicket","Replay:Bandana","Ring of Panic","Simple Rune","Snecko Eye"],"acts_visited":["Exordium","TheCity"],"potions_floor_usage":[],"damage_taken":[{"damage":8.0,"enemies":"Small Slimes","floor":1.0,"turns":5.0},{"damage":8.0,"enemies":"Jaw Worm","floor":2.0,"turns":4.0},{"damage":15.0,"enemies":"3 Sentries","floor":7.0,"turns":3.0},{"damage":1.0,"enemies":"Cultist","floor":10.0,"turns":4.0},{"damage":0.0,"enemies":"2 Fungi Beasts","floor":11.0,"turns":2.0},{"damage":2.0,"enemies":"Blue Slaver","floor":13.0,"turns":4.0},{"damage":0.0,"enemies":"Slime Boss","floor":16.0,"turns":4.0},{"damage":0,"enemies":"2 Thieves","floor":18,"turns":2}],"seed_played":"-606148158094664441","potions_obtained":[{"floor":4.0,"key":"Explosive Potion"},{"floor":4.0,"key":"AttackPotion"},{"floor":4.0,"key":"HeartOfIron"},{"floor":7.0,"key":"Fire Potion"},{"floor":10.0,"key":"Cursed Concoction"},{"floor":11.0,"key":"SteroidPotion"}],"is_trial":false,"path_per_floor":["M","M","?","?","$","R","E","R","T","M","M","?","M","$","R","B",null,"M"],"character_chosen":"IRONCLAD","items_purchased":["Armaments","Toolbox","Inflame","Simple Rune"],"campfire_rested":0,"item_purchase_floors":[5,5,14,14],"current_hp_per_floor":[70,68,68,68,68,68,64,64,64,69,75,75,79,85,85,85,85,85,85],"gold":0,"neow_bonus":"RANDOM_COMMON_RELIC","is_daily":false,"chose_seed":false,"campfire_upgraded":3,"win_rate":0.0,"timestamp":1608392572,"path_taken":["M","M","?","?","$","R","E","R","T","M","?","?","M","$","R","BOSS","M"],"items_purchased_type":["Card","Relic","Card","Relic"],"build_version":"2020-12-13","purchased_purges":1,"victory":false,"max_hp_per_floor":[80,80,80,80,80,80,85,85,85,85,85,85,85,85,85,85,85,85,85],"card_choices":[{"not_picked":["Run Through","Second Wind"],"picked":"Headbutt","floor":1.0},{"not_picked":["Wild Strike","Whirlwind","Replay:Undeath\u0027s Touch"],"picked":"SKIP","floor":2.0},{"not_picked":["Havoc","Heavy Blade"],"picked":"Limit Break","floor":7.0},{"not_picked":["Wild Strike","True Grit"],"picked":"Seeing Red","floor":10.0},{"not_picked":["Evolve","Shrug It Off","Wild Strike"],"picked":"SKIP","floor":11.0},{"not_picked":["Dual Wield","Pommel Strike"],"picked":"Heavy Blade","floor":13.0},{"not_picked":["Juggernaut","Exhume"],"picked":"Double Tap","floor":16.0}],"player_experience":287961,"relics_obtained":[{"floor":7.0,"key":"Durian"},{"floor":9.0,"key":"ReplayTheSpireMod:Spearhead"},{"floor":12.0,"key":"Ring of Greed"},{"floor":12.0,"key":"MealTicket"},{"floor":12.0,"key":"Replay:Bandana"},{"floor":12.0,"key":"Ring of Panic"}],"event_choices":[{"damage_healed":0.0,"max_hp_gain":0.0,"max_hp_loss":0.0,"gold_gain":175.0,"event_name":"Liars Game","player_choice":"AGREE","floor":3.0,"gold_loss":0.0,"damage_taken":0.0,"cards_obtained":["Doubt"]},{"damage_healed":0.0,"max_hp_gain":0.0,"max_hp_loss":0.0,"gold_gain":0.0,"event_name":"Lab","player_choice":"Got Potions","floor":4.0,"gold_loss":0.0,"damage_taken":0.0}],"is_beta":false,"boss_relics":[{"not_picked":["Coffee Dripper","Velvet Choker"],"picked":"Snecko Eye"}],"items_purged_floors":[5],"is_endless":false,"potions_floor_spawned":[7,10,11],"killed_by":"2 Thieves","ascension_level":6}}