{"host":"xenpv6dj5x1yxp66","time":1608407570,"event":{"mods":["AchievementEnabler","Aspiration","BaseMod","Better Altar","Better Sensory Stone","Better Skull","Better Third Choice","BetterRewards","Colored Map","Colored Powertips","Conspire","Downfall","Highlight Path","Hubris","Marisa????????","Minty Spire (QoL Compilation)","Quick Restart","READ ME - Guardian Mod","Replay The Spire","Shade Mod","StSLib","The Animator","The Bug Knight","The Construct","The Cursed","The Disciple","The Necromancer","The Runesmith","The Servant 0.9.4"],"gold_per_floor":[116,134,10,22,22,55,67,67,67,67,67,67,82,82,116,116,116,212,212,224,224,238,88,100,100,50,50,73,83,183,36,36,36],"floor_reached":32,"playtime":1304,"items_purged":[],"score":248,"play_id":"50a29136-c876-43af-8aed-525231441a0c","local_time":"20201219205250","is_ascension_mode":false,"campfire_choices":[{"floor":8,"key":"REST"},{"floor":12,"key":"RECALL"},{"data":"Distraction","floor":14,"key":"SMITH"},{"floor":17,"key":"REST"},{"floor":25,"key":"REST"},{"floor":27,"key":"REST"}],"circlet_count":0,"master_deck":["Strike_G","Strike_G","Strike_G","Strike_G","Strike_G","Defend_G","Defend_G","Defend_G","Defend_G","Defend_G","Survivor","Neutralize","Flechettes","Blade Dance","Masterful Stab+1","Accuracy","Dagger Spray","Dagger Throw","PiercingWail","Distraction+1","All Out Attack","Alpha+1","Storm of Steel"],"relics":["Ring of the Snake","NeowsBlessing","Ancient Tea Set","Peace Pipe","Busted Crown","Juzu Bracelet","Smiling Mask","Strange Spoon"],"acts_visited":["Exordium","TheCity"],"potions_floor_usage":[18,18,18,32],"damage_taken":[{"damage":0,"enemies":"Cultist","floor":1,"turns":1},{"damage":0,"enemies":"2 Louse","floor":2,"turns":1},{"damage":0,"enemies":"conspire:RoseBush","floor":4,"turns":1},{"damage":24,"enemies":"Gremlin Nob","floor":6,"turns":4},{"damage":1,"enemies":"Blue Slaver","floor":7,"turns":2},{"damage":11,"enemies":"Gremlin Gang","floor":13,"turns":3},{"damage":22,"enemies":"Lagavulin","floor":15,"turns":6},{"damage":22,"enemies":"The Guardian","floor":18,"turns":7},{"damage":0,"enemies":"3 Byrds","floor":20,"turns":4},{"damage":30,"enemies":"Chosen","floor":22,"turns":8},{"damage":22,"enemies":"3 Cultists","floor":24,"turns":4},{"damage":36,"enemies":"Snake Plant","floor":29,"turns":4},{"damage":13,"enemies":"Colosseum Slavers","floor":32,"turns":4},{"damage":15,"enemies":"Colosseum Nobs","floor":32,"turns":2}],"seed_played":"-3789251305116097269","potions_obtained":[{"floor":1,"key":"Strength Potion"},{"floor":13,"key":"PowerPotion"},{"floor":15,"key":"EssenceOfSteel"},{"floor":18,"key":"AttackPotion"},{"floor":20,"key":"Death Potion"},{"floor":22,"key":"BlessingOfTheForge"},{"floor":24,"key":"Doom Potion"}],"is_trial":false,"path_per_floor":["M","M","$","M","?","E","M","R","PTL","PTL","T","R","M","R","E","?","R","B",null,"M","?","M","$","M","R","?","R","T","M","?","$","?"],"character_chosen":"THE_SILENT","items_purchased":["Masterful Stab+1","Accuracy","Juzu Bracelet","Strange Spoon"],"campfire_rested":4,"item_purchase_floors":[3,3,23,31],"current_hp_per_floor":[70,70,70,70,70,46,45,66,66,66,66,66,55,55,33,28,49,27,70,70,70,40,40,18,39,39,60,60,24,24,24,0,0],"gold":36,"neow_bonus":"THREE_ENEMY_KILL","is_daily":false,"chose_seed":false,"campfire_upgraded":1,"win_rate":0.0,"timestamp":1608407570,"path_taken":["M","M","?","?","?","E","M","R","PTL","PTL","T","R","M","R","E","?","R","BOSS","M","?","?","$","M","R","?","R","T","M","?","?","?"],"items_purchased_type":["Card","Card","Relic","Relic"],"build_version":"2020-12-13","purchased_purges":0,"victory":false,"max_hp_per_floor":[70,70,70,70,70,70,70,70,70,70,70,70,70,70,70,70,70,70,70,70,70,70,70,70,70,70,70,70,70,70,70,70,70],"card_choices":[{"not_picked":["Tactician","Underhanded Strike"],"picked":"Flechettes","floor":1},{"not_picked":["Noxious Fumes","Quick Slash"],"picked":"Blade Dance","floor":2},{"not_picked":["Deflect","Caltrops"],"picked":"Dagger Spray","floor":4},{"not_picked":["Riddle With Holes","Replay:Poison Smokescreen"],"picked":"Dagger Throw","floor":6},{"not_picked":["Cloak And Dagger","Dagger Spray"],"picked":"PiercingWail","floor":7},{"not_picked":["Dodge and Roll","Bullet Time"],"picked":"Distraction","floor":13},{"not_picked":["ReplayTheSpireMod:Shiv Toss","Bane"],"picked":"All Out Attack","floor":15},{"not_picked":["Replay:Bag of Tricks","ReplayTheSpireMod:Necrosis"],"picked":"Storm of Steel","floor":18},{"not_picked":["ReplayTheSpireMod:Exploit Weakness"],"picked":"SKIP","floor":20},{"not_picked":["Caltrops"],"picked":"SKIP","floor":22},{"not_picked":["Underhanded Strike"],"picked":"SKIP","floor":24},{"not_picked":["Catalyst"],"picked":"SKIP","floor":29}],"player_experience":156014,"relics_obtained":[{"floor":6,"key":"Ancient Tea Set"},{"floor":15,"key":"Peace Pipe"},{"floor":28,"key":"Smiling Mask"}],"event_choices":[{"damage_healed":0,"gold_gain":0,"player_choice":"Disagree","damage_taken":0,"max_hp_gain":0,"max_hp_loss":0,"event_name":"conspire:LoneGhost","floor":5,"gold_loss":0},{"damage_healed":0,"gold_gain":0,"player_choice":"Card ","damage_taken":5,"max_hp_gain":0,"max_hp_loss":0,"event_name":"betterThird:BetterScrap","floor":16,"gold_loss":0,"cards_obtained":["Alpha"]},{"damage_healed":0,"gold_gain":0,"player_choice":"Ignored","damage_taken":0,"max_hp_gain":0,"max_hp_loss":0,"event_name":"Purifier","floor":21,"gold_loss":0},{"damage_healed":0,"gold_gain":0,"player_choice":"Bet on Murderer","damage_taken":0,"max_hp_gain":0,"max_hp_loss":0,"event_name":"The Joust","floor":26,"gold_loss":50},{"damage_healed":0,"gold_gain":100,"player_choice":"Pray","damage_taken":0,"max_hp_gain":0,"max_hp_loss":0,"event_name":"Golden Shrine","floor":30,"gold_loss":0},{"damage_healed":0,"gold_gain":0,"player_choice":"Fight","damage_taken":0,"max_hp_gain":0,"max_hp_loss":0,"event_name":"Colosseum","floor":32,"gold_loss":0},{"damage_healed":0,"gold_gain":0,"player_choice":"Fought Nobs","damage_taken":0,"max_hp_gain":0,"max_hp_loss":0,"event_name":"Colosseum","floor":32,"gold_loss":0}],"is_beta":false,"boss_relics":[{"not_picked":["Cursed Key","conspire:SlowCooker"],"picked":"Busted Crown"}],"items_purged_floors":[],"is_endless":false,"potions_floor_spawned":[1,13,15,18,20,22,24],"killed_by":"Colosseum Nobs","ascension_level":0}}