{"host":"i9wanet4r0ff4t9y","time":1608388731,"event":{"mods":["2.2 Compatiblity","Act Like it!","BaseMod","Bestiary","Better Altar","Better Match","Better Note","Better Sensory Stone","Better Skull","Better Third Choice","Better Vampires","BetterRewards","CapriCore","Curses Come First","Downfall","Minty Spire (QoL Compilation)","Quick Restart","READ ME - Guardian Mod","READ ME - Snecko Mod","Relic Stats","Replay The Spire","Say the Spire","Spicy Shops","StSLib","The Disciple","Waifu the Spire"],"gold_per_floor":[99,110,120,132,582,507,507,507,534,459,459,476,489,15,43,151,151,151,171,171,171,171,171,171,96,113,147,58,86,106,106],"floor_reached":30,"playtime":1897,"items_purged":["Regret"],"score":273,"play_id":"fd8847f4-e3cf-438e-b09c-a23e87e06640","local_time":"20201219153851","is_ascension_mode":false,"campfire_choices":[{"floor":1.0,"key":"RECALL"},{"data":"champ:TornadoPunch","floor":6.0,"key":"SMITH"},{"data":"champ:FanOfKnives","floor":10.0,"key":"SMITH"},{"data":"champ:FocusedDefense","floor":18.0,"key":"SMITH"},{"data":"champ:DeathBlow","floor":20.0,"key":"SMITH"},{"data":"champ:Shatter","floor":23.0,"key":"SMITH"},{"data":"champ:HeartStrike","floor":25,"key":"SMITH"}],"circlet_count":0,"master_deck":["champ:Strike","champ:Strike","champ:Strike","champ:Strike","champ:Defend","champ:Defend","champ:Defend","champ:Defend","champ:Execute","champ:Taunt","champ:Shatter+1","champ:TornadoPunch+1","champ:RisingSlash+1","Slimebound:Icky","Slimebound:Icky","Slimebound:Icky","champ:FanOfKnives+1","champ:BringItOn","champ:DeathBlow+1","champ:HeartStrike+1","champ:EndlessRage+1","champ:FocusedDefense+1","champ:IgnorePain+1","CurseOfTheBell","champ:EnGarde+1","champ:Encircle+1","champ:GladiatorsShout","champ:Duel+1","champ:PerfectForm+1","champ:SteelEdge+1"],"relics":["champ:ChampionCrown","downfall:HeartBlessingRed","Snack Pack","champ:DefensiveTrainingManual","downfall:HeartBlessingGreen","Membership Card","Golden Egg","Toolbox","Replay:Bandana","Calling Bell","Bag of Preparation","Shuriken","Peace Pipe","downfall:HeartBlessingBlue","Turnip"],"acts_visited":["Exordium","TheCity"],"potions_floor_usage":[27,27,30,30],"damage_taken":[{"damage":19.0,"enemies":"Cultist","floor":2.0,"turns":4.0},{"damage":7.0,"enemies":"2 Louse","floor":3.0,"turns":2.0},{"damage":7.0,"enemies":"Small Slimes","floor":4.0,"turns":4.0},{"damage":27.0,"enemies":"Lagavulin","floor":9.0,"turns":5.0},{"damage":10.0,"enemies":"Red Slaver","floor":12.0,"turns":2.0},{"damage":9.0,"enemies":"2 Fungi Beasts","floor":13.0,"turns":3.0},{"damage":5.0,"enemies":"downfall:FleeingMerchant","floor":14.0,"turns":4.0},{"damage":17.0,"enemies":"Exordium Wildlife","floor":15.0,"turns":4.0},{"damage":16.0,"enemies":"downfall:Watcher","floor":16.0,"turns":5.0},{"damage":15.0,"enemies":"Shell Parasite","floor":19.0,"turns":8.0},{"damage":12,"enemies":"3 Byrds","floor":26,"turns":3},{"damage":91,"enemies":"Book of Stabbing","floor":27,"turns":5},{"damage":11,"enemies":"downfall:FleeingMerchant","floor":28,"turns":4},{"damage":10,"enemies":"Snake Plant","floor":29,"turns":3},{"damage":52,"enemies":"Snecko","floor":30,"turns":3}],"seed_played":"-1111076061440100287","potions_obtained":[{"floor":3.0,"key":"Cursed Concoction"},{"floor":11.0,"key":"Cursed Concoction"},{"floor":11.0,"key":"Fire Potion"},{"floor":11.0,"key":"PowerPotion"},{"floor":13.0,"key":"Strength Potion"},{"floor":26,"key":"ColorlessPotion"},{"floor":27,"key":"Dexterity Potion"}],"is_trial":false,"path_per_floor":["R","M","M","M","?","R","T","?","E","R","?","M","M","$","M","B",null,"R","M","R","?","?","R","T","R","M","E","$","M","M"],"character_chosen":"THE_CHAMP","items_purchased":["Membership Card","Golden Egg","Toolbox","champ:EndlessRage","Replay:Bandana","champ:PerfectForm"],"campfire_rested":0,"item_purchase_floors":[14,14,14,14,14,28],"current_hp_per_floor":[99,90,88,86,86,86,86,86,61,61,61,56,49,53,44,40,99,99,93,93,88,88,88,88,98,91,46,46,41,0,0],"gold":106,"neow_bonus":"TEN_PERCENT_HP_BONUS","is_daily":false,"chose_seed":false,"campfire_upgraded":6,"win_rate":0.0,"timestamp":1608388731,"path_taken":["R","M","M","M","?","R","T","?","E","R","?","M","?","?","M","BOSS","R","M","R","?","?","R","T","R","M","E","?","M","?"],"items_purchased_type":["Relic","Relic","Relic","Card","Relic","Card"],"build_version":"2020-12-13","purchased_purges":1,"victory":false,"max_hp_per_floor":[99,99,99,99,99,99,99,99,99,99,99,99,99,99,99,99,99,99,99,99,99,99,99,99,109,109,109,109,109,109,109],"relic_stats":{"Peace Pipe":0,"counters":[15,59],"Shuriken":[5],"Turnip":[2],"Bag of Preparation":[12],"obtain_stats":[{"Golden Egg":14,"downfall:HeartBlessingRed":6,"champ:ChampionCrown":0,"downfall:HeartBlessingGreen":10,"Bag of Preparation":17,"Calling Bell":17,"Peace Pipe":17,"Replay:Bandana":14,"champ:DefensiveTrainingManual":9,"Shuriken":17,"downfall:HeartBlessingBlue":25,"Toolbox":14,"Turnip":27,"Snack Pack":7,"Membership Card":14},{"Golden Egg":7,"downfall:HeartBlessingRed":3,"champ:ChampionCrown":0,"downfall:HeartBlessingGreen":4,"Bag of Preparation":9,"Calling Bell":9,"Peace Pipe":9,"Replay:Bandana":7,"champ:DefensiveTrainingManual":4,"Shuriken":9,"downfall:HeartBlessingBlue":10,"Toolbox":7,"Turnip":12,"Snack Pack":3,"Membership Card":7},{"Golden Egg":24,"downfall:HeartBlessingRed":10,"champ:ChampionCrown":0,"downfall:HeartBlessingGreen":15,"Bag of Preparation":33,"Calling Bell":33,"Peace Pipe":33,"Replay:Bandana":24,"champ:DefensiveTrainingManual":15,"Shuriken":33,"downfall:HeartBlessingBlue":41,"Toolbox":24,"Turnip":49,"Snack Pack":10,"Membership Card":24}]},"card_choices":[{"not_picked":["champ:BerserkerStyle","champ:Backstep"],"picked":"champ:Shatter","floor":2.0},{"not_picked":["champ:PreciseThrust","champ:FlashCut"],"picked":"champ:TornadoPunch","floor":3.0},{"not_picked":["champ:Encircle","champ:SkillfulDodge"],"picked":"champ:RisingSlash","floor":4.0},{"not_picked":["champ:GladiatorsShout","champ:Encircle"],"picked":"champ:FanOfKnives","floor":9.0},{"not_picked":["champ:GladiatorStyle","champ:CrookedStrike"],"picked":"champ:BringItOn","floor":12.0},{"not_picked":["champ:Riposte","champ:FlashCut"],"picked":"champ:DeathBlow","floor":13.0},{"not_picked":["champ:GutPunch","champ:FaceSlap"],"picked":"champ:HeartStrike","floor":14.0},{"not_picked":["champ:FocusedGladiator","champ:Encircle"],"picked":"champ:FocusedDefense","floor":15.0},{"not_picked":["champ:ShieldThrow","champ:DancingMaster"],"picked":"champ:IgnorePain","floor":16.0},{"not_picked":["champ:BerserkersShout","champ:GladiatorsShout"],"picked":"champ:EnGarde+1","floor":19.0},{"not_picked":["champ:HeartStrike","champ:BladeFlurry"],"picked":"champ:Encircle+1","floor":26},{"not_picked":["champ:RisingSlash","champ:GutPunch"],"picked":"champ:GladiatorsShout","floor":27},{"not_picked":["champ:PreciseThrust+1","champ:CalledShot"],"picked":"champ:Duel+1","floor":28},{"not_picked":["champ:EndlessRage","champ:TornadoPunch"],"picked":"champ:SteelEdge","floor":29}],"player_experience":380317,"relics_obtained":[{"floor":7.0,"key":"Snack Pack"},{"floor":9.0,"key":"champ:DefensiveTrainingManual"},{"floor":17.0,"key":"Bag of Preparation"},{"floor":17.0,"key":"Shuriken"},{"floor":17.0,"key":"Peace Pipe"},{"floor":27,"key":"Turnip"}],"event_choices":[{"damage_healed":0.0,"max_hp_gain":0.0,"max_hp_loss":0.0,"gold_gain":0.0,"event_name":"Lab","player_choice":"Got Potions","floor":11.0,"gold_loss":0.0,"damage_taken":0.0},{"damage_healed":0.0,"max_hp_gain":0.0,"max_hp_loss":0.0,"gold_gain":0.0,"event_name":"betterNote:BetterNote","player_choice":"Ignored","floor":22.0,"gold_loss":0.0,"damage_taken":0.0,"cards_obtained":["hexamod:TimeOfNeed"]}],"is_beta":false,"boss_relics":[{"not_picked":["Empty Cage","Replay:Bronze Core"],"picked":"Calling Bell"}],"items_purged_floors":[14],"is_endless":false,"potions_floor_spawned":[3,13,15,26,27],"killed_by":"Snecko","ascension_level":0}}