{"host":"dl5mjdlimopbuch5","time":1608404509,"event":{"mods":["AchievementEnabler","BaseMod","Colored Powertips","Googly Eyes","Minty Spire (QoL Compilation)","Quick Restart"],"gold_per_floor":[113,113,113,131,145,145,179,198,248,308,308,324,344,363,363,464,464,481,497,497,510,194,194,212,212,212,229,246,264,214,214,214,310,310,326,170,520,520,388,388,401,421,497,525,424,439,464,476,476,476],"floor_reached":51,"playtime":1432,"items_purged":[],"score":710,"play_id":"4d9d7bc5-4866-4ce8-be20-e68a5827e97f","local_time":"20201219190149","is_ascension_mode":false,"campfire_choices":[{"data":"Spot Weakness","floor":6.0,"key":"SMITH"},{"floor":15.0,"key":"REST"},{"data":"Whirlwind","floor":23,"key":"SMITH"},{"data":"Cleave","floor":25,"key":"SMITH"},{"floor":32,"key":"REST"},{"data":"Bludgeon","floor":40,"key":"SMITH"},{"floor":49,"key":"REST"}],"circlet_count":0,"master_deck":["Strike_R","Strike_R","Strike_R","Strike_R","Strike_R","Defend_R","Defend_R","Defend_R","Bash","Whirlwind+1","Spot Weakness+1","Cleave+1","Wild Strike+1","Thunderclap","Bludgeon+1","Writhe","Flex+1","Flex"],"relics":["Burning Blood","NeowsBlessing","Meat on the Bone","Lantern","Red Skull","SlaversCollar","Mercury Hourglass","InkBottle","Busted Crown","Chemical X","Old Coin","Akabeko","Pantograph","Bottled Lightning","Vajra"],"acts_visited":["Exordium","TheCity","TheBeyond"],"potions_floor_usage":[33,33,37,44,48,50,50,50],"damage_taken":[{"damage":0.0,"enemies":"2 Louse","floor":1.0,"turns":1.0},{"damage":0.0,"enemies":"Small Slimes","floor":4.0,"turns":1.0},{"damage":0.0,"enemies":"Cultist","floor":5.0,"turns":1.0},{"damage":32.0,"enemies":"Gremlin Nob","floor":7.0,"turns":5.0},{"damage":8.0,"enemies":"Large Slime","floor":8.0,"turns":4.0},{"damage":21.0,"enemies":"3 Sentries","floor":10.0,"turns":5.0},{"damage":0.0,"enemies":"3 Louse","floor":12.0,"turns":1.0},{"damage":6.0,"enemies":"Lots of Slimes","floor":13.0,"turns":2.0},{"damage":18.0,"enemies":"Gremlin Gang","floor":14.0,"turns":3.0},{"damage":73.0,"enemies":"Hexaghost","floor":16.0,"turns":10.0},{"damage":25.0,"enemies":"2 Thieves","floor":18.0,"turns":4.0},{"damage":12.0,"enemies":"3 Byrds","floor":19.0,"turns":4.0},{"damage":8.0,"enemies":"Centurion and Healer","floor":20.0,"turns":2.0},{"damage":21,"enemies":"Snake Plant","floor":21,"turns":3},{"damage":12,"enemies":"3 Cultists","floor":24,"turns":3},{"damage":10,"enemies":"Cultist and Chosen","floor":27,"turns":4},{"damage":10,"enemies":"Chosen and Byrds","floor":28,"turns":3},{"damage":12,"enemies":"Centurion and Healer","floor":29,"turns":3},{"damage":57,"enemies":"Champ","floor":33,"turns":9},{"damage":36,"enemies":"3 Darklings","floor":35,"turns":3},{"damage":24,"enemies":"Mind Bloom Boss Battle","floor":37,"turns":6},{"damage":10,"enemies":"3 Shapes","floor":41,"turns":2},{"damage":0,"enemies":"3 Darklings","floor":42,"turns":2},{"damage":46,"enemies":"Giant Head","floor":44,"turns":6},{"damage":18,"enemies":"Transient","floor":46,"turns":5},{"damage":33,"enemies":"Maw","floor":48,"turns":6},{"damage":68,"enemies":"Donu and Deca","floor":50,"turns":5}],"seed_played":"648314329217271910","potions_obtained":[{"floor":1.0,"key":"SmokeBomb"},{"floor":4.0,"key":"BlessingOfTheForge"},{"floor":7.0,"key":"Weak Potion"},{"floor":13.0,"key":"SpeedPotion"},{"floor":24,"key":"Swift Potion"},{"floor":27,"key":"PowerPotion"},{"floor":33,"key":"SkillPotion"},{"floor":37,"key":"Regen Potion"},{"floor":41,"key":"ElixirPotion"},{"floor":48,"key":"SteroidPotion"}],"is_trial":false,"path_per_floor":["M","?","?","M","M","R","E","M","T","?","?","M","M","M","R","B",null,"M","M","M","M","$","R","M","R","T","M","M","M","?","$","R","B",null,"M","$","?","?","?","R","M","M","T","E","$","M","T","M","R","B",null],"character_chosen":"IRONCLAD","items_purchased":["Mercury Hourglass","DistilledChaos","Chemical X","CultistPotion"],"campfire_rested":3,"item_purchase_floors":[22,22,36,45],"current_hp_per_floor":[80,80,80,80,80,80,54,52,52,49,49,55,55,55,79,24,80,61,55,53,50,50,50,56,56,56,52,48,54,54,54,78,39,80,50,50,44,64,64,64,60,66,66,38,38,38,38,38,62,30],"gold":476,"neow_bonus":"THREE_ENEMY_KILL","is_daily":false,"chose_seed":false,"campfire_upgraded":4,"win_rate":0.0,"timestamp":1608404509,"path_taken":["M","?","?","?","M","R","E","M","T","?","?","?","M","M","R","BOSS","M","?","M","M","$","R","M","R","T","M","M","M","?","$","R","BOSS","M","$","?","?","?","R","M","M","T","E","$","?","?","M","R","BOSS"],"items_purchased_type":["Relic","Potion","Relic","Potion"],"build_version":"2020-12-13","purchased_purges":0,"victory":true,"max_hp_per_floor":[80,80,80,80,80,80,80,80,80,80,80,80,80,80,80,80,80,80,80,80,80,80,80,80,80,80,80,80,80,80,80,80,80,80,80,80,80,80,80,80,80,80,80,80,80,80,80,80,80,80],"card_choices":[{"not_picked":["Rupture","Spot Weakness"],"picked":"Whirlwind","floor":1.0},{"not_picked":["Twin Strike","Infernal Blade"],"picked":"Spot Weakness","floor":4.0},{"not_picked":["Twin Strike","Body Slam"],"picked":"Cleave","floor":5.0},{"not_picked":["Fire Breathing","Dropkick","Burning Pact"],"picked":"SKIP","floor":7.0},{"not_picked":["Rupture","Evolve","Uppercut"],"picked":"SKIP","floor":8.0},{"not_picked":["Pommel Strike","Shrug It Off","Headbutt"],"picked":"SKIP","floor":12.0},{"not_picked":["Clothesline","Evolve","Pommel Strike"],"picked":"SKIP","floor":13.0},{"not_picked":["Iron Wave","Sever Soul","True Grit"],"picked":"SKIP","floor":14.0},{"not_picked":["Dropkick","Disarm+1"],"picked":"Wild Strike+1","floor":18.0},{"not_picked":["Wild Strike","Havoc","Cleave"],"picked":"SKIP","floor":19.0},{"not_picked":["Pummel","Feel No Pain"],"picked":"Thunderclap","floor":21},{"not_picked":["Armaments+1","Perfected Strike","Warcry+1"],"picked":"SKIP","floor":24},{"not_picked":["Burning Pact+1","Dark Embrace","Body Slam"],"picked":"SKIP","floor":27},{"not_picked":["Blood for Blood+1","Sword Boomerang","Dark Embrace"],"picked":"SKIP","floor":28},{"not_picked":["Carnage","Shockwave","Clothesline"],"picked":"SKIP","floor":29},{"not_picked":["Double Tap","Feed"],"picked":"Bludgeon","floor":33},{"not_picked":["Fire Breathing+1"],"picked":"SKIP","floor":35},{"not_picked":[],"picked":"Flex+1","floor":41},{"not_picked":["Feel No Pain"],"picked":"SKIP","floor":42},{"not_picked":["Iron Wave"],"picked":"SKIP","floor":44},{"not_picked":[],"picked":"Flex","floor":46},{"not_picked":["Shockwave+1"],"picked":"SKIP","floor":48}],"player_experience":234636,"relics_obtained":[{"floor":7.0,"key":"Meat on the Bone"},{"floor":9.0,"key":"Lantern"},{"floor":10.0,"key":"Red Skull"},{"floor":26,"key":"InkBottle"},{"floor":37,"key":"Old Coin"},{"floor":43,"key":"Pantograph"},{"floor":44,"key":"Bottled Lightning"},{"floor":47,"key":"Vajra"}],"event_choices":[{"damage_healed":0.0,"max_hp_gain":0.0,"max_hp_loss":0.0,"gold_gain":0.0,"event_name":"Golden Wing","player_choice":"Ignored","floor":2.0,"gold_loss":0.0,"damage_taken":0.0},{"damage_healed":0.0,"max_hp_gain":0.0,"max_hp_loss":0.0,"gold_gain":0.0,"event_name":"NoteForYourself","player_choice":"Ignored","floor":3.0,"gold_loss":0.0,"damage_taken":0.0},{"damage_healed":0.0,"max_hp_gain":0.0,"max_hp_loss":0.0,"gold_gain":0.0,"event_name":"Dead Adventurer","player_choice":"Searched \u00272\u0027 times","floor":10.0,"gold_loss":0.0,"damage_taken":0.0},{"cards_removed":["Defend_R"],"damage_healed":0.0,"max_hp_gain":0.0,"max_hp_loss":0.0,"gold_gain":0.0,"event_name":"Bonfire Elementals","player_choice":"Offered Basic","floor":11.0,"gold_loss":0.0,"damage_taken":0.0},{"damage_healed":0,"gold_gain":0,"player_choice":"Bet on Owner","damage_taken":0,"max_hp_gain":0,"max_hp_loss":0,"event_name":"The Joust","floor":30,"gold_loss":50},{"damage_healed":0,"gold_gain":0,"player_choice":"Fight","damage_taken":0,"max_hp_gain":0,"max_hp_loss":0,"event_name":"MindBloom","floor":37,"gold_loss":0},{"damage_healed":20,"gold_gain":0,"player_choice":"Writhe","damage_taken":0,"max_hp_gain":0,"max_hp_loss":0,"event_name":"Winding Halls","floor":38,"gold_loss":0,"cards_obtained":["Writhe"]},{"damage_healed":0,"gold_gain":0,"player_choice":"Paid Gold","damage_taken":0,"relics_obtained":["Akabeko"],"max_hp_gain":0,"max_hp_loss":0,"event_name":"WeMeetAgain","floor":39,"gold_loss":132}],"is_beta":false,"boss_relics":[{"not_picked":["Ectoplasm","Cursed Key"],"picked":"SlaversCollar"},{"not_picked":["Pandora\u0027s Box","Astrolabe"],"picked":"Busted Crown"}],"items_purged_floors":[],"is_endless":false,"potions_floor_spawned":[1,4,7,10,13,24,27,28,29,33,37,41,46,48],"ascension_level":0}}