{"host":"15dd7v8o90xso62x","time":1608404846,"event":{"mods":["BaseMod","Minty Spire (QoL Compilation)","Quick Restart","StSLib"],"gold_per_floor":[111,111,111,111,111,111,36,59,59,19,19,19,43,58,58,181,181,181,181,0,0,0,0,0,0,0],"floor_reached":25,"playtime":474,"items_purged":["Defend_P"],"score":191,"play_id":"e2aa6ef5-0886-44cb-a928-ba136968d116","local_time":"20201220040726","is_ascension_mode":false,"campfire_choices":[{"data":"Eruption","floor":6.0,"key":"SMITH"},{"data":"SandsOfTime","floor":11.0,"key":"SMITH"},{"data":"Adaptation","floor":15.0,"key":"SMITH"},{"data":"LessonLearned","floor":23.0,"key":"SMITH"}],"circlet_count":0,"master_deck":["Strike_P+1","Strike_P+1","Strike_P","Strike_P","Defend_P+1","Defend_P+1","Eruption+1","Vigilance","CutThroughFate+1","SandsOfTime+1","Adaptation+1","LessonLearned+1"],"relics":["PureWater","StoneCalendar","Golden Idol","War Paint","Gremlin Horn","Darkstone Periapt","Ectoplasm","Letter Opener"],"acts_visited":["Exordium","TheCity"],"potions_floor_usage":[],"damage_taken":[{"damage":0.0,"enemies":"Jaw Worm","floor":1.0,"turns":6.0},{"damage":0.0,"enemies":"2 Louse","floor":8.0,"turns":1.0},{"damage":0.0,"enemies":"Small Slimes","floor":13.0,"turns":1.0},{"damage":2.0,"enemies":"Looter","floor":14.0,"turns":2.0},{"damage":18.0,"enemies":"Hexaghost","floor":16.0,"turns":7.0},{"damage":2.0,"enemies":"3 Byrds","floor":18.0,"turns":3.0},{"damage":12.0,"enemies":"Shell Parasite","floor":21.0,"turns":2.0},{"damage":7.0,"enemies":"Snecko","floor":22.0,"turns":3.0},{"damage":28.0,"enemies":"Shelled Parasite and Fungi","floor":24.0,"turns":2.0},{"damage":15,"enemies":"Snake Plant","floor":25,"turns":3}],"seed_played":"4296284733511747623","potions_obtained":[{"floor":13.0,"key":"Ancient Potion"},{"floor":14.0,"key":"Energy Potion"},{"floor":22.0,"key":"Fire Potion"}],"is_trial":false,"path_per_floor":["M","?","?","T","?","R","$","M","T","$","R","T","M","M","R","B",null,"M","T","?","M","M","R","M","M"],"character_chosen":"WATCHER","items_purchased":["SandsOfTime"],"campfire_rested":0,"item_purchase_floors":[10],"current_hp_per_floor":[65,65,49,49,49,49,49,49,49,49,49,49,49,47,47,29,65,63,63,63,51,44,44,16,1,1],"gold":0,"neow_bonus":"ONE_RARE_RELIC","is_daily":false,"chose_seed":false,"campfire_upgraded":4,"win_rate":0.0,"timestamp":1608404846,"path_taken":["M","?","?","?","?","R","?","M","T","?","R","?","M","M","R","BOSS","M","?","?","M","M","R","M","M"],"items_purchased_type":["Card"],"build_version":"2020-12-13","purchased_purges":1,"victory":false,"max_hp_per_floor":[65,65,65,65,65,65,65,65,65,65,65,65,65,65,65,65,65,65,65,65,65,65,65,65,65,65],"card_choices":[{"not_picked":["JustLucky","ThirdEye"],"picked":"CutThroughFate","floor":1.0},{"not_picked":["CrushJoints","Crescendo","Collect"],"picked":"SKIP","floor":8.0},{"not_picked":["FlurryOfBlows","ClearTheMind","DeceiveReality"],"picked":"SKIP","floor":13.0},{"not_picked":["ClearTheMind","FlyingSleeves"],"picked":"Adaptation","floor":14.0},{"not_picked":["DevaForm","DeusExMachina"],"picked":"LessonLearned","floor":16.0},{"not_picked":["CrushJoints","EmptyFist","Protect"],"picked":"SKIP","floor":18.0},{"not_picked":["BowlingBash+1","PathToVictory","JustLucky"],"picked":"SKIP","floor":21.0},{"not_picked":["SignatureMove","Fasting2","PathToVictory"],"picked":"SKIP","floor":22.0},{"not_picked":["Crescendo","Devotion","SignatureMove"],"picked":"SKIP","floor":24.0}],"player_experience":928229,"relics_obtained":[{"floor":4.0,"key":"War Paint"},{"floor":9.0,"key":"Gremlin Horn"},{"floor":12.0,"key":"Darkstone Periapt"},{"floor":19.0,"key":"Letter Opener"}],"event_choices":[{"cards_removed":["Defend_P"],"damage_healed":0.0,"max_hp_gain":0.0,"max_hp_loss":0.0,"gold_gain":0.0,"event_name":"Living Wall","player_choice":"Forget","floor":2.0,"gold_loss":0.0,"damage_taken":0.0},{"damage_healed":0.0,"max_hp_gain":0.0,"max_hp_loss":0.0,"gold_gain":0.0,"event_name":"Golden Idol","player_choice":"Take Damage","floor":3.0,"gold_loss":0.0,"damage_taken":16.0,"relics_obtained":["Golden Idol"]},{"damage_healed":0.0,"max_hp_gain":0.0,"max_hp_loss":0.0,"gold_gain":0.0,"event_name":"Liars Game","player_choice":"Ignored","floor":5.0,"gold_loss":0.0,"damage_taken":0.0},{"damage_healed":0.0,"max_hp_gain":0.0,"max_hp_loss":0.0,"gold_gain":0.0,"event_name":"Masked Bandits","player_choice":"Paid Fearfully","floor":20.0,"gold_loss":181.0,"damage_taken":0.0}],"is_beta":false,"boss_relics":[{"not_picked":["Black Star","Snecko Eye"],"picked":"Ectoplasm"}],"items_purged_floors":[7],"is_endless":false,"potions_floor_spawned":[13,14,22],"killed_by":"Snake Plant","ascension_level":0}}