{"host":"30jsp143e4v19aze","time":1608399662,"event":{"mods":["BaseMod","Colored Map","Highlight Path","Minty Spire (QoL Compilation)","Quick Restart","Relic Sorter","Relic Stats","Say the Spire","StSLib"],"gold_per_floor":[11,25,25,100,100,128,128,163,163,183,183,50,60,73,73,149,149,165,65,78,3,21,21,21,21,21],"floor_reached":25,"playtime":2276,"items_purged":["Strike_R"],"score":422,"play_id":"1f0f78c9-b447-46e4-a6b1-fef4e641a15f","local_time":"20201219184102","is_ascension_mode":true,"campfire_choices":[{"data":"Wild Strike","floor":7,"key":"SMITH"},{"data":"Bash","floor":11,"key":"SMITH"},{"data":"Anger","floor":15,"key":"SMITH"},{"data":"Flex","floor":23,"key":"SMITH"}],"circlet_count":0,"master_deck":["AscendersBane","Strike_R","Strike_R","Defend_R","Defend_R","Defend_R","Defend_R","Bash+1","Armaments+1","Sword Boomerang","Anger+1","Wild Strike+1","Reaper","Battle Trance","Shrug It Off","Exhume","CurseOfTheBell","Metallicize","Evolve","Flex+1"],"relics":["Burning Blood","Pear","Pen Nib","Calling Bell","Orichalcum","Darkstone Periapt","Charon\u0027s Ashes"],"acts_visited":["Exordium","TheCity"],"potions_floor_usage":[6,8,16,18],"damage_taken":[{"damage":1,"enemies":"2 Louse","floor":1,"turns":3},{"damage":7,"enemies":"Jaw Worm","floor":2,"turns":4},{"damage":40,"enemies":"3 Sentries","floor":6,"turns":10},{"damage":22,"enemies":"Gremlin Nob","floor":8,"turns":4},{"damage":4,"enemies":"Small Slimes","floor":10,"turns":3},{"damage":22,"enemies":"Gremlin Gang","floor":13,"turns":6},{"damage":14,"enemies":"Exordium Wildlife","floor":14,"turns":3},{"damage":26,"enemies":"The Guardian","floor":16,"turns":12},{"damage":21,"enemies":"3 Byrds","floor":18,"turns":7},{"damage":33,"enemies":"2 Thieves","floor":19,"turns":5},{"damage":14,"enemies":"Centurion and Healer","floor":20,"turns":8},{"damage":36,"enemies":"Snake Plant","floor":22,"turns":7},{"damage":37,"enemies":"Slavers","floor":25,"turns":4}],"seed_played":"-2923061348775638378","potions_obtained":[{"floor":5,"key":"Block Potion"},{"floor":5,"key":"Weak Potion"},{"floor":10,"key":"PowerPotion"},{"floor":13,"key":"FairyPotion"},{"floor":16,"key":"HeartOfIron"},{"floor":20,"key":"Energy Potion"}],"is_trial":false,"path_per_floor":["M","M","?","?","?","E","R","E","T","M","R","$","M","M","R","B",null,"M","M","M","$","M","R","?","E"],"character_chosen":"IRONCLAD","items_purchased":["Battle Trance","Shrug It Off"],"campfire_rested":0,"item_purchase_floors":[12,12],"current_hp_per_floor":[73,72,72,61,61,37,37,21,21,31,31,31,29,31,31,21,69,65,53,53,53,27,27,27,16,16],"gold":21,"neow_bonus":"TRANSFORM_TWO_CARDS","is_daily":false,"chose_seed":false,"campfire_upgraded":4,"win_rate":0.0,"timestamp":1608399662,"path_taken":["M","M","?","?","?","E","R","E","T","M","R","$","M","M","R","BOSS","M","M","?","$","M","R","?","E"],"items_purchased_type":["Card","Card"],"build_version":"2020-12-13","purchased_purges":1,"victory":false,"max_hp_per_floor":[75,75,75,75,75,85,85,85,85,85,85,85,85,85,85,85,85,85,85,85,85,85,85,85,85,85],"relic_stats":{"Darkstone Periapt":0,"counters":[13,76],"Pen Nib":[8],"Charon\u0027s Ashes":[72],"Orichalcum":[90],"obtain_stats":[{"Calling Bell":17,"Darkstone Periapt":17,"Pear":6,"Pen Nib":8,"Charon\u0027s Ashes":17,"Orichalcum":17,"Burning Blood":0},{"Calling Bell":8,"Darkstone Periapt":8,"Pear":3,"Pen Nib":4,"Charon\u0027s Ashes":8,"Orichalcum":8,"Burning Blood":0},{"Calling Bell":45,"Darkstone Periapt":45,"Pear":17,"Pen Nib":21,"Charon\u0027s Ashes":45,"Orichalcum":45,"Burning Blood":0}],"Burning Blood":72},"card_choices":[{"not_picked":["Pommel Strike","Cleave"],"picked":"Anger","floor":1},{"not_picked":["Evolve","Perfected Strike","Searing Blow"],"picked":"SKIP","floor":2},{"not_picked":["Pummel","Shrug It Off"],"picked":"Wild Strike","floor":6},{"not_picked":["Reckless Charge","Limit Break"],"picked":"Reaper","floor":8},{"not_picked":["Clash","Sword Boomerang","Rampage"],"picked":"SKIP","floor":10},{"not_picked":["Headbutt","Reckless Charge","Iron Wave"],"picked":"SKIP","floor":13},{"not_picked":["Sword Boomerang","Bloodletting","Pummel"],"picked":"SKIP","floor":14},{"not_picked":["Limit Break","Barricade"],"picked":"Exhume","floor":16},{"not_picked":["Twin Strike","Pummel"],"picked":"Metallicize","floor":18},{"not_picked":["Sword Boomerang","Anger","Heavy Blade+1"],"picked":"SKIP","floor":19},{"not_picked":["True Grit","Warcry"],"picked":"Evolve","floor":20},{"not_picked":["Headbutt","Cleave+1"],"picked":"Flex","floor":22}],"player_experience":2921272,"relics_obtained":[{"floor":6,"key":"Pear"},{"floor":8,"key":"Pen Nib"},{"floor":17,"key":"Orichalcum"},{"floor":17,"key":"Darkstone Periapt"},{"floor":17,"key":"Charon\u0027s Ashes"}],"event_choices":[{"damage_healed":0,"gold_gain":0,"player_choice":"Grow","damage_taken":0,"max_hp_gain":0,"max_hp_loss":0,"event_name":"Living Wall","floor":3,"gold_loss":0,"cards_upgraded":["Armaments"]},{"damage_healed":0,"gold_gain":75,"player_choice":"Gather Gold","damage_taken":11,"max_hp_gain":0,"max_hp_loss":0,"event_name":"World of Goop","floor":4,"gold_loss":0},{"damage_healed":0,"gold_gain":0,"player_choice":"Got Potions","damage_taken":0,"max_hp_gain":0,"max_hp_loss":0,"event_name":"Lab","floor":5,"gold_loss":0},{"damage_healed":0,"gold_gain":0,"player_choice":"Ignored","damage_taken":0,"max_hp_gain":0,"max_hp_loss":0,"event_name":"Vampires","floor":24,"gold_loss":0}],"is_beta":false,"boss_relics":[{"not_picked":["Tiny House","Snecko Eye"],"picked":"Calling Bell"}],"items_purged_floors":[21],"is_endless":false,"potions_floor_spawned":[10,13,14,16,20,22],"killed_by":"Slavers","ascension_level":20}}