{"host":"i3w38rq1z4slkels","time":1608382277,"event":{"mods":["2.2 Compatiblity","Act Like it!","BaseMod","Better Match","Better Vampires","BetterRewards","Conspire","Downfall","Minty Spire (QoL Compilation)","Rare Cards Sparkle","Replay The Spire","StSLib"],"gold_per_floor":[99,119,131,141,219,144,144,144,144,69,81,81,81,81,93,93,93],"floor_reached":16,"playtime":1133,"items_purged":[],"score":140,"play_id":"4e2087db-cc7b-4df4-a3bf-351734f8cfe8","local_time":"20201219195117","is_ascension_mode":true,"campfire_choices":[{"floor":1,"key":"RECALL"},{"data":"sneckomod:SerpentMind","floor":6,"key":"SMITH"},{"floor":8,"key":"REST"},{"data":"sneckomod:QuickMove","floor":10,"key":"SMITH"}],"circlet_count":0,"master_deck":["sneckomod:TailWhip","sneckomod:SnekBite","sneckomod:Unknown","sneckomod:Unknown","sneckomod:Transmogrify","sneckomod:QuickMove+1","sneckomod:UnknownWeak","sneckomod:UnknownVulnerable","sneckomod:SoulExchange","sneckomod:SerpentMind+1","sneckomod:SoulCleanse","sneckomod:SnakeSap","sneckomod:TrashToTreasure","sneckomod:UnknownBlock+1"],"relics":["downfall:HeartBlessingRed","Centennial Puzzle","downfall:HeartBlessingGreen","Blood Vial","conspire:RoyalGoblet"],"acts_visited":["Exordium"],"potions_floor_usage":[9,9,11],"damage_taken":[{"damage":12,"enemies":"Small Slimes","floor":2,"turns":3},{"damage":9,"enemies":"Jaw Worm","floor":3,"turns":2},{"damage":1,"enemies":"conspire:RoseBush","floor":4,"turns":3},{"damage":0,"enemies":"Gremlin Nob","floor":9,"turns":3},{"damage":3,"enemies":"3 Louse","floor":11,"turns":4},{"damage":8,"enemies":"Red Slaver","floor":13,"turns":3},{"damage":6,"enemies":"conspire:2 RoseBushes","floor":15,"turns":4},{"damage":78,"enemies":"downfall:Silent","floor":16,"turns":8}],"seed_played":"-8895068635719483370","potions_obtained":[{"floor":5,"key":"Flashbang"},{"floor":5,"key":"Regen Potion"},{"floor":5,"key":"EntropicBrew"},{"floor":11,"key":"SkillPotion"}],"is_trial":false,"path_per_floor":["R","M","M","M","?","R","T","R","E","R","M","?","M","?","M","B"],"character_chosen":"THE_SNECKO","items_purchased":[],"campfire_rested":1,"item_purchase_floors":[],"current_hp_per_floor":[90,78,69,68,46,46,46,73,85,85,84,84,78,78,74,0,0],"gold":93,"neow_bonus":"BOSS_RELIC","is_daily":false,"chose_seed":false,"campfire_upgraded":2,"win_rate":0.0,"timestamp":1608382277,"path_taken":["R","M","M","M","?","R","T","R","E","R","M","?","M","?","M","BOSS"],"items_purchased_type":[],"build_version":"2020-12-13","purchased_purges":0,"victory":false,"max_hp_per_floor":[90,90,90,90,90,90,90,90,90,90,90,90,90,90,90,90,90],"card_choices":[{"not_picked":["sneckomod:DiceCrush","sneckomod:UnknownExhaust"],"picked":"sneckomod:SoulCleanse","floor":2},{"not_picked":["sneckomod:UnknownClassRED","sneckomod:Unknown1Cost","sneckomod:UnknownWeak"],"picked":"SKIP","floor":3},{"not_picked":["sneckomod:WideSting","sneckomod:UnknownClassTHE_CHAMP_GRAY"],"picked":"sneckomod:SnakeSap","floor":4},{"not_picked":["sneckomod:RainOfDice","sneckomod:SoulDraw"],"picked":"sneckomod:TrashToTreasure","floor":5},{"not_picked":["sneckomod:UnknownWeak","sneckomod:UnknownCommonSkill","sneckomod:DiceCrush"],"picked":"SKIP","floor":9},{"not_picked":["sneckomod:UnknownClassSLIMEBOUND","sneckomod:UnknownCommonSkill","sneckomod:DiceCrush"],"picked":"SKIP","floor":11},{"not_picked":["sneckomod:SoulDraw","sneckomod:Nope"],"picked":"sneckomod:UnknownRareSkill","floor":13},{"not_picked":["sneckomod:UnknownUncommonSkill","sneckomod:Unknown1Cost","sneckomod:UnknownClassTHE_CHAMP_GRAY"],"picked":"SKIP","floor":15}],"player_experience":435344,"relics_obtained":[{"floor":2,"key":"SacredBark"},{"floor":7,"key":"Blood Vial"},{"floor":9,"key":"SacredBark"},{"floor":9,"key":"Centennial Puzzle"},{"floor":11,"key":"SacredBark"},{"floor":13,"key":"Blood Vial"},{"floor":15,"key":"conspire:RoyalGoblet"}],"event_choices":[{"damage_healed":0,"gold_gain":0,"player_choice":"Agree","damage_taken":0,"max_hp_gain":0,"max_hp_loss":0,"event_name":"conspire:LoneGhost","floor":12,"gold_loss":0}],"is_beta":false,"boss_relics":[],"items_purged_floors":[],"is_endless":false,"potions_floor_spawned":[11,13,15],"killed_by":"downfall:Silent","ascension_level":2}}