{"host":"l99crexq2sc8megk","time":1608384036,"event":{"mods":["BaseMod","Hermit","Minty Spire (QoL Compilation)","Quick Restart","StSLib","The Cursed"],"gold_per_floor":[119,119,136,136,12,45,63,80,80,80,80,97,97,110,110,185,185,199,213,288,304,319,319,337,337,362,374,374,75,75,107,107,178,178,194,69,87,0,10,10,38,38,63,95,95,95,108,121,121,121],"floor_reached":51,"playtime":2010,"items_purged":["Strike_R","Strike_R","Strike_R"],"score":1374,"play_id":"1a3410b2-5760-45e1-9629-1d3eade62a34","local_time":"20201219212036","is_ascension_mode":true,"campfire_choices":[{"data":"Rampage","floor":10.0,"key":"SMITH"},{"data":"Entrench","floor":13.0,"key":"SMITH"},{"data":"Body Slam","floor":15.0,"key":"SMITH"},{"data":"Juggernaut","floor":23.0,"key":"SMITH"},{"data":"Ghostly Armor","floor":28.0,"key":"SMITH"},{"data":"Body Slam","floor":32.0,"key":"SMITH"},{"data":"Barricade","floor":40,"key":"SMITH"},{"data":"Impervious","floor":49,"key":"SMITH"}],"circlet_count":0,"master_deck":["AscendersBane","Strike_R","Defend_R","Defend_R","Defend_R+1","Shrug It Off+1","Impervious+1","Body Slam+1","Immolate","Rampage+1","Entrench+1","Juggernaut+1","Shrug It Off","True Grit+1","Ghostly Armor+1","Body Slam+1","Barricade+1","Shrug It Off+1"],"relics":["Burning Blood","NeowsBlessing","Torii","Meat on the Bone","Velvet Choker","Tiny Chest","Bronze Scales","Matryoshka","Runic Pyramid","Red Mask","Happy Flower","Lantern","Toy Ornithopter","Mummified Hand","Dream Catcher","Letter Opener"],"acts_visited":["Exordium","TheCity","TheBeyond"],"potions_floor_usage":[50],"damage_taken":[{"damage":0.0,"enemies":"Jaw Worm","floor":1.0,"turns":1.0},{"damage":0.0,"enemies":"Cultist","floor":3.0,"turns":1.0},{"damage":0.0,"enemies":"3 Sentries","floor":6.0,"turns":2.0},{"damage":0.0,"enemies":"2 Louse","floor":7.0,"turns":1.0},{"damage":1.0,"enemies":"Large Slime","floor":8.0,"turns":6.0},{"damage":0.0,"enemies":"Red Slaver","floor":12.0,"turns":4.0},{"damage":0.0,"enemies":"Looter","floor":14.0,"turns":3.0},{"damage":1.0,"enemies":"Slime Boss","floor":16.0,"turns":7.0},{"damage":13.0,"enemies":"Chosen","floor":18.0,"turns":7.0},{"damage":11.0,"enemies":"Spheric Guardian","floor":19.0,"turns":4.0},{"damage":39.0,"enemies":"Cultist and Chosen","floor":21.0,"turns":9.0},{"damage":16.0,"enemies":"Centurion and Healer","floor":22.0,"turns":6.0},{"damage":6.0,"enemies":"Snake Plant","floor":24.0,"turns":5.0},{"damage":7.0,"enemies":"3 Cultists","floor":27.0,"turns":5.0},{"damage":10.0,"enemies":"Gremlin Leader","floor":31.0,"turns":5.0},{"damage":34.0,"enemies":"Automaton","floor":33.0,"turns":9.0},{"damage":0,"enemies":"Orb Walker","floor":35,"turns":3},{"damage":0,"enemies":"3 Darklings","floor":37,"turns":4},{"damage":0,"enemies":"Transient","floor":39,"turns":5},{"damage":1,"enemies":"Giant Head","floor":41,"turns":6},{"damage":1,"enemies":"Reptomancer","floor":44,"turns":3},{"damage":0,"enemies":"Maw","floor":47,"turns":5},{"damage":0,"enemies":"Sphere and 2 Shapes","floor":48,"turns":3},{"damage":0,"enemies":"Awakened One","floor":50,"turns":10}],"seed_played":"3568047798550589608","potions_obtained":[{"floor":3.0,"key":"DistilledChaos"},{"floor":6.0,"key":"BlessingOfTheForge"},{"floor":21.0,"key":"SkillPotion"},{"floor":22.0,"key":"Weak Potion"},{"floor":24.0,"key":"Swift Potion"},{"floor":31.0,"key":"LiquidBronze"},{"floor":39,"key":"SkillPotion"},{"floor":44,"key":"BlessingOfTheForge"}],"is_trial":false,"path_per_floor":["M","?","M","?","$","E","M","M","T","R","?","M","R","M","R","B",null,"M","M","?","M","M","R","M","?","T","M","R","$","?","E","R","B",null,"M","$","M","?","M","R","E","$","T","E","?","T","M","M","R","B",null],"character_chosen":"IRONCLAD","items_purchased":["Body Slam","Bronze Scales","BloodPotion"],"campfire_rested":0,"item_purchase_floors":[5,29,29],"current_hp_per_floor":[74,74,75,75,75,75,75,75,75,75,60,66,66,72,72,75,75,68,63,56,35,37,37,49,49,49,48,48,48,63,59,59,43,67,73,73,75,75,75,75,75,75,75,75,75,75,75,75,75,75],"gold":121,"neow_bonus":"THREE_ENEMY_KILL","is_daily":false,"chose_seed":false,"campfire_upgraded":8,"win_rate":0.0,"timestamp":1608384036,"path_taken":["M","?","?","?","$","E","M","M","T","R","?","M","R","M","R","BOSS","M","M","?","M","M","R","?","?","T","M","R","$","?","E","R","BOSS","M","$","M","?","M","R","E","$","T","E","?","?","M","M","R","BOSS"],"items_purchased_type":["Card","Relic","Potion"],"build_version":"2020-12-13","purchased_purges":3,"victory":true,"max_hp_per_floor":[75,75,75,75,75,75,75,75,75,75,75,75,75,75,75,75,75,75,75,75,75,75,75,75,75,75,75,75,75,75,75,75,75,75,75,75,75,75,75,75,75,75,75,75,75,75,75,75,75,75],"card_choices":[{"not_picked":["Iron Wave","Heavy Blade"],"picked":"Shrug It Off","floor":1.0},{"not_picked":["Anger","Reaper","Iron Wave"],"picked":"SKIP","floor":3.0},{"not_picked":["Pummel","Feel No Pain"],"picked":"Immolate","floor":6.0},{"not_picked":["Cleave","Wild Strike","Blood for Blood"],"picked":"SKIP","floor":7.0},{"not_picked":["Flex","Warcry"],"picked":"Rampage","floor":8.0},{"not_picked":["Sword Boomerang","Carnage"],"picked":"Entrench","floor":12.0},{"not_picked":["Wild Strike","Pommel Strike","Power Through"],"picked":"SKIP","floor":14.0},{"not_picked":["Corruption","Limit Break"],"picked":"Juggernaut","floor":16.0},{"not_picked":["Clash","Searing Blow+1","Bloodletting"],"picked":"SKIP","floor":18.0},{"not_picked":["Disarm","Heavy Blade"],"picked":"Shrug It Off","floor":19.0},{"not_picked":["Havoc","Heavy Blade","Infernal Blade"],"picked":"SKIP","floor":21.0},{"not_picked":["Havoc","Heavy Blade","Infernal Blade"],"picked":"SKIP","floor":21.0},{"not_picked":["Twin Strike","Havoc"],"picked":"True Grit+1","floor":22.0},{"not_picked":["Second Wind","Whirlwind","Disarm+1"],"picked":"SKIP","floor":24.0},{"not_picked":["Uppercut","Corruption"],"picked":"Ghostly Armor","floor":27.0},{"not_picked":["Carnage","Headbutt"],"picked":"Body Slam","floor":31.0},{"not_picked":["Feed","Offering"],"picked":"Barricade","floor":33.0},{"not_picked":["Disarm","Iron Wave","Flex"],"picked":"SKIP","floor":35},{"not_picked":["Armaments+1","Warcry"],"picked":"Shrug It Off+1","floor":37},{"not_picked":["Rupture+1","Second Wind","Rage+1"],"picked":"SKIP","floor":39},{"not_picked":["Headbutt+1","Combust","Sever Soul"],"picked":"SKIP","floor":41},{"not_picked":["Rampage","Rupture","Heavy Blade"],"picked":"SKIP","floor":44},{"not_picked":["Fiend Fire","Wild Strike","Warcry"],"picked":"SKIP","floor":47},{"not_picked":["Thunderclap","Twin Strike","Havoc"],"picked":"SKIP","floor":48}],"player_experience":344203,"relics_obtained":[{"floor":6.0,"key":"Torii"},{"floor":9.0,"key":"Meat on the Bone"},{"floor":26.0,"key":"Tiny Chest"},{"floor":31.0,"key":"Matryoshka"},{"floor":41,"key":"Happy Flower"},{"floor":43,"key":"Lantern"},{"floor":43,"key":"Toy Ornithopter"},{"floor":44,"key":"Mummified Hand"},{"floor":46,"key":"Dream Catcher"},{"floor":46,"key":"Letter Opener"}],"event_choices":[{"damage_healed":0.0,"max_hp_gain":0.0,"max_hp_loss":0.0,"gold_gain":0.0,"event_name":"Accursed Blacksmith","player_choice":"Forge","floor":2.0,"gold_loss":0.0,"damage_taken":0.0,"cards_upgraded":["Shrug It Off"]},{"damage_healed":0.0,"max_hp_gain":0.0,"max_hp_loss":0.0,"gold_gain":0.0,"cards_transformed":["Bash"],"event_name":"Living Wall","player_choice":"Change","floor":4.0,"gold_loss":0.0,"damage_taken":0.0,"cards_obtained":["Impervious"]},{"damage_healed":0.0,"max_hp_gain":0.0,"max_hp_loss":0.0,"gold_gain":0.0,"event_name":"Shining Light","player_choice":"Entered Light","floor":11.0,"gold_loss":0.0,"damage_taken":15.0,"cards_upgraded":["Defend_R","Defend_R"]},{"damage_healed":0.0,"max_hp_gain":0.0,"max_hp_loss":0.0,"gold_gain":75.0,"event_name":"FaceTrader","player_choice":"Touch","floor":20.0,"gold_loss":0.0,"damage_taken":7.0},{"damage_healed":0.0,"max_hp_gain":0.0,"max_hp_loss":0.0,"gold_gain":0.0,"event_name":"Vampires","player_choice":"Ignored","floor":25.0,"gold_loss":0.0,"damage_taken":0.0},{"cards_removed":["Strike_R"],"damage_healed":0.0,"max_hp_gain":0.0,"max_hp_loss":0.0,"gold_gain":0.0,"event_name":"Back to Basics","player_choice":"Elegance","floor":30.0,"gold_loss":0.0,"damage_taken":0.0},{"damage_healed":0,"gold_gain":0,"player_choice":"Paid","damage_taken":0,"relics_obtained":["Red Mask"],"max_hp_gain":0,"max_hp_loss":0,"event_name":"Tomb of Lord Red Mask","floor":38,"gold_loss":87},{"cards_removed":["Defend_R"],"damage_healed":0,"gold_gain":0,"player_choice":"Removed Skill","damage_taken":0,"max_hp_gain":0,"max_hp_loss":0,"event_name":"Falling","floor":45,"gold_loss":0}],"is_beta":false,"boss_relics":[{"not_picked":["Ectoplasm","Pandora\u0027s Box"],"picked":"Velvet Choker"},{"not_picked":["Fusion Hammer","Black Blood"],"picked":"Runic Pyramid"}],"items_purged_floors":[5,29,36],"is_endless":false,"potions_floor_spawned":[3,6,7,21,22,24,31,39,44,47],"ascension_level":14}}