{"host":"8qb550oiisecbnz6","time":1608399424,"event":{"mods":["AchievementEnabler","BaseMod","Colored Map","Colored Powertips","Minty Spire (QoL Compilation)","Quick Restart","Slay-I","StSLib"],"gold_per_floor":[117,292,292,26,37,70,90,119,119,19,19,38,48,83,83,180,180,194,210,226,226,101,101,134,134,134,59,59,59],"floor_reached":28,"playtime":1436,"items_purged":["Doubt","Strike_B","Dualcast"],"score":365,"play_id":"b3c84483-9977-45d2-bf20-f9243e3d4241","local_time":"20201219183704","is_ascension_mode":true,"campfire_choices":[{"floor":15,"key":"REST"},{"floor":23,"key":"REST"},{"data":"Echo Form","floor":25,"key":"SMITH"}],"circlet_count":0,"master_deck":["Strike_B","Strike_B","Defend_B","Defend_B","Defend_B","Defend_B","Zap+1","Ball Lightning","Lockon","Leap","Barrage","Conserve Battery","Echo Form+1","Static Discharge","All For One","Leap+1","Capacitor+1"],"relics":["Cracked Core","NeowsBlessing","Ice Cream","Sling","Prayer Wheel","Oddly Smooth Stone","Dead Branch","HornCleat","Black Star","NlothsMask","Bag of Preparation","Eternal Feather"],"acts_visited":["Exordium","TheCity"],"potions_floor_usage":[8,12,14,20,20,24,24],"damage_taken":[{"damage":0,"enemies":"2 Louse","floor":1,"turns":1},{"damage":0,"enemies":"Jaw Worm","floor":5,"turns":1},{"damage":0,"enemies":"3 Sentries","floor":6,"turns":1},{"damage":0,"enemies":"Cultist","floor":7,"turns":2},{"damage":18,"enemies":"Gremlin Nob","floor":8,"turns":3},{"damage":0,"enemies":"Gremlin Gang","floor":12,"turns":4},{"damage":0,"enemies":"2 Fungi Beasts","floor":13,"turns":2},{"damage":6,"enemies":"3 Sentries","floor":14,"turns":5},{"damage":13,"enemies":"The Guardian","floor":16,"turns":10},{"damage":0,"enemies":"Shell Parasite","floor":18,"turns":5},{"damage":18,"enemies":"Spheric Guardian","floor":19,"turns":4},{"damage":20,"enemies":"Snake Plant","floor":20,"turns":4},{"damage":35,"enemies":"Slavers","floor":24,"turns":5},{"damage":23,"enemies":"Shelled Parasite and Fungi","floor":28,"turns":5}],"seed_played":"-3289387621645606159","potions_obtained":[{"floor":1,"key":"Strength Potion"},{"floor":6,"key":"LiquidBronze"},{"floor":8,"key":"Fire Potion"},{"floor":14,"key":"FearPotion"},{"floor":16,"key":"PowerPotion"},{"floor":19,"key":"Strength Potion"},{"floor":20,"key":"CultistPotion"}],"is_trial":false,"path_per_floor":["M","?","?","$","M","E","M","E","T","$","?","M","M","E","R","B",null,"M","M","M","?","$","R","E","R","T","?","M"],"character_chosen":"DEFECT","items_purchased":["Sling","Ball Lightning"],"campfire_rested":2,"item_purchase_floors":[4,4],"current_hp_per_floor":[68,68,50,50,50,50,50,32,32,32,32,32,32,26,48,35,65,65,47,27,27,27,49,14,23,23,23,0,0],"gold":59,"neow_bonus":"THREE_ENEMY_KILL","is_daily":false,"chose_seed":false,"campfire_upgraded":1,"win_rate":0.0,"timestamp":1608399424,"path_taken":["M","?","?","$","M","E","M","E","T","$","?","M","?","E","R","BOSS","M","M","?","?","?","R","E","R","T","?","M"],"items_purchased_type":["Relic","Card"],"build_version":"2020-12-13","purchased_purges":3,"victory":false,"max_hp_per_floor":[75,75,75,75,75,75,75,75,75,75,75,75,75,75,75,75,75,75,75,75,75,75,75,75,75,75,75,75,75],"card_choices":[{"not_picked":["Skim","Rip and Tear","Hologram"],"picked":"SKIP","floor":1},{"not_picked":["Hologram","Stack","Sunder"],"picked":"SKIP","floor":5},{"not_picked":["Coolheaded","Redo"],"picked":"Lockon","floor":6},{"not_picked":["Fission","Force Field","Beam Cell"],"picked":"SKIP","floor":7},{"not_picked":["Ball Lightning","Coolheaded","Stack"],"picked":"SKIP","floor":7},{"not_picked":["Storm","Reboot"],"picked":"Leap","floor":8},{"not_picked":["Redo","Consume"],"picked":"Barrage","floor":12},{"not_picked":["Tempest","Blizzard","Lockon"],"picked":"SKIP","floor":12},{"not_picked":["Stack","Barrage"],"picked":"Conserve Battery","floor":13},{"not_picked":["Tempest","Beam Cell","Hologram"],"picked":"SKIP","floor":13},{"not_picked":["Steam","Aggregate","Turbo"],"picked":"SKIP","floor":14},{"not_picked":["Multi-Cast","Creative AI"],"picked":"Echo Form","floor":16},{"not_picked":["Streamline","Coolheaded"],"picked":"Static Discharge","floor":18},{"not_picked":["Double Energy","BootSequence","Scrape"],"picked":"SKIP","floor":18},{"not_picked":["Recycle","Barrage"],"picked":"All For One","floor":19},{"not_picked":["Hologram","Sweeping Beam","Reprogram"],"picked":"SKIP","floor":19},{"not_picked":["Rebound","Blizzard"],"picked":"Leap+1","floor":20},{"not_picked":["Hologram","Undo","Leap"],"picked":"SKIP","floor":20},{"not_picked":["Steam","Stack+1"],"picked":"Capacitor+1","floor":24}],"player_experience":382086,"relics_obtained":[{"floor":6,"key":"Prayer Wheel"},{"floor":8,"key":"Oddly Smooth Stone"},{"floor":9,"key":"Dead Branch"},{"floor":14,"key":"HornCleat"},{"floor":24,"key":"Bag of Preparation"},{"floor":24,"key":"Eternal Feather"}],"event_choices":[{"damage_healed":0,"gold_gain":175,"player_choice":"AGREE","damage_taken":0,"max_hp_gain":0,"max_hp_loss":0,"event_name":"Liars Game","floor":2,"gold_loss":0,"cards_obtained":["Doubt"]},{"damage_healed":0,"gold_gain":0,"player_choice":"Success","damage_taken":18,"relics_obtained":["Ice Cream"],"max_hp_gain":0,"max_hp_loss":0,"event_name":"Scrap Ooze","floor":3,"gold_loss":0},{"damage_healed":0,"gold_gain":0,"player_choice":"Upgraded","damage_taken":0,"max_hp_gain":0,"max_hp_loss":0,"event_name":"Upgrade Shrine","floor":11,"gold_loss":0,"cards_upgraded":["Zap"]},{"damage_healed":0,"gold_gain":0,"player_choice":"Trade","damage_taken":0,"relics_obtained":["NlothsMask"],"max_hp_gain":0,"max_hp_loss":0,"event_name":"FaceTrader","floor":21,"gold_loss":0},{"cards_removed":["Strike_B"],"damage_healed":0,"gold_gain":0,"player_choice":"Gave Gold","damage_taken":0,"max_hp_gain":0,"max_hp_loss":0,"event_name":"Beggar","floor":27,"gold_loss":75}],"is_beta":false,"boss_relics":[{"not_picked":["Velvet Choker","Calling Bell"],"picked":"Black Star"}],"items_purged_floors":[4,10,22],"is_endless":false,"potions_floor_spawned":[1,6,8,14,16,19,20],"killed_by":"Shelled Parasite and Fungi","ascension_level":6}}