{"host":"7gewg82ormp6yt4e","time":1608383279,"event":{"mods":["BaseMod","Block Reminder","Colored Map","Colored Powertips","DeckTracker","Highlight Path","Minty Spire (QoL Compilation)","Relic Stats","StSLib"],"gold_per_floor":[126,126,146,171,57,57,12,12,62,62,106,106,106,140,140,240,240,255,255,289,204,233,271,271,319,319,339,362,31,52,52,52,150,222,254,281,315,1323,1323,1323,553,582,634,967,988,1017,1051,1070,1070,1070,1070],"floor_reached":50,"playtime":3467,"items_purged":["Strike_G","Normality"],"score":1174,"play_id":"dcfac8d2-c725-4f29-8f14-c76267fe69c3","local_time":"20201219220759","is_ascension_mode":true,"campfire_choices":[{"data":"Deadly Poison","floor":6.0,"key":"SMITH"},{"data":"Deadly Poison","floor":8.0,"key":"SMITH"},{"data":"Noxious Fumes","floor":10.0,"key":"SMITH"},{"data":"Bouncing Flask","floor":15.0,"key":"SMITH"},{"data":"Wraith Form v2","floor":24.0,"key":"SMITH"},{"data":"Leg Sweep","floor":32,"key":"SMITH"},{"data":"Night Terror","floor":40,"key":"SMITH"},{"floor":49,"key":"RECALL"}],"circlet_count":0,"master_deck":["AscendersBane","Survivor","Neutralize","Leg Sweep+1","Flying Knee","Flying Knee","Noxious Fumes+1","Deadly Poison+1","Deadly Poison+1","PiercingWail","Bouncing Flask+1","Wraith Form v2+1","Acrobatics","Bane+1","Backflip","Adrenaline","Night Terror+1","Sucker Punch","Cloak And Dagger","Finisher","Setup","Dash","Escape Plan","Malaise","Glass Knife","PiercingWail+1","Dark Shackles","Thinking Ahead","Madness","Backflip","Footwork","Prepared+1","PiercingWail+1","Caltrops+1"],"relics":["Ring of the Snake","CeramicFish","Mummified Hand","Omamori","Oddly Smooth Stone","Coffee Dripper","Pear","Strawberry","MealTicket","InkBottle","Pandora\u0027s Box","Strange Spoon","Lantern","Meat on the Bone","Question Card"],"acts_visited":["Exordium","TheCity","TheBeyond"],"potions_floor_usage":[28,33],"damage_taken":[{"damage":0.0,"enemies":"2 Louse","floor":1.0,"turns":3.0},{"damage":7.0,"enemies":"Small Slimes","floor":3.0,"turns":5.0},{"damage":1.0,"enemies":"Cultist","floor":4.0,"turns":5.0},{"damage":14.0,"enemies":"Lagavulin","floor":11.0,"turns":5.0},{"damage":14.0,"enemies":"Lots of Slimes","floor":14.0,"turns":5.0},{"damage":0.0,"enemies":"Hexaghost","floor":16.0,"turns":7.0},{"damage":0.0,"enemies":"Spheric Guardian","floor":18.0,"turns":3.0},{"damage":6.0,"enemies":"Chosen","floor":20.0,"turns":5.0},{"damage":5.0,"enemies":"Sentry and Sphere","floor":22.0,"turns":5.0},{"damage":1.0,"enemies":"Gremlin Leader","floor":23.0,"turns":9.0},{"damage":28.0,"enemies":"Slavers","floor":25.0,"turns":7.0},{"damage":0.0,"enemies":"Snake Plant","floor":27.0,"turns":4.0},{"damage":3,"enemies":"Cultist and Chosen","floor":28,"turns":5},{"damage":0,"enemies":"Centurion and Healer","floor":30,"turns":5},{"damage":25,"enemies":"Collector","floor":33,"turns":8},{"damage":3,"enemies":"3 Darklings","floor":35,"turns":6},{"damage":1,"enemies":"Orb Walker","floor":37,"turns":4},{"damage":13,"enemies":"Spire Growth","floor":42,"turns":7},{"damage":0,"enemies":"Writhing Mass","floor":45,"turns":8},{"damage":0,"enemies":"Maw","floor":46,"turns":8},{"damage":10,"enemies":"Reptomancer","floor":47,"turns":8},{"damage":0,"enemies":"4 Shapes","floor":48,"turns":7},{"damage":108,"enemies":"Time Eater","floor":50,"turns":11}],"seed_played":"6213186912010933892","potions_obtained":[{"floor":4.0,"key":"Weak Potion"},{"floor":11.0,"key":"GhostInAJar"},{"floor":20.0,"key":"BlessingOfTheForge"},{"floor":25.0,"key":"Poison Potion"},{"floor":28,"key":"FearPotion"},{"floor":33,"key":"Strength Potion"},{"floor":35,"key":"FairyPotion"}],"is_trial":false,"path_per_floor":["M","?","M","M","$","R","$","R","T","R","E","?","?","M","R","B",null,"M","$","M","?","M","E","R","E","T","M","M","$","M","?","R","B",null,"M","?","M","?","?","R","$","M","T","?","M","M","E","M","R","B"],"character_chosen":"THE_SILENT","items_purchased":["Noxious Fumes","Deadly Poison","Deadly Poison","Adrenaline","FairyPotion","Strange Spoon","Lantern","Footwork","Meat on the Bone"],"campfire_rested":0,"item_purchase_floors":[5,5,7,29,29,41,41,41,41],"current_hp_per_floor":[59,54,47,46,46,46,46,46,46,46,32,32,32,18,18,18,54,54,54,48,58,53,59,59,31,31,31,28,43,43,43,43,18,67,64,54,53,53,53,53,68,55,55,55,55,55,45,45,45,0,0],"gold":1070,"neow_bonus":"RANDOM_COMMON_RELIC","is_daily":false,"chose_seed":false,"campfire_upgraded":7,"win_rate":0.0,"timestamp":1608383279,"path_taken":["M","?","M","M","$","R","$","R","T","R","E","?","?","M","R","BOSS","M","?","?","?","M","E","R","E","T","M","M","?","M","?","R","BOSS","M","?","M","?","?","R","?","?","T","?","M","M","E","M","R","BOSS"],"items_purchased_type":["Card","Card","Card","Card","Potion","Relic","Relic","Card","Relic"],"build_version":"2020-12-13","purchased_purges":2,"victory":false,"max_hp_per_floor":[66,66,66,66,66,66,66,66,66,66,66,66,66,66,66,66,66,66,66,66,76,76,83,83,83,83,83,83,83,83,83,83,83,83,83,83,83,83,79,79,79,79,79,79,79,79,79,79,79,79,79],"relic_stats":{"Strange Spoon":[28],"counters":[23,140],"Mummified Hand":[57],"CeramicFish":288,"MealTicket":30,"Pandora\u0027s Box":["Sucker Punch","Cloak And Dagger","Finisher","Setup","Dash","Escape Plan","Malaise","Glass Knife"],"Question Card":1,"obtain_stats":[{"Lantern":41,"Pear":21,"Golden Idol":12,"CeramicFish":0,"Oddly Smooth Stone":11,"Omamori":9,"Question Card":47,"Strange Spoon":41,"Mummified Hand":2,"Strawberry":23,"MealTicket":25,"Pandora\u0027s Box":34,"Coffee Dripper":17,"InkBottle":26,"Ring of the Snake":0,"Meat on the Bone":41},{"Lantern":17,"Pear":8,"Golden Idol":4,"CeramicFish":0,"Oddly Smooth Stone":4,"Omamori":3,"Question Card":21,"Strange Spoon":17,"Mummified Hand":1,"Strawberry":10,"MealTicket":11,"Pandora\u0027s Box":15,"Coffee Dripper":6,"InkBottle":11,"Ring of the Snake":0,"Meat on the Bone":17},{"Lantern":91,"Pear":38,"Golden Idol":18,"CeramicFish":0,"Oddly Smooth Stone":18,"Omamori":13,"Question Card":122,"Strange Spoon":91,"Mummified Hand":3,"Strawberry":52,"MealTicket":59,"Pandora\u0027s Box":81,"Coffee Dripper":30,"InkBottle":59,"Ring of the Snake":0,"Meat on the Bone":91}],"InkBottle":[35],"Ring of the Snake":[46],"Meat on the Bone":0},"card_choices":[{"not_picked":["Bane","PiercingWail"],"picked":"Leg Sweep","floor":1.0},{"not_picked":["Accuracy","Masterful Stab"],"picked":"Flying Knee","floor":3.0},{"not_picked":["Outmaneuver","Sucker Punch"],"picked":"Flying Knee","floor":4.0},{"not_picked":["Envenom","Blade Dance"],"picked":"PiercingWail","floor":11.0},{"not_picked":["Sucker Punch","Eviscerate"],"picked":"Bouncing Flask","floor":14.0},{"not_picked":["Envenom","Malaise"],"picked":"Wraith Form v2","floor":16.0},{"not_picked":["Blade Dance","Heel Hook","Cloak And Dagger+1"],"picked":"SKIP","floor":18.0},{"not_picked":["Expertise","Unload"],"picked":"Acrobatics","floor":20.0},{"not_picked":["Finisher","Masterful Stab"],"picked":"Bane+1","floor":22.0},{"not_picked":["Concentrate","Acrobatics","Skewer"],"picked":"SKIP","floor":23.0},{"not_picked":["Deadly Poison+1","Bane"],"picked":"Backflip","floor":25.0},{"not_picked":["Backflip","Blade Dance","Poisoned Stab"],"picked":"SKIP","floor":27.0},{"not_picked":["Poisoned Stab","Dagger Throw","Quick Slash"],"picked":"SKIP","floor":28},{"not_picked":["Deadly Poison","Expertise","Underhanded Strike"],"picked":"SKIP","floor":30},{"not_picked":["After Image","Malaise"],"picked":"Night Terror","floor":33},{"not_picked":["Dagger Throw","Backstab"],"picked":"PiercingWail+1","floor":35},{"not_picked":["Bandage Up","Deep Breath"],"picked":"Dark Shackles","floor":36},{"not_picked":["Impatience","Bandage Up"],"picked":"Thinking Ahead","floor":36},{"not_picked":["Mind Blast","Swift Strike"],"picked":"Madness","floor":36},{"not_picked":["Flying Knee","Cloak And Dagger"],"picked":"Backflip","floor":37},{"not_picked":["Setup","Masterful Stab"],"picked":"Prepared+1","floor":42},{"not_picked":["Dagger Throw","Deflect+1"],"picked":"PiercingWail+1","floor":45},{"not_picked":["Deadly Poison","Malaise"],"picked":"Caltrops+1","floor":46},{"not_picked":["Dagger Throw+1","Prepared","Calculated Gamble"],"picked":"SKIP","floor":47},{"not_picked":["Bouncing Flask","Quick Slash","Dagger Spray","Blade Dance"],"picked":"SKIP","floor":48}],"player_experience":2399431,"relics_obtained":[{"floor":9.0,"key":"Omamori"},{"floor":11.0,"key":"Oddly Smooth Stone"},{"floor":23.0,"key":"Strawberry"},{"floor":25.0,"key":"MealTicket"},{"floor":26.0,"key":"InkBottle"},{"floor":47,"key":"Question Card"}],"event_choices":[{"damage_healed":0.0,"max_hp_gain":0.0,"max_hp_loss":0.0,"gold_gain":0.0,"event_name":"Scrap Ooze","player_choice":"Success","floor":2.0,"gold_loss":0.0,"damage_taken":5.0,"relics_obtained":["Mummified Hand"]},{"damage_healed":0.0,"max_hp_gain":0.0,"max_hp_loss":0.0,"gold_gain":0.0,"event_name":"Golden Idol","player_choice":"Take Wound","floor":12.0,"gold_loss":0.0,"damage_taken":0.0,"relics_obtained":["Golden Idol"],"cards_obtained":["Injury"]},{"cards_removed":["Strike_G"],"damage_healed":0.0,"max_hp_gain":0.0,"max_hp_loss":0.0,"gold_gain":0.0,"event_name":"Purifier","player_choice":"Purged","floor":13.0,"gold_loss":0.0,"damage_taken":0.0},{"damage_healed":0.0,"max_hp_gain":0.0,"max_hp_loss":0.0,"gold_gain":0.0,"event_name":"Addict","player_choice":"Obtained Relic","floor":21.0,"gold_loss":85.0,"damage_taken":0.0,"relics_obtained":["Pear"]},{"damage_healed":0,"gold_gain":0,"player_choice":"Ignored","damage_taken":0,"max_hp_gain":0,"max_hp_loss":0,"event_name":"Vampires","floor":31,"gold_loss":0},{"damage_healed":0,"gold_gain":0,"player_choice":"Memory 3","damage_taken":10,"max_hp_gain":0,"max_hp_loss":0,"event_name":"SensoryStone","floor":36,"gold_loss":0},{"damage_healed":0,"gold_gain":999,"player_choice":"Gold","damage_taken":0,"max_hp_gain":0,"max_hp_loss":0,"event_name":"MindBloom","floor":38,"gold_loss":0,"cards_obtained":["Normality","Normality"]},{"damage_healed":0,"gold_gain":0,"player_choice":"Max HP","damage_taken":0,"max_hp_gain":0,"max_hp_loss":4,"event_name":"Winding Halls","floor":39,"gold_loss":0},{"damage_healed":0,"gold_gain":333,"player_choice":"Gave Idol","damage_taken":0,"max_hp_gain":0,"max_hp_loss":0,"event_name":"The Moai Head","floor":44,"relics_lost":["Golden Idol"],"gold_loss":0}],"is_beta":false,"boss_relics":[{"not_picked":["Ring of the Serpent","HoveringKite"],"picked":"Coffee Dripper"},{"not_picked":["Black Star","Sozu"],"picked":"Pandora\u0027s Box"}],"items_purged_floors":[29,41],"is_endless":false,"potions_floor_spawned":[4,11,20,22,25,28,33,35,37,45],"killed_by":"Time Eater","ascension_level":20}}