{"host":"jwbw4f4imxd0v0b0","time":1608366058,"event":{"mods":["BaseMod","Colored Map","Highlight Path","Minty Spire (QoL Compilation)","Relic Stats","StSLib"],"gold_per_floor":[117,117,117,130,150,150,166,186,233,265,284,284,311,329,329,428,428,448,461,461,461,461,478,506,21,21,31,49,74,92,105,105,203,203,222,41,41,41,91,91,121,121,121,148,159,176,176,195,195,195,195,195,18,50,50],"floor_reached":56,"playtime":3394,"items_purged":["Pain"],"score":1391,"play_id":"ae9c1f6b-e317-4ee3-9264-c22bff2febdb","local_time":"20201219022058","is_ascension_mode":false,"campfire_choices":[{"data":"All Out Attack","floor":6.0,"key":"SMITH"},{"data":"Poisoned Stab","floor":12.0,"key":"SMITH"},{"data":"Cloak And Dagger","floor":15.0,"key":"SMITH"},{"floor":32,"key":"REST"},{"data":"1","floor":40,"key":"LIFT"},{"data":"2","floor":42,"key":"LIFT"},{"data":"3","floor":47,"key":"LIFT"},{"floor":49,"key":"RECALL"},{"data":"Footwork","floor":52,"key":"SMITH"}],"circlet_count":0,"master_deck":["Strike_G+1","Strike_G+1","Strike_G+1","Defend_G+1","Defend_G+1","Defend_G+1","Defend_G+1","Defend_G+1","Survivor","Neutralize","Accuracy","Venomology","Poisoned Stab+1","All Out Attack+1","Backflip","Deflect","Predator+1","Dagger Throw+1","Cloak And Dagger+1","After Image","PiercingWail","Ghostly","Ghostly","Ghostly","Ghostly","Ghostly","PiercingWail","Burst","Infinite Blades","Prepared+1","Accuracy","Blade Dance+1","Blade Dance","Storm of Steel","Footwork+1","Cloak And Dagger","Apotheosis","Discovery","Finisher+1","Caltrops+1","Parasite","Accuracy","Infinite Blades","Choke+1"],"relics":["Ring of the Snake","Art of War","Molten Egg 2","PreservedInsect","WristBlade","WarpedTongs","Singing Bowl","Membership Card","Ornamental Fan","Question Card","Red Mask","Busted Crown","HornCleat","Girya","Sundial","Ninja Scroll","InkBottle","Mummified Hand","Letter Opener"],"acts_visited":["Exordium","TheCity","TheBeyond","TheEnding"],"potions_floor_usage":[28,29,33,39,44,45,45,46,48,50,55,55],"damage_taken":[{"damage":0.0,"enemies":"Small Slimes","floor":1.0,"turns":4.0},{"damage":8.0,"enemies":"Jaw Worm","floor":4.0,"turns":9.0},{"damage":2.0,"enemies":"Cultist","floor":5.0,"turns":4.0},{"damage":3.0,"enemies":"Lots of Slimes","floor":7.0,"turns":4.0},{"damage":4.0,"enemies":"Red Slaver","floor":8.0,"turns":3.0},{"damage":18.0,"enemies":"Gremlin Nob","floor":10.0,"turns":5.0},{"damage":5.0,"enemies":"Looter","floor":11.0,"turns":3.0},{"damage":9.0,"enemies":"Lagavulin","floor":13.0,"turns":5.0},{"damage":0.0,"enemies":"Blue Slaver","floor":14.0,"turns":4.0},{"damage":0.0,"enemies":"Slime Boss","floor":16.0,"turns":7.0},{"damage":0.0,"enemies":"2 Thieves","floor":18.0,"turns":4.0},{"damage":9.0,"enemies":"Shell Parasite","floor":19.0,"turns":6.0},{"damage":22.0,"enemies":"Chosen and Byrds","floor":23.0,"turns":10.0},{"damage":1.0,"enemies":"Gremlin Leader","floor":24.0,"turns":3.0},{"damage":1,"enemies":"Snecko","floor":27,"turns":5},{"damage":2,"enemies":"Cultist and Chosen","floor":28,"turns":8},{"damage":0,"enemies":"Masked Bandits","floor":29,"turns":3},{"damage":0,"enemies":"Centurion and Healer","floor":30,"turns":5},{"damage":1,"enemies":"Snecko","floor":31,"turns":4},{"damage":13,"enemies":"Champ","floor":33,"turns":11},{"damage":1,"enemies":"Orb Walker","floor":35,"turns":3},{"damage":0,"enemies":"Mind Bloom Boss Battle","floor":39,"turns":2},{"damage":1,"enemies":"Giant Head","floor":41,"turns":6},{"damage":0,"enemies":"Nemesis","floor":44,"turns":4},{"damage":0,"enemies":"3 Darklings","floor":45,"turns":3},{"damage":0,"enemies":"Writhing Mass","floor":46,"turns":5},{"damage":0,"enemies":"Sphere and 2 Shapes","floor":48,"turns":3},{"damage":0,"enemies":"Awakened One","floor":50,"turns":10},{"damage":12,"enemies":"Shield and Spear","floor":54,"turns":6},{"damage":12,"enemies":"The Heart","floor":55,"turns":6}],"seed_played":"-8244262029618445403","potions_obtained":[{"floor":1.0,"key":"Swift Potion"},{"floor":5.0,"key":"Regen Potion"},{"floor":13.0,"key":"Dexterity Potion"},{"floor":16.0,"key":"SkillPotion"},{"floor":18.0,"key":"Strength Potion"},{"floor":29,"key":"EntropicBrew"},{"floor":44,"key":"PowerPotion"},{"floor":46,"key":"SkillPotion"}],"is_trial":false,"path_per_floor":["M","?","?","M","M","R","M","M","T","E","M","R","E","M","R","B",null,"M","M","?","?","?","M","E","$","T","M","M","?","M","M","R","B",null,"M","$","?","?","?","R","E","R","T","E","M","M","R","M","R","B",null,"R","$","E","B",null],"character_chosen":"THE_SILENT","items_purchased":["Membership Card","Infinite Blades","Ornamental Fan","Question Card","Footwork","HornCleat","Cloak And Dagger","Mummified Hand","Infinite Blades","Choke+1"],"campfire_rested":1,"item_purchase_floors":[25,25,25,25,36,36,36,53,53,53],"current_hp_per_floor":[77,77,77,69,67,67,64,72,72,54,49,49,40,40,40,40,77,77,68,38,38,38,16,15,15,15,14,12,12,12,13,25,12,40,41,41,33,33,35,35,34,34,34,34,36,38,38,38,38,38,50,50,50,40,28],"gold":50,"neow_bonus":"TEN_PERCENT_HP_BONUS","is_daily":false,"chose_seed":false,"campfire_upgraded":4,"win_rate":0.0,"timestamp":1608366058,"path_taken":["M","?","?","M","M","R","?","?","T","E","M","R","E","M","R","BOSS","M","M","?","?","?","M","E","$","T","M","?","?","M","M","R","BOSS","M","$","?","?","?","R","E","R","T","E","M","M","R","M","R","BOSS","R","$","E","BOSS"],"items_purchased_type":["Relic","Card","Relic","Relic","Card","Relic","Card","Relic","Card","Card"],"build_version":"2020-12-13","purchased_purges":1,"victory":true,"max_hp_per_floor":[77,77,77,77,77,77,77,77,77,77,77,77,77,77,77,77,77,77,77,38,38,38,38,38,38,38,38,38,38,38,40,40,40,40,42,42,44,44,46,46,46,46,46,46,48,50,50,50,50,50,50,50,50,52,52],"relic_stats":{"Singing Bowl":14,"counters":[30,155],"PreservedInsect":285,"Letter Opener":[20],"Question Card":17,"WarpedTongs":[87],"Busted Crown":22,"Ornamental Fan":[256],"Sundial":[0],"Mummified Hand":[9],"Art of War":[2],"obtain_stats":[{"Girya":39,"Singing Bowl":24,"PreservedInsect":13,"Letter Opener":54,"Question Card":25,"WarpedTongs":22,"Busted Crown":34,"HornCleat":36,"WristBlade":17,"Ornamental Fan":25,"Sundial":41,"Ninja Scroll":43,"Mummified Hand":53,"Molten Egg 2":10,"Art of War":9,"Red Mask":29,"Membership Card":25,"InkBottle":44,"Ring of the Snake":0},{"Girya":22,"Singing Bowl":14,"PreservedInsect":8,"Letter Opener":29,"Question Card":14,"WarpedTongs":12,"Busted Crown":20,"HornCleat":21,"WristBlade":10,"Ornamental Fan":14,"Sundial":23,"Ninja Scroll":23,"Mummified Hand":28,"Molten Egg 2":6,"Art of War":5,"Red Mask":17,"Membership Card":14,"InkBottle":24,"Ring of the Snake":0},{"Girya":112,"Singing Bowl":71,"PreservedInsect":37,"Letter Opener":149,"Question Card":71,"WarpedTongs":58,"Busted Crown":107,"HornCleat":110,"WristBlade":48,"Ornamental Fan":71,"Sundial":118,"Ninja Scroll":118,"Mummified Hand":143,"Molten Egg 2":29,"Art of War":24,"Red Mask":87,"Membership Card":71,"InkBottle":122,"Ring of the Snake":0}],"InkBottle":[24],"Ring of the Snake":[60]},"card_choices":[{"not_picked":["Concentrate","Backstab"],"picked":"Accuracy","floor":1.0},{"not_picked":["Dodge and Roll","Slice"],"picked":"Poisoned Stab","floor":4.0},{"not_picked":["Flying Knee","Dagger Throw"],"picked":"All Out Attack","floor":5.0},{"not_picked":["Underhanded Strike","Quick Slash"],"picked":"Backflip","floor":7.0},{"not_picked":["Flying Knee","Distraction"],"picked":"Deflect","floor":8.0},{"not_picked":["Deflect","Dodge and Roll"],"picked":"Predator+1","floor":10.0},{"not_picked":["Deflect","Predator+1"],"picked":"Dagger Throw+1","floor":11.0},{"not_picked":["Poisoned Stab+1","Unload+1","All Out Attack+1"],"picked":"SKIP","floor":13.0},{"not_picked":["Predator+1","Dagger Spray+1"],"picked":"Cloak And Dagger","floor":14.0},{"not_picked":["Tools of the Trade","Grand Finale+1"],"picked":"After Image","floor":16.0},{"not_picked":["Riddle With Holes+1","Bane+1"],"picked":"PiercingWail","floor":18.0},{"not_picked":["Slice+1","Caltrops"],"picked":"Backstab+1","floor":19.0},{"not_picked":["Cloak And Dagger","Poisoned Stab+1"],"picked":"PiercingWail","floor":23.0},{"not_picked":["Flying Knee+1","Sucker Punch+1"],"picked":"Burst","floor":24.0},{"not_picked":["Slice+1","PiercingWail","Outmaneuver"],"picked":"Prepared+1","floor":27},{"not_picked":["Acrobatics","Endless Agony+1","Underhanded Strike+1"],"picked":"Accuracy","floor":28},{"not_picked":["Footwork","Slice+1","Dagger Throw+1"],"picked":"Blade Dance+1","floor":29},{"not_picked":["Underhanded Strike+1","Quick Slash+1","Poisoned Stab+1"],"picked":"Blade Dance","floor":30},{"not_picked":["Backflip","Predator+1","Underhanded Strike+1","Masterful Stab+1"],"picked":"Singing Bowl","floor":31},{"not_picked":["Die Die Die+1","Glass Knife+1","Venomology"],"picked":"Storm of Steel","floor":33},{"not_picked":["Underhanded Strike+1","Distraction+1"],"picked":"Singing Bowl","floor":35},{"not_picked":["Madness","Finesse"],"picked":"Singing Bowl","floor":37},{"not_picked":["Trip"],"picked":"Apotheosis","floor":37},{"not_picked":["Swift Strike+1"],"picked":"Discovery","floor":37},{"not_picked":["Deadly Poison","Dagger Throw+1"],"picked":"Singing Bowl","floor":39},{"not_picked":["Masterful Stab+1"],"picked":"Finisher+1","floor":41},{"not_picked":["Crippling Poison"],"picked":"Caltrops+1","floor":44},{"not_picked":["Slice+1","Prepared+1"],"picked":"Singing Bowl","floor":45},{"not_picked":["Calculated Gamble+1","Quick Slash+1"],"picked":"Singing Bowl","floor":46},{"not_picked":["Sucker Punch+1"],"picked":"Accuracy","floor":48},{"not_picked":["Quick Slash+1","Die Die Die+1"],"picked":"Singing Bowl","floor":54}],"player_experience":937140,"relics_obtained":[{"floor":9.0,"key":"Art of War"},{"floor":10.0,"key":"Molten Egg 2"},{"floor":13.0,"key":"PreservedInsect"},{"floor":24.0,"key":"Singing Bowl"},{"floor":29,"key":"Red Mask"},{"floor":39,"key":"Girya"},{"floor":41,"key":"Sundial"},{"floor":43,"key":"Ninja Scroll"},{"floor":44,"key":"InkBottle"},{"floor":54,"key":"Letter Opener"}],"event_choices":[{"damage_healed":0.0,"max_hp_gain":0.0,"max_hp_loss":0.0,"gold_gain":0.0,"cards_transformed":["Strike_G"],"event_name":"Living Wall","player_choice":"Change","floor":2.0,"gold_loss":0.0,"damage_taken":0.0,"cards_obtained":["Venomology"]},{"cards_removed":["Strike_G"],"damage_healed":0.0,"max_hp_gain":0.0,"max_hp_loss":0.0,"gold_gain":0.0,"event_name":"Wheel of Change","player_choice":"Card Removal","floor":3.0,"gold_loss":0.0,"damage_taken":0.0},{"damage_healed":0.0,"max_hp_gain":0.0,"max_hp_loss":39.0,"gold_gain":0.0,"event_name":"Ghosts","player_choice":"Became a Ghost","floor":20.0,"gold_loss":0.0,"damage_taken":0.0,"cards_obtained":["Ghostly","Ghostly","Ghostly","Ghostly","Ghostly"]},{"damage_healed":0.0,"max_hp_gain":0.0,"max_hp_loss":0.0,"gold_gain":0.0,"event_name":"Back to Basics","player_choice":"Simplicity","floor":21.0,"gold_loss":0.0,"damage_taken":0.0,"cards_upgraded":["Strike_G","Strike_G","Strike_G","Defend_G","Defend_G","Defend_G","Defend_G","Defend_G"]},{"damage_healed":0.0,"max_hp_gain":0.0,"max_hp_loss":0.0,"gold_gain":0.0,"event_name":"Accursed Blacksmith","player_choice":"Rummage","floor":22.0,"gold_loss":0.0,"damage_taken":0.0,"relics_obtained":["WarpedTongs"],"cards_obtained":["Pain"]},{"damage_healed":0,"gold_gain":0,"player_choice":"Fought Bandits","damage_taken":0,"max_hp_gain":0,"max_hp_loss":0,"event_name":"Masked Bandits","floor":29,"gold_loss":0},{"damage_healed":0,"gold_gain":0,"player_choice":"Memory 3","damage_taken":10,"max_hp_gain":0,"max_hp_loss":0,"event_name":"SensoryStone","floor":37,"gold_loss":0},{"cards_removed":["Backstab"],"damage_healed":0,"gold_gain":0,"player_choice":"Removed Attack","damage_taken":0,"max_hp_gain":0,"max_hp_loss":0,"event_name":"Falling","floor":38,"gold_loss":0},{"damage_healed":0,"gold_gain":0,"player_choice":"Fight","damage_taken":0,"max_hp_gain":0,"max_hp_loss":0,"event_name":"MindBloom","floor":39,"gold_loss":0}],"is_beta":false,"boss_relics":[{"not_picked":["Empty Cage","Black Star"],"picked":"WristBlade"},{"not_picked":["Pandora\u0027s Box","SacredBark"],"picked":"Busted Crown"}],"items_purged_floors":[25],"is_endless":false,"potions_floor_spawned":[1,5,7,13,16,18,27,28,29,30,44,46,48,54],"ascension_level":0}}