{"host":"s1gi8xs3so6zkrm7","time":1608346156,"event":{"mods":["BaseMod","Filter the Spire","Minty Spire (QoL Compilation)"],"gold_per_floor":[115,45,61,61,77,111,111,145,145,145,157,157,170,5,5,106,106,118,151,111,127,140,140,159,188,233,233,266,266,266],"floor_reached":29,"playtime":1301,"items_purged":["Strike_R"],"score":353,"play_id":"c4c71204-2ba9-4904-9baf-6aa7bd4c36ec","local_time":"20201218204916","is_ascension_mode":true,"campfire_choices":[{"data":"Blood for Blood","floor":7.0,"key":"SMITH"},{"floor":10.0,"key":"REST"},{"floor":12.0,"key":"REST"},{"data":"Juggernaut","floor":15.0,"key":"SMITH"},{"floor":23.0,"key":"REST"},{"floor":27.0,"key":"REST"}],"circlet_count":0,"master_deck":["Strike_R","Strike_R","Strike_R","Strike_R","Defend_R","Defend_R","Defend_R","Defend_R","Bash","Blood for Blood+1","Combust+1","Feed","Thunderclap","Juggernaut+1","Good Instincts","Berserk","Flame Barrier","Blood for Blood","Sentinel+1","Dropkick+1"],"relics":["Busted Crown","Happy Flower","Pocketwatch","Letter Opener","Sozu","Red Mask","Molten Egg 2","Dream Catcher","Kunai"],"acts_visited":["Exordium","TheCity"],"potions_floor_usage":[],"damage_taken":[{"damage":2.0,"enemies":"Small Slimes","floor":1.0,"turns":5.0},{"damage":6.0,"enemies":"Cultist","floor":3.0,"turns":3.0},{"damage":2.0,"enemies":"Jaw Worm","floor":5.0,"turns":2.0},{"damage":21.0,"enemies":"Gremlin Nob","floor":6.0,"turns":4.0},{"damage":27.0,"enemies":"Lagavulin","floor":8.0,"turns":4.0},{"damage":18.0,"enemies":"Large Slime","floor":11.0,"turns":2.0},{"damage":1.0,"enemies":"Exordium Thugs","floor":13.0,"turns":3.0},{"damage":29.0,"enemies":"Hexaghost","floor":16.0,"turns":6.0},{"damage":19.0,"enemies":"2 Thieves","floor":18.0,"turns":4.0},{"damage":36.0,"enemies":"Masked Bandits","floor":19.0,"turns":4.0},{"damage":4.0,"enemies":"Chosen","floor":21.0,"turns":2.0},{"damage":17.0,"enemies":"Snecko","floor":22.0,"turns":3.0},{"damage":12.0,"enemies":"Snake Plant","floor":24.0,"turns":2.0},{"damage":17.0,"enemies":"Gremlin Leader","floor":25.0,"turns":4.0},{"damage":23.0,"enemies":"Book of Stabbing","floor":28.0,"turns":4.0},{"damage":21,"enemies":"Sentry and Sphere","floor":29,"turns":4}],"seed_played":"3281146912023958116","potions_obtained":[{"floor":1.0,"key":"Explosive Potion"},{"floor":3.0,"key":"Fire Potion"},{"floor":8.0,"key":"Explosive Potion"}],"is_trial":false,"path_per_floor":["M","$","M","?","M","E","R","E","T","R","M","R","M","$","R","B",null,"M","?","?","M","M","R","M","E","T","R","E","M"],"character_chosen":"IRONCLAD","items_purchased":["Combust","Good Instincts"],"campfire_rested":4,"item_purchase_floors":[2,14],"current_hp_per_floor":[78,78,72,72,70,49,49,22,22,46,28,52,51,51,51,25,83,67,34,34,33,16,43,31,14,14,41,18,0,0],"gold":266,"neow_bonus":"BOSS_RELIC","is_daily":false,"chose_seed":false,"campfire_upgraded":2,"win_rate":0.0,"timestamp":1608346156,"path_taken":["M","$","M","?","?","E","R","E","T","R","M","R","M","$","R","BOSS","M","?","?","M","M","R","M","E","T","R","E","M"],"items_purchased_type":["Card","Card"],"build_version":"2020-12-13","purchased_purges":1,"victory":false,"max_hp_per_floor":[80,80,80,80,80,80,80,80,80,80,80,80,80,80,80,83,83,86,89,89,92,92,92,92,92,92,92,92,95,95],"card_choices":[{"not_picked":[],"picked":"Blood for Blood","floor":1.0},{"not_picked":["Sever Soul"],"picked":"SKIP","floor":3.0},{"not_picked":["Reckless Charge"],"picked":"SKIP","floor":5.0},{"not_picked":[],"picked":"Juggernaut","floor":6.0},{"not_picked":["Wild Strike"],"picked":"SKIP","floor":8.0},{"not_picked":["Fire Breathing"],"picked":"SKIP","floor":11.0},{"not_picked":["Spot Weakness"],"picked":"SKIP","floor":13.0},{"not_picked":[],"picked":"Berserk","floor":16.0},{"not_picked":["Wild Strike"],"picked":"SKIP","floor":18.0},{"not_picked":["Ghostly Armor+1"],"picked":"SKIP","floor":21.0},{"not_picked":[],"picked":"Flame Barrier","floor":22.0},{"not_picked":[],"picked":"Blood for Blood","floor":24.0},{"not_picked":[],"picked":"Sentinel+1","floor":25.0},{"not_picked":[],"picked":"Dropkick+1","floor":27.0},{"not_picked":["Fire Breathing"],"picked":"SKIP","floor":28.0}],"player_experience":164500,"relics_obtained":[{"floor":6.0,"key":"Happy Flower"},{"floor":8.0,"key":"Pocketwatch"},{"floor":9.0,"key":"Letter Opener"},{"floor":19.0,"key":"Red Mask"},{"floor":25.0,"key":"Molten Egg 2"},{"floor":26.0,"key":"Dream Catcher"},{"floor":28.0,"key":"Kunai"}],"event_choices":[{"damage_healed":0.0,"max_hp_gain":0.0,"max_hp_loss":0.0,"gold_gain":0.0,"event_name":"Match and Keep!","player_choice":"2 cards matched","floor":4.0,"gold_loss":0.0,"damage_taken":0.0,"cards_obtained":["Feed","Thunderclap"]},{"damage_healed":0.0,"max_hp_gain":0.0,"max_hp_loss":0.0,"gold_gain":0.0,"event_name":"Masked Bandits","player_choice":"Fought Bandits","floor":19.0,"gold_loss":0.0,"damage_taken":0.0},{"damage_healed":0.0,"max_hp_gain":0.0,"max_hp_loss":0.0,"gold_gain":0.0,"event_name":"Designer","player_choice":"Upgrade","floor":20.0,"gold_loss":40.0,"damage_taken":0.0,"cards_upgraded":["Combust"]}],"is_beta":false,"boss_relics":[{"not_picked":["Black Star","SlaversCollar"],"picked":"Sozu"}],"items_purged_floors":[14],"is_endless":false,"potions_floor_spawned":[1,3,8,13,18,25],"killed_by":"Sentry and Sphere","ascension_level":4}}