{"host":"fhq3k2nq5elnbks3","time":1608379009,"event":{"mods":["2.2 Compatiblity","AchievementEnabler","Act Like it!","AlwaysNeverKeys","Astrologer","Bartender","BaseMod","Better Altar","Better Skull","Better Vampires","Better-Laid Plans","Block Reminder","CapriCore","Card Filter","CatGirl Mod","Chen","Colored Powertips","Displayed Cursed Tome","Ekko","Eldritch Tears","Fiend Mod","Fireblade Mod","Friendly Minions","FutureSeer","Gensokyo","GifTheSpireLib","Gremlin Skip","Hermit","Hunter ??","JesterMod","Koishi","Minty Spire (QoL Compilation)","Onozuka Komachi Mod","Permanent Neow","QueenMod","Quick Restart","Relic Filter","Robot Space Explorer","Ruin Mod","Shop Mod","StSLib","SuperFastMode","The Administrix","The Blackbeard","The Cursed","The Fake Hero","The Forsaken","The Necromancer","The Trickster","TheFirefly","Transform Curses","Uncapped","Unknown Chances","Wandering Minibosses"],"gold_per_floor":[114,126,156,156],"floor_reached":3,"playtime":426,"items_purged":[],"score":29,"play_id":"ae331c58-1f83-4db1-af8a-8a11154927de","local_time":"20201219055649","is_ascension_mode":false,"campfire_choices":[],"circlet_count":0,"master_deck":["Strike_Bartender","Strike_Bartender","Strike_Bartender","Strike_Bartender","Defend_Bartender","Defend_Bartender","Defend_Bartender","Defend_Bartender","Somersault","Free_Pour"],"relics":["Sneakers","Omamori"],"acts_visited":["Gensokyo:Gensokyo"],"potions_floor_usage":[],"damage_taken":[{"damage":3,"enemies":"Gensokyo:2_Kodama","floor":1,"turns":6},{"damage":0,"enemies":"Gensokyo:Python","floor":2,"turns":4},{"damage":43,"enemies":"Gensokyo:Aya","floor":3,"turns":8}],"seed_played":"-6641744653663876389","potions_obtained":[{"floor":3,"key":"BlessingOfTheForge"}],"is_trial":false,"path_per_floor":["M","M","?"],"character_chosen":"BARTENDER","items_purchased":[],"campfire_rested":0,"item_purchase_floors":[],"current_hp_per_floor":[74,74,31,31],"gold":156,"neow_bonus":"TEN_PERCENT_HP_BONUS","is_daily":false,"chose_seed":false,"campfire_upgraded":0,"win_rate":0.0,"timestamp":1608379009,"path_taken":["M","M","?"],"items_purchased_type":[],"build_version":"2020-12-13","purchased_purges":0,"victory":false,"max_hp_per_floor":[77,77,77,77],"card_choices":[{"not_picked":["Press_Forward","Mirage","Power_Up_Punch"],"picked":"SKIP","floor":1},{"not_picked":["Pony_Shot","Snap_Punch"],"picked":"Free_Pour","floor":2},{"not_picked":["Scoop","Dragonkick","Moonsault_Kick"],"picked":"SKIP","floor":3}],"player_experience":244488,"relics_obtained":[{"floor":3,"key":"Omamori"}],"event_choices":[],"is_beta":false,"boss_relics":[],"items_purged_floors":[],"is_endless":false,"potions_floor_spawned":[3],"killed_by":"Gensokyo:Aya","ascension_level":0}}