{"host":"e1ezmaebp4k769tb","time":1608378601,"event":{"mods":["2.2 Compatiblity","AchievementEnabler","AlwaysNeverKeys","BaseMod","CapriCore","Card Filter","Colored Powertips","Curses Come First","DeckTracker","Friendly Minions","Hermit","Highlight Path","Keyboard Shortcuts","Minty Spire (QoL Compilation)","Permanent Neow","Quick Restart","Red Circlet Mod","Relic Filter","Replay The Spire","StSLib","WarShipGirlsR/??á´Ò³R mod"],"gold_per_floor":[112,187,197,215,165,193,193,219,270,302,302,382,382,37,37,137,137,157,170,23,38,57,84,98,98,174,99,99,99,131,149,162,194,194,291,291,307,307,356,372,82,109,109,134,182,182,82,0,34,47,47,47,47,47,47,80,80,80],"floor_reached":57,"playtime":3422,"items_purged":["Delirium","Normality"],"score":1540,"play_id":"f1389ae0-18e4-45a0-847b-6271319d18e3","local_time":"20201219205001","is_ascension_mode":true,"campfire_choices":[{"floor":7,"key":"REST"},{"data":"rmod:diamondstrike","floor":11,"key":"SMITH"},{"data":"rmod:diamondstrike","floor":15,"key":"SMITH"},{"floor":25,"key":"REST"},{"data":"rmod:maintain","floor":34,"key":"SMITH"},{"data":"Master of Strategy","floor":43,"key":"SMITH"},{"data":"rmod:openingtorpedo","floor":43,"key":"SMITH"},{"data":"rmod:wife","floor":46,"key":"SMITH"},{"data":"rmod:chargemoney","floor":46,"key":"SMITH"},{"floor":51,"key":"REST"},{"data":"rmod:basicallowance","floor":54,"key":"SMITH"},{"data":"rmod:lastglory","floor":54,"key":"SMITH"}],"circlet_count":0,"master_deck":["AscendersBane","rmod:strick","rmod:strick","rmod:strick+1","rmod:defend","rmod:defend","rmod:defend","rmod:defend","rmod:basicallowance+1","rmod:maingunfire+1","rmod:chargemoney+1","rmod:maintain+1","rmod:firesupport","rmod:diamondstrike+1","rmod:diamondstrike+1","rmod:supportescort","rmod:goodfighter","rmod:overbreakdown","rmod:desperatesituation","rmod:tearstotiara","rmod:unsinkable","rmod:smokecover+1","rmod:punchline+1","rmod:diaomin+1","rmod:wife+1","rmod:lastglory+1","Flash of Steel","Master of Strategy+1","rmod:openingtorpedo+1","rmod:ammunitionsupply+1"],"relics":["rmod:firstchargereward","Pondfish Scales","Toy Ornithopter","Orichalcum","Whetstone","Lantern","Pet Ghost","Cursed Key","Happy Flower","Ice Cream","Singing Bowl","Quantum Egg","Replay:Bottled Snecko","Runic Dome","CaptainsWheel","Replay:Arrowhead","Pocketwatch","rmod:extraamm","Replay:Wax Seal","Red Mask","ReplayTheSpireMod:TigerMarble","Replay:Mystery Machine"],"acts_visited":["Exordium","TheCity","TheBeyond","TheEnding"],"potions_floor_usage":[4,8,13,16,23,23,30,35,39,52,57],"damage_taken":[{"damage":0,"enemies":"2 Louse","floor":1,"turns":3},{"damage":3,"enemies":"Jaw Worm","floor":3,"turns":3},{"damage":6,"enemies":"Small Slimes","floor":4,"turns":2},{"damage":24,"enemies":"Gremlin Nob","floor":6,"turns":4},{"damage":0,"enemies":"Lagavulin","floor":8,"turns":5},{"damage":15,"enemies":"3 Sentries","floor":10,"turns":5},{"damage":0,"enemies":"3 Louse","floor":13,"turns":1},{"damage":4,"enemies":"The Guardian","floor":16,"turns":7},{"damage":0,"enemies":"Chosen","floor":18,"turns":4},{"damage":14,"enemies":"3 Byrds","floor":19,"turns":5},{"damage":17,"enemies":"Snake Plant","floor":21,"turns":4},{"damage":30,"enemies":"Cultist and Chosen","floor":22,"turns":7},{"damage":0,"enemies":"Book of Stabbing","floor":23,"turns":5},{"damage":1,"enemies":"Centurion and Healer","floor":24,"turns":5},{"damage":0,"enemies":"Replay:Snechameleon","floor":30,"turns":2},{"damage":5,"enemies":"Snecko","floor":31,"turns":3},{"damage":0,"enemies":"Cultist and Chosen","floor":32,"turns":7},{"damage":0,"enemies":"Slavers","floor":33,"turns":4},{"damage":0,"enemies":"Champ","floor":35,"turns":7},{"damage":0,"enemies":"Orb Walker","floor":37,"turns":2},{"damage":4,"enemies":"2 Orb Walkers","floor":39,"turns":2},{"damage":8,"enemies":"3 Shapes","floor":40,"turns":4},{"damage":19,"enemies":"Nemesis","floor":42,"turns":7},{"damage":9,"enemies":"Giant Head","floor":44,"turns":4},{"damage":15,"enemies":"Nemesis","floor":49,"turns":3},{"damage":21,"enemies":"Writhing Mass","floor":50,"turns":4},{"damage":0,"enemies":"Donu and Deca","floor":52,"turns":7},{"damage":24,"enemies":"Shield and Spear","floor":56,"turns":7},{"damage":63,"enemies":"The Heart","floor":57,"turns":5}],"seed_played":"-4521927247956028932","potions_obtained":[{"floor":1,"key":"Fire Potion"},{"floor":3,"key":"Reflective Coating"},{"floor":8,"key":"Weak Potion"},{"floor":10,"key":"SmokeBomb"},{"floor":18,"key":"SpeedPotion"},{"floor":21,"key":"Weak Potion"},{"floor":24,"key":"DistilledChaos"},{"floor":30,"key":"Weak Potion"},{"floor":31,"key":"Weak Potion"},{"floor":37,"key":"SmokeBomb"},{"floor":40,"key":"Strength Potion"},{"floor":50,"key":"FearPotion"}],"is_trial":false,"path_per_floor":["M","?","M","M","?","E","R","E","T","E","R","?","M","$","R","B",null,"M","M","$","M","M","E","M","R","T","?","PTL","PTL","E","M","M","E","R","B",null,"M","?","?","M","$","E","R","E","T","R","$","?","E","M","R","B",null,"R","$","E","B"],"character_chosen":"PRAEFECT","items_purchased":["rmod:goodfighter","rmod:overbreakdown","Pet Ghost","Happy Flower","Replay:Arrowhead"],"campfire_rested":3,"item_purchase_floors":[14,14,14,20,41],"current_hp_per_floor":[50,39,36,30,30,6,28,33,33,18,18,18,23,23,23,24,62,62,48,48,31,1,11,10,32,32,32,32,32,37,34,36,36,36,41,70,72,64,67,59,59,42,42,35,35,35,35,35,22,3,30,35,79,79,79,55,0,0],"gold":80,"neow_bonus":"ONE_RARE_RELIC","is_daily":false,"chose_seed":false,"campfire_upgraded":9,"win_rate":0.0,"timestamp":1608378601,"path_taken":["M","?","M","M","?","E","R","E","T","E","R","?","M","$","R","BOSS","M","M","$","M","M","E","M","R","T","?","PTL","PTL","E","M","M","E","R","BOSS","M","?","?","M","$","E","R","E","T","R","?","?","E","?","R","BOSS","R","$","E","BOSS"],"items_purchased_type":["Card","Card","Relic","Relic","Relic"],"build_version":"2020-12-13","purchased_purges":2,"victory":false,"max_hp_per_floor":[75,75,75,75,75,75,75,75,75,75,75,75,75,75,75,75,75,75,75,75,75,75,75,75,75,75,75,75,75,75,77,79,79,79,79,79,81,83,85,85,85,87,87,89,89,89,89,89,91,93,93,93,93,93,93,93,93,93],"card_choices":[{"not_picked":["rmod:openingtorpedo","rmod:tearstotiara"],"picked":"rmod:chargemoney","floor":1},{"not_picked":["rmod:unsinkable","rmod:luckystar"],"picked":"rmod:maintain","floor":3},{"not_picked":["rmod:garrisonisland","rmod:highspeedshooting"],"picked":"rmod:firesupport","floor":4},{"not_picked":["rmod:intelligenceanalysis","rmod:lonelyqueen"],"picked":"rmod:diamondstrike","floor":6},{"not_picked":["rmod:capitalist","rmod:intelligenceanalysis"],"picked":"rmod:diamondstrike","floor":8},{"not_picked":["rmod:unsinkable","rmod:timeschanged"],"picked":"rmod:supportescort","floor":10},{"not_picked":["rmod:timeschanged","rmod:secretscript"],"picked":"rmod:desperatesituation","floor":16},{"not_picked":["rmod:firesupport","rmod:fletcherpendant"],"picked":"rmod:tearstotiara","floor":18},{"not_picked":["rmod:punchline+1","rmod:chargemoney"],"picked":"rmod:unsinkable","floor":19},{"not_picked":["rmod:aluminumsupply","rmod:diamondstrike","rmod:firesupport+1"],"picked":"SKIP","floor":21},{"not_picked":["rmod:robin","rmod:circuitoustactics"],"picked":"rmod:smokecover+1","floor":22},{"not_picked":["rmod:aluminumsupply+1","rmod:fletcherpendant"],"picked":"rmod:punchline+1","floor":23},{"not_picked":["rmod:tearstotiara","rmod:victimresponsibility","rmod:aviationdawn+1"],"picked":"SKIP","floor":24},{"not_picked":["rmod:intelligenceanalysis","rmod:tearstotiara+1"],"picked":"rmod:diaomin+1","floor":30},{"not_picked":["rmod:diamondstrike","rmod:fletcher","rmod:luckystar"],"picked":"Singing Bowl","floor":31},{"not_picked":["rmod:guardianhero+1","rmod:circuitoustactics","rmod:ammunitionsupply"],"picked":"Singing Bowl","floor":32},{"not_picked":["rmod:firesupport","rmod:diamondstrike"],"picked":"rmod:wife","floor":33},{"not_picked":["rmod:stealaluminum","rmod:ridicule"],"picked":"rmod:lastglory","floor":35},{"not_picked":["rmod:fuelsupply","rmod:tearstotiara+1","rmod:slowdown"],"picked":"Singing Bowl","floor":37},{"not_picked":["Bandage Up","ReplayTheSpireMod:Necrogeddon"],"picked":"Flash of Steel","floor":38},{"not_picked":["ReplayTheSpireMod:Private Reserves","Jack Of All Trades","Mind Blast"],"picked":"Singing Bowl","floor":38},{"not_picked":["Mind Blast","PanicButton"],"picked":"Master of Strategy","floor":38},{"not_picked":["rmod:circuitoustactics+1","rmod:supportescort","rmod:steelsupply+1"],"picked":"Singing Bowl","floor":39},{"not_picked":["rmod:circuitoustactics+1","rmod:supportescort"],"picked":"rmod:openingtorpedo","floor":40},{"not_picked":["rmod:lonelyqueen+1","rmod:heivgo+1","rmod:fletcherpendant+1"],"picked":"Singing Bowl","floor":42},{"not_picked":["rmod:fuelsupply+1","rmod:mineteam","rmod:expeditionaryescort"],"picked":"Singing Bowl","floor":44},{"not_picked":["rmod:goodfighter+1","rmod:combined+1","rmod:highspeedshooting"],"picked":"Singing Bowl","floor":49},{"not_picked":["rmod:spoils","rmod:supportaircraftcarrier","rmod:highspeedshooting"],"picked":"Singing Bowl","floor":50},{"not_picked":["rmod:diamondstrike","rmod:aggressivemary"],"picked":"rmod:ammunitionsupply+1","floor":56}],"player_experience":108094,"relics_obtained":[{"floor":6,"key":"Toy Ornithopter"},{"floor":8,"key":"Orichalcum"},{"floor":9,"key":"Whetstone"},{"floor":10,"key":"Lantern"},{"floor":23,"key":"Ice Cream"},{"floor":26,"key":"Singing Bowl"},{"floor":30,"key":"Quantum Egg"},{"floor":33,"key":"Replay:Bottled Snecko"},{"floor":39,"key":"CaptainsWheel"},{"floor":42,"key":"Pocketwatch"},{"floor":44,"key":"rmod:extraamm"},{"floor":45,"key":"Replay:Wax Seal"},{"floor":49,"key":"ReplayTheSpireMod:TigerMarble"},{"floor":56,"key":"Replay:Mystery Machine"}],"event_choices":[{"damage_healed":0,"gold_gain":75,"player_choice":"Gather Gold","damage_taken":11,"max_hp_gain":0,"max_hp_loss":0,"event_name":"World of Goop","floor":2,"gold_loss":0},{"cards_removed":["rmod:strick"],"damage_healed":0,"gold_gain":0,"player_choice":"Card Removal","damage_taken":0,"max_hp_gain":0,"max_hp_loss":0,"event_name":"The Cleric","floor":5,"gold_loss":50},{"cards_removed":["ReplayTheSpireMod:Doomed"],"damage_healed":0,"gold_gain":0,"player_choice":"Gave Gold","damage_taken":0,"max_hp_gain":0,"max_hp_loss":0,"event_name":"Beggar","floor":27,"gold_loss":75},{"damage_healed":0,"gold_gain":0,"player_choice":"Memory 3","damage_taken":10,"max_hp_gain":0,"max_hp_loss":0,"event_name":"SensoryStone","floor":38,"gold_loss":0},{"damage_healed":0,"gold_gain":0,"player_choice":"Fight","damage_taken":0,"max_hp_gain":0,"max_hp_loss":0,"event_name":"Mysterious Sphere","floor":39,"gold_loss":0},{"damage_healed":0,"gold_gain":0,"player_choice":"Paid","damage_taken":0,"relics_obtained":["Red Mask"],"max_hp_gain":0,"max_hp_loss":0,"event_name":"Tomb of Lord Red Mask","floor":48,"gold_loss":82}],"is_beta":false,"boss_relics":[{"not_picked":["Replay:Ancient Bell","Painkiller Herb"],"picked":"Cursed Key"},{"not_picked":["Calling Bell","Replay:Bronze Core"],"picked":"Runic Dome"}],"items_purged_floors":[14,47],"is_endless":false,"potions_floor_spawned":[1,3,8,10,13,18,21,24,30,31,37,40,50],"killed_by":"The Heart","ascension_level":10}}