{"host":"5aufeegtpfnkrr1z","time":1608410684,"event":{"mods":["BaseMod","Googly Eyes","Highlight Path","Minty Spire (QoL Compilation)","Rare Cards Sparkle","StSLib","everything is the same but u backflip on backflip"],"gold_per_floor":[115,1,15,15,90,90,122,140,195,195,97,132,307,334,334,432,432,451,461,361,361,361,361,361,381,458,458,383,400,414,92,92,194,244,263,263,263,313,74,74,91,91,91,103,117,117,133,133,133,133],"floor_reached":51,"playtime":6343,"items_purged":["Strike_P","Doubt"],"score":782,"play_id":"6283c252-e0de-40af-924b-cf3981c8a072","local_time":"20201219204444","is_ascension_mode":true,"campfire_choices":[{"data":"Wallop","floor":6,"key":"SMITH"},{"data":"Eruption","floor":10,"key":"SMITH"},{"data":"ForeignInfluence","floor":15,"key":"SMITH"},{"data":"LessonLearned","floor":23,"key":"SMITH"},{"data":"SpiritShield","floor":27,"key":"SMITH"},{"data":"Omniscience","floor":32,"key":"SMITH"},{"data":"Alpha","floor":40,"key":"SMITH"},{"data":"Adaptation","floor":46,"key":"SMITH"},{"data":"Panacea","floor":49,"key":"SMITH"}],"circlet_count":0,"master_deck":["Strike_P+1","Defend_P","Defend_P+1","Defend_P+1","Defend_P+1","Eruption+1","Vigilance+1","Halt","Wallop+1","CutThroughFate+1","Panacea+1","ForeignInfluence+1","SpiritShield+1","LessonLearned+1","Vengeance+1","Halt+1","WindmillStrike+1","Omniscience+1","Adaptation+1","Alpha+1","InnerPeace+1"],"relics":["PureWater","NeowsBlessing","Art of War","Akabeko","Pantograph","Juzu Bracelet","Coffee Dripper","MutagenicStrength","Darkstone Periapt","Bird Faced Urn","Tiny House","Mango","Kunai","Lizard Tail"],"acts_visited":["Exordium","TheCity","TheBeyond"],"potions_floor_usage":[12,14,14,19,33,33,35,41,44,50,50],"damage_taken":[{"damage":0,"enemies":"2 Louse","floor":1,"turns":1},{"damage":0,"enemies":"Jaw Worm","floor":3,"turns":1},{"damage":0,"enemies":"3 Sentries","floor":7,"turns":1},{"damage":0,"enemies":"Cultist","floor":8,"turns":3},{"damage":5,"enemies":"Lagavulin","floor":12,"turns":6},{"damage":0,"enemies":"Gremlin Nob","floor":14,"turns":2},{"damage":68,"enemies":"The Guardian","floor":16,"turns":16},{"damage":11,"enemies":"Shell Parasite","floor":18,"turns":7},{"damage":12,"enemies":"Spheric Guardian","floor":19,"turns":4},{"damage":8,"enemies":"Snecko","floor":22,"turns":5},{"damage":0,"enemies":"Centurion and Healer","floor":25,"turns":2},{"damage":6,"enemies":"Snake Plant","floor":29,"turns":5},{"damage":0,"enemies":"Chosen and Byrds","floor":30,"turns":3},{"damage":26,"enemies":"Collector","floor":33,"turns":9},{"damage":2,"enemies":"Orb Walker","floor":35,"turns":3},{"damage":13,"enemies":"Mind Bloom Boss Battle","floor":38,"turns":8},{"damage":0,"enemies":"3 Shapes","floor":41,"turns":3},{"damage":2,"enemies":"Transient","floor":44,"turns":5},{"damage":34,"enemies":"3 Darklings","floor":45,"turns":4},{"damage":42,"enemies":"Maw","floor":47,"turns":4},{"damage":55,"enemies":"Time Eater","floor":50,"turns":5}],"seed_played":"-4225759793874621219","potions_obtained":[{"floor":1,"key":"SneckoOil"},{"floor":7,"key":"Ambrosia"},{"floor":12,"key":"SteroidPotion"},{"floor":18,"key":"Swift Potion"},{"floor":29,"key":"ColorlessPotion"},{"floor":30,"key":"FearPotion"},{"floor":34,"key":"AttackPotion"},{"floor":37,"key":"DuplicationPotion"},{"floor":37,"key":"Fire Potion"},{"floor":37,"key":"LiquidMemories"},{"floor":41,"key":"Fruit Juice"},{"floor":45,"key":"SteroidPotion"}],"is_trial":false,"path_per_floor":["M","$","M","?","?","R","E","M","T","R","$","E","?","E","R","B",null,"M","M","$","?","M","R","?","M","T","R","?","M","M","$","R","B",null,"M","$","?","?","$","R","M","$","T","M","M","R","M","?","R","B",null],"character_chosen":"WATCHER","items_purchased":["Wallop","Panacea","Adaptation","Bird Faced Urn","Kunai"],"campfire_rested":0,"item_purchase_floors":[2,11,31,31,39],"current_hp_per_floor":[72,72,72,65,58,58,58,58,58,58,58,53,53,53,53,4,72,61,49,49,49,41,41,41,41,41,41,41,35,35,35,35,36,77,75,75,75,82,82,82,91,91,91,91,61,61,25,25,25,1],"gold":133,"neow_bonus":"THREE_ENEMY_KILL","is_daily":false,"chose_seed":false,"campfire_upgraded":9,"win_rate":0.0,"timestamp":1608410684,"path_taken":["M","$","M","?","?","R","E","?","T","R","$","E","?","E","R","BOSS","M","M","$","?","M","R","?","M","T","R","?","M","M","?","R","BOSS","M","$","?","?","$","R","M","$","T","M","M","R","M","?","R","BOSS"],"items_purchased_type":["Card","Card","Card","Relic","Relic"],"build_version":"2020-12-13","purchased_purges":2,"victory":true,"max_hp_per_floor":[72,72,72,72,72,72,72,72,72,72,72,72,72,72,72,72,72,72,72,72,72,72,72,72,72,72,72,72,72,72,72,72,72,77,77,77,77,91,91,91,96,96,96,96,96,96,96,91,91,91],"card_choices":[{"not_picked":["MentalFortress","Evaluate"],"picked":"Halt","floor":1},{"not_picked":["Prostrate","BowlingBash"],"picked":"CutThroughFate","floor":3},{"not_picked":["Nirvana","Crescendo","ClearTheMind"],"picked":"SKIP","floor":7},{"not_picked":["Study","EmptyBody","CutThroughFate"],"picked":"SKIP","floor":8},{"not_picked":["Study","EmptyBody","CutThroughFate"],"picked":"SKIP","floor":8},{"not_picked":["ReachHeaven","CutThroughFate"],"picked":"ForeignInfluence","floor":12},{"not_picked":["Scrawl","Evaluate"],"picked":"SpiritShield","floor":14},{"not_picked":["MasterReality","DevaForm"],"picked":"LessonLearned","floor":16},{"not_picked":["SashWhip","Swivel"],"picked":"Vengeance","floor":18},{"not_picked":["BowlingBash","Prostrate","Halt"],"picked":"SKIP","floor":19},{"not_picked":["SashWhip","Perseverance","WheelKick"],"picked":"SKIP","floor":22},{"not_picked":["BowlingBash","JustLucky"],"picked":"Halt+1","floor":25},{"not_picked":["Study+1","ThirdEye"],"picked":"WindmillStrike","floor":29},{"not_picked":["Pray","ThirdEye"],"picked":"Omniscience","floor":30},{"not_picked":["Vault","Devotion"],"picked":"Alpha","floor":33},{"not_picked":["CarveReality+1","ThirdEye+1"],"picked":"InnerPeace+1","floor":35},{"not_picked":["DeceiveReality","InnerPeace","Perseverance"],"picked":"SKIP","floor":41},{"not_picked":["Crescendo+1","Evaluate+1","PathToVictory"],"picked":"SKIP","floor":44},{"not_picked":["PathToVictory","EmptyFist+1","BowlingBash+1"],"picked":"SKIP","floor":45},{"not_picked":["Evaluate+1","Vengeance","SandsOfTime+1"],"picked":"SKIP","floor":47}],"player_experience":408592,"relics_obtained":[{"floor":7,"key":"Art of War"},{"floor":9,"key":"Akabeko"},{"floor":12,"key":"Pantograph"},{"floor":14,"key":"Juzu Bracelet"},{"floor":26,"key":"Darkstone Periapt"},{"floor":38,"key":"Mango"},{"floor":43,"key":"Lizard Tail"}],"event_choices":[{"cards_removed":["Strike_P"],"damage_healed":0,"gold_gain":0,"player_choice":"Card Removal","damage_taken":7,"max_hp_gain":0,"max_hp_loss":0,"event_name":"Golden Wing","floor":4,"gold_loss":0},{"damage_healed":0,"gold_gain":75,"player_choice":"Touch","damage_taken":7,"max_hp_gain":0,"max_hp_loss":0,"event_name":"FaceTrader","floor":5,"gold_loss":0},{"damage_healed":0,"gold_gain":175,"player_choice":"AGREE","damage_taken":0,"max_hp_gain":0,"max_hp_loss":0,"event_name":"Liars Game","floor":13,"gold_loss":0,"cards_obtained":["Doubt"]},{"damage_healed":0,"gold_gain":0,"player_choice":"Inject Mutagens","damage_taken":0,"relics_obtained":["MutagenicStrength"],"max_hp_gain":0,"max_hp_loss":0,"event_name":"Drug Dealer","floor":21,"gold_loss":0},{"damage_healed":0,"gold_gain":0,"player_choice":"Ignored","damage_taken":0,"max_hp_gain":0,"max_hp_loss":0,"event_name":"Vampires","floor":24,"gold_loss":0},{"cards_removed":["Strike_P"],"damage_healed":0,"gold_gain":0,"player_choice":"Gave Gold","damage_taken":0,"max_hp_gain":0,"max_hp_loss":0,"event_name":"Beggar","floor":28,"gold_loss":75},{"damage_healed":0,"gold_gain":0,"player_choice":"Got Potions","damage_taken":0,"max_hp_gain":0,"max_hp_loss":0,"event_name":"Lab","floor":37,"gold_loss":0},{"damage_healed":0,"gold_gain":0,"player_choice":"Fight","damage_taken":0,"max_hp_gain":0,"max_hp_loss":0,"event_name":"MindBloom","floor":38,"gold_loss":0},{"damage_healed":0,"gold_gain":0,"player_choice":"Max HP","damage_taken":0,"max_hp_gain":0,"max_hp_loss":5,"event_name":"Winding Halls","floor":48,"gold_loss":0}],"is_beta":false,"boss_relics":[{"not_picked":["Busted Crown","Calling Bell"],"picked":"Coffee Dripper"},{"not_picked":["Pandora\u0027s Box","VioletLotus"],"picked":"Tiny House"}],"items_purged_floors":[2,20],"is_endless":false,"potions_floor_spawned":[1,7,12,18,22,29,30,41,45],"ascension_level":2}}