{"host":"1mxf43y0hzpoj3pg","time":1608348331,"event":{"mods":["AchievementEnabler","BaseMod","BetterRewards","Colored Map","Conspire","Downfall","Hubris","Infinite Spire","Minty Spire (QoL Compilation)","Permanent Neow","Replay The Spire","Shop Mod","StSLib","The Jungle"],"gold_per_floor":[99,9,35,35,46,46,46,61,76,108,118,134,144,154,181,280,280,280,294,294,306,306,306],"floor_reached":22,"playtime":13104,"items_purged":[],"score":200,"play_id":"a247babb-a90c-41bc-aa49-ea783c82b1c7","local_time":"20201218222531","is_ascension_mode":false,"campfire_choices":[{"data":"sneckomod:SnekBite","floor":1,"key":"SMITH"},{"data":"sneckomod:Nope","floor":4,"key":"SMITH"},{"floor":6,"key":"REST"}],"circlet_count":0,"master_deck":["sneckomod:Strike","sneckomod:Strike","sneckomod:Strike","sneckomod:Defend","sneckomod:Defend","sneckomod:Defend","sneckomod:TailWhip","sneckomod:SnekBite+1","sneckomod:Unknown","sneckomod:Unknown","expansioncontent:ManipulateTime","sneckomod:Nope+1","sneckomod:UnknownUncommonPower","sneckomod:IronFang","sneckomod:QuickMove","sneckomod:CheapStock","sneckomod:UnknownClassGREEN+1","sneckomod:SnakeSap","sneckomod:Nope","sneckomod:QuickBite","sneckomod:Unknown0Cost","sneckomod:DiceCrush","sneckomod:SerpentMind+1","sneckomod:UnknownBlock","sneckomod:UnknownClassGUARDIAN"],"relics":["sneckomod:SneckoSoul","hubris:CrystalStatue","Potion Belt","conspire:SlowCooker"],"acts_visited":["Exordium","TheCity"],"potions_floor_usage":[10,16,16,16,16,21,22],"damage_taken":[{"damage":0,"enemies":"downfall:FleeingMerchant","floor":2,"turns":4},{"damage":54,"enemies":"3 Sentries","floor":3,"turns":9},{"damage":4,"enemies":"infinitespire:Voidling","floor":5,"turns":3},{"damage":0,"enemies":"Cultist","floor":8,"turns":4},{"damage":0,"enemies":"Small Slimes","floor":9,"turns":3},{"damage":8,"enemies":"Gremlin Nob","floor":10,"turns":4},{"damage":0,"enemies":"3 Louse","floor":11,"turns":3},{"damage":1,"enemies":"2 Fungi Beasts","floor":12,"turns":5},{"damage":0,"enemies":"3 Louse","floor":13,"turns":5},{"damage":2,"enemies":"conspire:2 RoseBushes","floor":14,"turns":5},{"damage":10,"enemies":"Lots of Slimes","floor":15,"turns":3},{"damage":33,"enemies":"downfall:Watcher","floor":16,"turns":8},{"damage":54,"enemies":"conspire:FuzzyDice","floor":19,"turns":7},{"damage":30,"enemies":"Centurion and Healer","floor":21,"turns":6},{"damage":11,"enemies":"Chosen and Byrds","floor":22,"turns":2}],"seed_played":"5544019535771970656","potions_obtained":[{"floor":8,"key":"Fire Potion"},{"floor":9,"key":"Milkshake"},{"floor":12,"key":"Ancient Potion"},{"floor":13,"key":"SteroidPotion"},{"floor":14,"key":"Dexterity Potion"},{"floor":19,"key":"Dexterity Potion"},{"floor":21,"key":"sneckomod:DiceRollPotion"}],"is_trial":false,"path_per_floor":["R","$","E","R","M","R","T","M","M","E","M","M","M","M","M","B",null,"R_BF","M","?","M","M"],"character_chosen":"THE_SNECKO","items_purchased":["sneckomod:UnknownUncommonPower"],"campfire_rested":1,"item_purchase_floors":[2],"current_hp_per_floor":[90,91,37,37,33,60,60,60,61,53,53,52,53,51,41,8,93,93,40,40,11,0,0],"gold":306,"neow_bonus":"RANDOM_COLORLESS","is_daily":false,"chose_seed":false,"campfire_upgraded":2,"win_rate":0.0,"timestamp":1608348331,"path_taken":["R","$","E","R","M","R","T","?","M","E","M","?","?","M","M","BOSS","R_BF","M","?","?","M"],"items_purchased_type":["Card"],"build_version":"2020-12-13","purchased_purges":0,"victory":false,"max_hp_per_floor":[90,91,91,91,91,91,91,91,92,92,92,92,93,93,93,93,93,93,94,94,95,95,95],"card_choices":[{"not_picked":["Madness","Bandage Up"],"picked":"expansioncontent:ManipulateTime","floor":0},{"not_picked":["sneckomod:MasterEye","sneckomod:UnknownCommonAttack"],"picked":"sneckomod:Nope","floor":2},{"not_picked":["sneckomod:UnknownRareAttack","sneckomod:UnknownWeak"],"picked":"sneckomod:IronFang","floor":3},{"not_picked":["sneckomod:WideSting","sneckomod:Unknown0Cost"],"picked":"sneckomod:QuickMove","floor":5},{"not_picked":["sneckomod:UnknownStrike","sneckomod:UnknownClassBLUE"],"picked":"sneckomod:CheapStock","floor":8},{"not_picked":["sneckomod:DiceBlock","sneckomod:QuickMove"],"picked":"sneckomod:UnknownClassGREEN","floor":9},{"not_picked":["sneckomod:Unknown1Cost","sneckomod:RainOfDice"],"picked":"sneckomod:SnakeSap","floor":10},{"not_picked":["sneckomod:UnknownCommonAttack","sneckomod:QuickMove"],"picked":"sneckomod:Nope","floor":11},{"not_picked":["sneckomod:Nope","sneckomod:QuickMove"],"picked":"sneckomod:QuickBite","floor":12},{"not_picked":["sneckomod:MasterEye","sneckomod:UnknownCommonSkill"],"picked":"sneckomod:Unknown0Cost","floor":13},{"not_picked":["sneckomod:SoulDraw","sneckomod:UnknownCommonAttack","sneckomod:TrashToTreasure"],"picked":"SKIP","floor":14},{"not_picked":["sneckomod:MasterEye","sneckomod:SoulCleanse"],"picked":"sneckomod:DiceCrush","floor":15},{"not_picked":["sneckomod:Mudshield","sneckomod:DangerNoodle"],"picked":"sneckomod:SerpentMind","floor":16},{"not_picked":["sneckomod:SlitherStrike","sneckomod:Unknown2Cost"],"picked":"sneckomod:UnknownBlock","floor":19},{"not_picked":["sneckomod:WideSting","sneckomod:UnknownStrike"],"picked":"sneckomod:UnknownClassGUARDIAN","floor":21}],"player_experience":168623,"relics_obtained":[{"floor":3,"key":"hubris:CrystalStatue"},{"floor":10,"key":"Potion Belt"}],"event_choices":[{"damage_healed":0,"gold_gain":0,"player_choice":"Forge","damage_taken":0,"max_hp_gain":0,"max_hp_loss":0,"event_name":"Accursed Blacksmith","floor":20,"gold_loss":0,"cards_upgraded":["sneckomod:UnknownClassGREEN"]}],"is_beta":false,"boss_relics":[{"not_picked":["hubris:VirtuousBlindfold","ReplayTheSpireMod:DimensionalGlitch"],"picked":"conspire:SlowCooker"}],"items_purged_floors":[],"is_endless":false,"potions_floor_spawned":[8,9,12,13,14,19,21],"killed_by":"Chosen and Byrds","ascension_level":0}}