{"host":"5gc11emcm5chfr5t","time":1608411238,"event":{"mods":["2.2 Compatiblity","AchievementEnabler","BaseMod","Bestiary","Better Note","Colored Map","Colored Powertips","Downfall","Googly Eyes","Minty Spire (QoL Compilation)","Rare Cards Sparkle","StSLib"],"gold_per_floor":[99,99,132,132,132,166,166,181,281,206,276,293,311,361,373,449,449,449,562,562,612,692,692],"floor_reached":22,"playtime":691,"items_purged":[],"score":424,"play_id":"c4d30e15-4a10-4cf7-9d7d-7aa854ede88f","local_time":"20201219155358","is_ascension_mode":true,"campfire_choices":[{"floor":1,"key":"RECALL"},{"floor":10,"key":"REST"},{"data":"sneckomod:GlitteringGambit","floor":18,"key":"SMITH"},{"floor":20,"key":"REST"}],"circlet_count":0,"master_deck":["AscendersBane","sneckomod:Strike","sneckomod:Strike+1","sneckomod:Strike+1","sneckomod:Defend+1","sneckomod:Defend","sneckomod:Defend","sneckomod:TailWhip","sneckomod:SnekBite","sneckomod:Unknown","sneckomod:Unknown","sneckomod:ImprovisedAttack","sneckomod:UnknownDexterity","sneckomod:UnknownBlock","sneckomod:UnknownUncommonAttack+1","sneckomod:CheapStock","sneckomod:UnknownStrike+1","sneckomod:UnknownClassHEXA_GHOST_PURPLE","sneckomod:QuickMove","sneckomod:UnknownUncommonPower","sneckomod:GlitteringGambit+1","sneckomod:SoulDraw"],"relics":["sneckomod:SneckoSoul","downfall:HeartsMalice","Boot","Anchor","StoneCalendar","Molten Egg 2","downfall:CloakOfManyFaces","CultistMask","FaceOfCleric","NlothsMask","GremlinMask","SsserpentHead","downfall:HeartBlessingRed","SacredBark"],"acts_visited":["Exordium","TheCity"],"potions_floor_usage":[9,12,16,16,22],"damage_taken":[{"damage":0,"enemies":"Gremlin Nob","floor":3,"turns":1},{"damage":0,"enemies":"Cultist","floor":4,"turns":1},{"damage":0,"enemies":"3 Sentries","floor":6,"turns":1},{"damage":0,"enemies":"Jaw Worm","floor":8,"turns":2},{"damage":26,"enemies":"downfall:FaceTrader","floor":9,"turns":5},{"damage":6,"enemies":"Small Slimes","floor":11,"turns":3},{"damage":19,"enemies":"Gremlin Gang","floor":12,"turns":4},{"damage":11,"enemies":"3 Louse","floor":13,"turns":3},{"damage":0,"enemies":"Large Slime","floor":15,"turns":4},{"damage":26,"enemies":"downfall:Watcher","floor":16,"turns":8},{"damage":27,"enemies":"Chosen","floor":19,"turns":5},{"damage":84,"enemies":"3 Byrds","floor":22,"turns":4}],"seed_played":"-2315973452768695303","potions_obtained":[{"floor":6,"key":"SneckoOil"},{"floor":11,"key":"SpeedPotion"},{"floor":12,"key":"Fruit Juice"},{"floor":13,"key":"SpeedPotion"},{"floor":21,"key":"CultistPotion"}],"is_trial":false,"path_per_floor":["R","?","E","M","?","E","T","M","?","R","M","M","M","?","M","B",null,"R","M","R","?","M"],"character_chosen":"THE_SNECKO","items_purchased":[],"campfire_rested":2,"item_purchase_floors":[],"current_hp_per_floor":[75,75,75,76,65,66,66,67,41,66,62,50,40,40,42,17,79,79,53,83,83,0,0],"gold":692,"neow_bonus":"THREE_ENEMY_KILL","is_daily":false,"chose_seed":false,"campfire_upgraded":1,"win_rate":0.0,"timestamp":1608411238,"path_taken":["R","?","E","M","?","E","T","M","?","R","?","M","M","?","M","BOSS","R","M","R","?","M"],"items_purchased_type":[],"build_version":"2020-12-13","purchased_purges":0,"victory":false,"max_hp_per_floor":[83,83,83,84,84,85,85,86,86,86,88,95,96,96,98,99,99,99,100,100,100,100,100],"card_choices":[{"not_picked":["sneckomod:UnknownWeak","sneckomod:UnknownEthereal"],"picked":"sneckomod:ImprovisedAttack","floor":3},{"not_picked":["sneckomod:Nope","sneckomod:Unknown1Cost"],"picked":"sneckomod:UnknownDexterity","floor":4},{"not_picked":["sneckomod:Unknown1Cost","sneckomod:DiceCrush"],"picked":"sneckomod:UnknownBlock","floor":6},{"not_picked":["sneckomod:UnknownClassGREEN","sneckomod:PureSnecko"],"picked":"sneckomod:UnknownUncommonAttack+1","floor":8},{"not_picked":["sneckomod:UnknownUncommonPower","sneckomod:SoulRoll"],"picked":"sneckomod:CheapStock","floor":9},{"not_picked":["sneckomod:UnknownWeak","sneckomod:CheapStock"],"picked":"sneckomod:UnknownStrike+1","floor":11},{"not_picked":["sneckomod:Nope","sneckomod:UnknownX"],"picked":"sneckomod:UnknownClassHEXA_GHOST_PURPLE","floor":12},{"not_picked":["sneckomod:UnknownClassPURPLE","sneckomod:UnknownClassSLIMEBOUND"],"picked":"sneckomod:QuickMove","floor":13},{"not_picked":["sneckomod:UnknownClassPURPLE","sneckomod:CheapStock"],"picked":"sneckomod:UnknownUncommonPower","floor":15},{"not_picked":["sneckomod:SerpentMind","sneckomod:MorePower"],"picked":"sneckomod:GlitteringGambit","floor":16},{"not_picked":["sneckomod:UnknownVulnerable","sneckomod:UnknownCommonAttack+1"],"picked":"sneckomod:SoulDraw","floor":19}],"player_experience":436193,"relics_obtained":[{"floor":3,"key":"Boot"},{"floor":6,"key":"StoneCalendar"},{"floor":7,"key":"Molten Egg 2"},{"floor":9,"key":"downfall:CloakOfManyFaces"}],"event_choices":[{"damage_healed":0,"gold_gain":0,"player_choice":"Success","damage_taken":11,"relics_obtained":["Anchor"],"max_hp_gain":0,"max_hp_loss":0,"event_name":"Scrap Ooze","floor":5,"gold_loss":0},{"cards_removed":["Regret"],"damage_healed":0,"gold_gain":0,"player_choice":"Card Removal","damage_taken":0,"max_hp_gain":0,"max_hp_loss":0,"event_name":"The Cleric","floor":14,"gold_loss":0}],"is_beta":false,"boss_relics":[{"not_picked":["Cursed Key","Sozu"],"picked":"SacredBark"}],"items_purged_floors":[],"is_endless":false,"potions_floor_spawned":[6,11,12,13],"killed_by":"3 Byrds","ascension_level":15}}