{"host":"quagnxip3u93mzqy","time":1608399020,"event":{"mods":["AchievementEnabler","BaseMod","Colored Powertips","Minty Spire (QoL Compilation)","Quick Restart","SuperFastMode"],"gold_per_floor":[115,130,130,146,164,164,193,193,268,299,328,353,393,415,427,536,548,578,590,615,309,309,343,343,374,401,433,533,137,168,15,15,114,114,130,130,1129,1142,1142,1169,651,667,667,667,687,706,1,13,13,13,13,13,13,45,45,45],"floor_reached":55,"playtime":4254,"items_purged":["Strike_G","Pain","Normality","Normality"],"score":1193,"play_id":"f392132b-1c4f-49bd-8f0e-87c096f117f9","local_time":"20201219173020","is_ascension_mode":true,"campfire_choices":[{"data":"Neutralize","floor":6,"key":"SMITH"},{"floor":15,"key":"REST"},{"data":"Footwork","floor":24,"key":"SMITH"},{"floor":32,"key":"REST"},{"floor":44,"key":"RECALL"},{"floor":49,"key":"REST"},{"data":"Decay","floor":52,"key":"PURGE"}],"circlet_count":0,"master_deck":["Defend_G+1","Defend_G","Defend_G+1","Defend_G+1","Defend_G+1","Survivor","Neutralize+1","Dagger Spray","Backflip","Dagger Throw","PiercingWail","Deflect","Bouncing Flask","Die Die Die","Sucker Punch+1","Flying Knee+1","Dagger Throw+1","Glass Knife+1","Dagger Throw+1","Dodge and Roll","Footwork+1","Dagger Throw+1","Die Die Die+1","Die Die Die+1","Deflect+1","PiercingWail","Masterful Stab+1","Underhanded Strike+1","All Out Attack+1","Finesse","Dagger Spray+1","Quick Slash+1","Backflip+1","Eviscerate+1","Adrenaline","Well Laid Plans+1","Dagger Throw+1","Dash+1","Finesse","Well Laid Plans","Crippling Poison+1","Mind Blast+1","Caltrops+1","Endless Agony+1","Decay","Footwork+1","Acrobatics+1","Leg Sweep+1","Venomology","Prepared+1"],"relics":["Ring of the Snake","Prayer Wheel","Molten Egg 2","MawBank","Dream Catcher","Cursed Key","Medical Kit","Art of War","Lizard Tail","Akabeko","Pear","Peace Pipe","InkBottle","Pen Nib","Strawberry","White Beast Statue","TwistedFunnel","Empty Cage","Mummified Hand","PreservedInsect","HandDrill","Bird Faced Urn","HornCleat","War Paint"],"acts_visited":["Exordium","TheCity","TheBeyond","TheEnding"],"potions_floor_usage":[10,13,23,25,33,40,42,46,50,55,55,55,55],"damage_taken":[{"damage":1,"enemies":"Small Slimes","floor":1,"turns":4},{"damage":0,"enemies":"2 Louse","floor":2,"turns":4},{"damage":1,"enemies":"Cultist","floor":4,"turns":3},{"damage":2,"enemies":"3 Louse","floor":5,"turns":3},{"damage":18,"enemies":"3 Sentries","floor":7,"turns":9},{"damage":7,"enemies":"Lagavulin","floor":10,"turns":8},{"damage":0,"enemies":"Exordium Thugs","floor":11,"turns":5},{"damage":9,"enemies":"Large Slime","floor":12,"turns":5},{"damage":10,"enemies":"Gremlin Nob","floor":13,"turns":3},{"damage":0,"enemies":"Blue Slaver","floor":14,"turns":3},{"damage":14,"enemies":"Hexaghost","floor":16,"turns":8},{"damage":3,"enemies":"2 Thieves","floor":18,"turns":3},{"damage":1,"enemies":"Spheric Guardian","floor":20,"turns":3},{"damage":5,"enemies":"Book of Stabbing","floor":23,"turns":6},{"damage":7,"enemies":"Slavers","floor":25,"turns":3},{"damage":4,"enemies":"Gremlin Leader","floor":27,"turns":4},{"damage":0,"enemies":"Colosseum Slavers","floor":28,"turns":4},{"damage":6,"enemies":"Colosseum Nobs","floor":28,"turns":3},{"damage":7,"enemies":"Book of Stabbing","floor":30,"turns":4},{"damage":10,"enemies":"Champ","floor":33,"turns":13},{"damage":5,"enemies":"3 Shapes","floor":35,"turns":3},{"damage":5,"enemies":"3 Darklings","floor":38,"turns":3},{"damage":1,"enemies":"Nemesis","floor":40,"turns":5},{"damage":16,"enemies":"Jaw Worm Horde","floor":42,"turns":2},{"damage":15,"enemies":"Writhing Mass","floor":45,"turns":2},{"damage":4,"enemies":"Maw","floor":46,"turns":5},{"damage":0,"enemies":"4 Shapes","floor":48,"turns":1},{"damage":57,"enemies":"Awakened One","floor":50,"turns":15},{"damage":37,"enemies":"Shield and Spear","floor":54,"turns":6},{"damage":88,"enemies":"The Heart","floor":55,"turns":8}],"seed_played":"8222962387605850680","potions_obtained":[{"floor":4,"key":"Dexterity Potion"},{"floor":7,"key":"SpeedPotion"},{"floor":12,"key":"LiquidBronze"},{"floor":16,"key":"PowerPotion"},{"floor":18,"key":"SteroidPotion"},{"floor":20,"key":"DistilledChaos"},{"floor":23,"key":"SmokeBomb"},{"floor":27,"key":"GhostInAJar"},{"floor":33,"key":"SmokeBomb"},{"floor":35,"key":"LiquidMemories"},{"floor":38,"key":"LiquidBronze"},{"floor":40,"key":"SneckoOil"},{"floor":42,"key":"BlessingOfTheForge"},{"floor":45,"key":"CultistPotion"},{"floor":46,"key":"Fire Potion"},{"floor":48,"key":"LiquidBronze"}],"is_trial":false,"path_per_floor":["M","M","?","M","M","R","E","?","T","E","M","M","E","M","R","B",null,"M","?","M","$","?","E","R","E","T","E","?","$","E","$","R","B",null,"M","?","?","M","?","E","$","M","T","R","M","M","$","M","R","B",null,"R","$","E","B"],"character_chosen":"THE_SILENT","items_purchased":["Medical Kit","Finesse","Pen Nib","Strawberry","TwistedFunnel","Mind Blast+1","PreservedInsect","HandDrill","Bird Faced Urn","HornCleat"],"campfire_rested":3,"item_purchase_floors":[21,21,29,29,31,41,41,41,47,47],"current_hp_per_floor":[62,62,48,47,45,45,27,27,27,20,20,11,1,1,22,8,55,52,52,51,51,51,46,46,39,39,45,39,46,39,39,65,55,79,74,74,74,69,69,68,68,52,52,52,37,33,33,33,59,10,68,68,68,33,0,0],"gold":45,"neow_bonus":"THREE_CARDS","is_daily":false,"chose_seed":false,"campfire_upgraded":2,"win_rate":0.0,"timestamp":1608399020,"path_taken":["M","M","?","M","M","R","E","?","T","E","?","M","E","M","R","BOSS","M","?","M","$","?","E","R","E","T","E","?","$","E","?","R","BOSS","M","?","?","M","?","E","$","M","T","R","M","M","$","M","R","BOSS","R","$","E","BOSS"],"items_purchased_type":["Relic","Card","Relic","Relic","Relic","Card","Relic","Relic","Relic","Relic"],"build_version":"2020-12-13","purchased_purges":4,"victory":false,"max_hp_per_floor":[70,70,70,70,70,70,70,70,70,70,70,70,70,70,70,70,70,70,70,70,70,70,70,70,70,70,80,80,87,87,87,87,87,87,87,87,87,87,87,87,87,87,87,87,87,87,87,87,87,87,87,87,87,87,87,87],"card_choices":[{"not_picked":["Dagger Throw","Sucker Punch"],"picked":"Dagger Spray","floor":0},{"not_picked":["Distraction","Bane"],"picked":"Backflip","floor":1},{"not_picked":["Sucker Punch","Tactician"],"picked":"Dagger Throw","floor":2},{"not_picked":["Accuracy","Deflect"],"picked":"PiercingWail","floor":4},{"not_picked":["Dagger Spray","Prepared"],"picked":"Deflect","floor":5},{"not_picked":["Flechettes","Slice"],"picked":"Bouncing Flask","floor":7},{"not_picked":["Envenom","PiercingWail"],"picked":"Sucker Punch+1","floor":10},{"not_picked":["Distraction","Dodge and Roll"],"picked":"Flying Knee+1","floor":11},{"not_picked":["Riddle With Holes+1","Dodge and Roll"],"picked":"Dagger Throw+1","floor":11},{"not_picked":["Skewer+1","Dagger Throw+1"],"picked":"Glass Knife+1","floor":12},{"not_picked":["PiercingWail","Acrobatics"],"picked":"Dagger Throw+1","floor":12},{"not_picked":["Masterful Stab+1","Acrobatics"],"picked":"Dodge and Roll","floor":13},{"not_picked":["Cloak And Dagger","Bane+1"],"picked":"Footwork","floor":14},{"not_picked":["Acrobatics","Riddle With Holes+1"],"picked":"Dagger Throw+1","floor":14},{"not_picked":["Cloak And Dagger","Bane+1"],"picked":"Die Die Die+1","floor":15},{"not_picked":["Envenom","Night Terror"],"picked":"Die Die Die+1","floor":16},{"not_picked":["Poisoned Stab+1","Dagger Spray+1"],"picked":"Deflect+1","floor":18},{"not_picked":["Masterful Stab+1","Deflect","PiercingWail"],"picked":"SKIP","floor":18},{"not_picked":["Deflect+1","Flying Knee+1"],"picked":"Underhanded Strike+1","floor":20},{"not_picked":["Bane+1","Predator+1"],"picked":"All Out Attack+1","floor":20},{"not_picked":["Bouncing Flask","Choke+1","Outmaneuver"],"picked":"SKIP","floor":23},{"not_picked":["Bouncing Flask","Choke+1","Outmaneuver"],"picked":"SKIP","floor":23},{"not_picked":["Poisoned Stab+1","Malaise"],"picked":"Dagger Spray+1","floor":25},{"not_picked":["Heel Hook+1","Setup","Dagger Spray+1"],"picked":"SKIP","floor":27},{"not_picked":["Sucker Punch+1","Prepared"],"picked":"Quick Slash+1","floor":28},{"not_picked":["Bane+1","Prepared"],"picked":"Backflip+1","floor":30},{"not_picked":["Skewer+1","Dagger Throw+1"],"picked":"Eviscerate+1","floor":32},{"not_picked":["Burst","Venomology"],"picked":"Adrenaline","floor":33},{"not_picked":["Dodge and Roll","Quick Slash+1"],"picked":"Well Laid Plans+1","floor":35},{"not_picked":["Masterful Stab+1","Deadly Poison"],"picked":"Dagger Throw+1","floor":35},{"not_picked":["Sucker Punch+1","Catalyst+1"],"picked":"Dash+1","floor":38},{"not_picked":["Masterful Stab+1","Poisoned Stab+1","All Out Attack+1"],"picked":"SKIP","floor":38},{"not_picked":["Heel Hook+1","Outmaneuver"],"picked":"Crippling Poison+1","floor":40},{"not_picked":["Flying Knee+1","Blur+1"],"picked":"Caltrops+1","floor":42},{"not_picked":["Deadly Poison","Sucker Punch+1"],"picked":"Endless Agony+1","floor":42},{"not_picked":["Outmaneuver","Cloak And Dagger"],"picked":"Footwork+1","floor":45},{"not_picked":["Dagger Spray+1","Prepared","Slice+1"],"picked":"SKIP","floor":45},{"not_picked":["Deadly Poison","Flying Knee+1"],"picked":"Acrobatics+1","floor":46},{"not_picked":["Tactician","Flying Knee+1","Setup+1"],"picked":"SKIP","floor":46},{"not_picked":["Quick Slash+1","Backflip"],"picked":"Leg Sweep+1","floor":48},{"not_picked":["Slice+1","Distraction+1"],"picked":"Venomology","floor":48},{"not_picked":["Heel Hook+1","Deflect+1"],"picked":"Prepared+1","floor":54}],"player_experience":409326,"relics_obtained":[{"floor":7,"key":"Prayer Wheel"},{"floor":9,"key":"Molten Egg 2"},{"floor":10,"key":"MawBank"},{"floor":13,"key":"Dream Catcher"},{"floor":23,"key":"Art of War"},{"floor":25,"key":"Lizard Tail"},{"floor":26,"key":"Akabeko"},{"floor":27,"key":"Pear"},{"floor":28,"key":"Peace Pipe"},{"floor":28,"key":"InkBottle"},{"floor":30,"key":"White Beast Statue"},{"floor":40,"key":"Mummified Hand"},{"floor":54,"key":"War Paint"}],"event_choices":[{"damage_healed":0,"gold_gain":0,"player_choice":"Entered Light","damage_taken":14,"max_hp_gain":0,"max_hp_loss":0,"event_name":"Shining Light","floor":3,"gold_loss":0,"cards_upgraded":["Defend_G","Defend_G"]},{"damage_healed":0,"gold_gain":0,"player_choice":"1 cards matched","damage_taken":0,"max_hp_gain":0,"max_hp_loss":0,"event_name":"Match and Keep!","floor":8,"gold_loss":0,"cards_obtained":["Die Die Die"]},{"damage_healed":0,"gold_gain":0,"cards_transformed":["Strike_G","Strike_G"],"player_choice":"Became Test Subject","damage_taken":0,"max_hp_gain":0,"max_hp_loss":0,"event_name":"Drug Dealer","floor":19,"gold_loss":0,"cards_obtained":["PiercingWail","Masterful Stab"]},{"damage_healed":0,"gold_gain":0,"player_choice":"Ignored","damage_taken":0,"max_hp_gain":0,"max_hp_loss":0,"event_name":"Vampires","floor":22,"gold_loss":0},{"damage_healed":0,"gold_gain":0,"player_choice":"Fight","damage_taken":0,"max_hp_gain":0,"max_hp_loss":0,"event_name":"Colosseum","floor":28,"gold_loss":0},{"damage_healed":0,"gold_gain":0,"player_choice":"Fought Nobs","damage_taken":0,"max_hp_gain":0,"max_hp_loss":0,"event_name":"Colosseum","floor":28,"gold_loss":0},{"damage_healed":0,"gold_gain":0,"player_choice":"Ignored","damage_taken":0,"max_hp_gain":0,"max_hp_loss":0,"event_name":"Tomb of Lord Red Mask","floor":36,"gold_loss":0},{"damage_healed":0,"gold_gain":999,"player_choice":"Gold","damage_taken":0,"max_hp_gain":0,"max_hp_loss":0,"event_name":"MindBloom","floor":37,"gold_loss":0,"cards_obtained":["Normality","Normality"]},{"damage_healed":0,"gold_gain":0,"player_choice":"3 cards matched","damage_taken":0,"max_hp_gain":0,"max_hp_loss":0,"event_name":"Match and Keep!","floor":39,"gold_loss":0,"cards_obtained":["Decay","Finesse","Well Laid Plans"]}],"is_beta":false,"boss_relics":[{"not_picked":["Philosopher\u0027s Stone","Ectoplasm"],"picked":"Cursed Key"},{"not_picked":["Black Star","WristBlade"],"picked":"Empty Cage"}],"items_purged_floors":[21,29,41,47],"is_endless":false,"potions_floor_spawned":[4,7,12,16,18,20,23,27,33,35,38,40,42,45,46,48,54],"killed_by":"The Heart","ascension_level":8}}