{"host":"tlbgt7ns5r9s9fgj","time":1608389950,"event":{"mods":["2.2 Compatiblity","Act Like it!","Aspiration","BaseMod","Better Altar","Better Match","Better Note","Better Sensory Stone","Better Skull","Better Third Choice","Better Vampires","BetterRewards","Challenge The Spire","Colored Map","Colored Powertips","Conspire","Downfall","Elementarium","Energized Spire","Friendly Minions","GifTheSpireLib","Halation","Highlight Path","Hubris","Ironclad Rager","Jedi Mod","Key Reminder","Marked Mod","Melee Mod","Minty Spire (QoL Compilation)","Pale of the Ancients","Permanent Neow","Pikachu Mod","Potionbrewer","Practice Mode","Relic Sorter","Remilia??????","Replay The Spire","Retaliation","SCP261 Mod","Shop Mod","Spicy Shops","Spikes Relics","StSLib","Stuff the Spire","The Factory","The Jungle","TheVacant","vexMod"],"gold_per_floor":[99,99,249,259,234,159,159,188,205,238,257,257,257,48,63,63,63],"floor_reached":16,"playtime":1803,"items_purged":[],"score":108,"play_id":"2b4eed10-10ae-4bf8-ab40-dce15f40db1d","local_time":"20201219095910","is_ascension_mode":false,"campfire_choices":[{"floor":1,"key":"RECALL"},{"data":"champ:Taunt","floor":6,"key":"SMITH"}],"circlet_count":0,"master_deck":["champ:Strike","champ:Strike+1","champ:Defend","champ:Defend","champ:Defend","champ:Defend+1","champ:Execute","champ:Taunt+1","champ:ShieldSlam","Slimebound:Icky","champ:Circumvent","champ:SkillfulDodge","champ:Backstep","champ:EndlessRage","champ:EnragedBash+1","Regret","champ:CheapShot","champ:BerserkersShout","champ:StanceDance","Bandage Up","champ:Lariat"],"relics":["champ:ChampionCrown","keyreminder:keyreminder","downfall:HeartBlessingRed","halation:BlackBeret","conspire:BottledYoYo","hubris:MysteriousPyramids","Bottled Flame"],"acts_visited":["Exordium"],"potions_floor_usage":[],"damage_taken":[{"damage":5,"enemies":"Jaw Worm","floor":4,"turns":4},{"damage":18,"enemies":"Gremlin Nob","floor":8,"turns":6},{"damage":0,"enemies":"Small Slimes","floor":9,"turns":8},{"damage":2,"enemies":"Lagavulin","floor":10,"turns":10},{"damage":0,"enemies":"2 Louse","floor":11,"turns":2},{"damage":6,"enemies":"downfall:FleeingMerchant","floor":14,"turns":4},{"damage":22,"enemies":"Blue Slaver","floor":15,"turns":3},{"damage":78,"enemies":"downfall:Defect","floor":16,"turns":7}],"seed_played":"8569459532401845833","potions_obtained":[{"floor":10,"key":"SCP261:GirlTearsPotion"}],"is_trial":false,"path_per_floor":["R","?","?","M","?","R","T","E","M","E","M","?","T","$","M","B"],"character_chosen":"THE_CHAMP","items_purchased":["champ:BerserkersShout","champ:StanceDance","Bandage Up"],"campfire_rested":0,"item_purchase_floors":[14,14,14],"current_hp_per_floor":[90,90,90,90,90,90,90,82,82,80,80,80,80,76,68,0,0],"gold":63,"neow_bonus":"TRANSFORM_CARD","is_daily":false,"chose_seed":false,"campfire_upgraded":1,"win_rate":0.0,"timestamp":1608389950,"path_taken":["R","?","?","M","?","R","T","E","?","E","M","?","?","?","M","BOSS"],"items_purchased_type":["Card","Card","Card"],"build_version":"2020-12-13","purchased_purges":0,"victory":false,"max_hp_per_floor":[90,90,90,90,90,90,90,90,90,90,90,90,90,90,90,90,90],"card_choices":[{"not_picked":["champ:Haymaker","champ:Shatter"],"picked":"champ:Circumvent","floor":4},{"not_picked":["champ:DefensiveShout","champ:FaceSlap"],"picked":"champ:SkillfulDodge","floor":8},{"not_picked":["champ:FlashCut","champ:EnragedBash"],"picked":"champ:Backstep","floor":9},{"not_picked":["champ:BladeFlurry","champ:Haymaker"],"picked":"champ:EndlessRage","floor":10},{"not_picked":["champ:BladeFlurry","champ:PerfectedStrike"],"picked":"champ:EnragedBash","floor":11},{"not_picked":["champ:BerserkerStyle","champ:ArenaPreparation"],"picked":"champ:CheapShot","floor":14},{"not_picked":["champ:StanceDance","champ:Haymaker"],"picked":"champ:Lariat","floor":15}],"player_experience":286020,"relics_obtained":[{"floor":7,"key":"halation:BlackBeret"},{"floor":8,"key":"conspire:BottledYoYo"},{"floor":10,"key":"hubris:MysteriousPyramids"},{"floor":13,"key":"Bottled Flame"}],"event_choices":[],"is_beta":false,"boss_relics":[],"items_purged_floors":[],"is_endless":false,"potions_floor_spawned":[10],"killed_by":"downfall:Defect","ascension_level":0}}