{"host":"d0verjtbj2sjunpo","time":1608340789,"event":{"mods":["AchievementEnabler","Aspiration","BaseMod","Better Altar","Better Third Choice","BetterRewards","Downfall","Marisa????????","Minty Spire (QoL Compilation)","Replay The Spire","StSLib","The Cursed","The Servant 0.9.4"],"gold_per_floor":[367,367,386,521,549,561,561],"floor_reached":6,"playtime":434,"items_purged":[],"score":38,"play_id":"441eb82e-4402-47a4-90ea-6ac4ad6fa4fd","local_time":"20201218191949","is_ascension_mode":true,"campfire_choices":[],"circlet_count":0,"master_deck":["Strike_R","Strike_R","Strike_R","Strike_R","Strike_R","Defend_R","Defend_R","Defend_R","Defend_R","Bash","ReplayTheSpireMod:Faulty Equipment","Armaments","Injury","Clothesline","Thunderclap","Dual Wield","Armaments"],"relics":["Burning Blood","Golden Idol","MawBank"],"acts_visited":["Exordium"],"potions_floor_usage":[],"damage_taken":[{"damage":9,"enemies":"2 Louse","floor":1,"turns":3},{"damage":5,"enemies":"Small Slimes","floor":3,"turns":4},{"damage":10,"enemies":"Jaw Worm","floor":5,"turns":4},{"damage":53,"enemies":"Lagavulin","floor":6,"turns":13}],"seed_played":"-6707996650214063499","potions_obtained":[{"floor":3,"key":"AttackPotion"},{"floor":5,"key":"DuplicationPotion"}],"is_trial":false,"path_per_floor":["M","?","M","?","M","E"],"character_chosen":"IRONCLAD","items_purchased":[],"campfire_rested":0,"item_purchase_floors":[],"current_hp_per_floor":[77,77,78,46,42,0,0],"gold":561,"neow_bonus":"TWO_FIFTY_GOLD","is_daily":false,"chose_seed":false,"campfire_upgraded":0,"win_rate":0.0,"timestamp":1608340789,"path_taken":["M","?","M","?","M","E"],"items_purchased_type":[],"build_version":"2020-12-13","purchased_purges":0,"victory":false,"max_hp_per_floor":[80,80,80,80,80,80,80],"card_choices":[{"not_picked":["Headbutt","Wild Strike"],"picked":"Armaments","floor":1},{"not_picked":["Sword Boomerang","Headbutt"],"picked":"Clothesline","floor":3},{"not_picked":["Sword Boomerang","Replay:Undeath\u0027s Touch"],"picked":"Thunderclap","floor":4},{"not_picked":["Armaments","Twin Strike"],"picked":"Dual Wield","floor":4},{"not_picked":["Headbutt","Cleave"],"picked":"Armaments","floor":5}],"player_experience":177313,"relics_obtained":[{"floor":4,"key":"MawBank"}],"event_choices":[{"damage_healed":0,"gold_gain":0,"player_choice":"Take Wound","damage_taken":0,"relics_obtained":["Golden Idol"],"max_hp_gain":0,"max_hp_loss":0,"event_name":"Golden Idol","floor":2,"gold_loss":0,"cards_obtained":["Injury"]}],"is_beta":false,"boss_relics":[],"items_purged_floors":[],"is_endless":false,"potions_floor_spawned":[3,5],"killed_by":"Lagavulin","ascension_level":1}}