{"host":"j1eo1fqrqta44853","time":1608408822,"event":{"mods":["Act Like it!","BaseMod","CatGirl Mod","Custom Start","Downfall","Elementarium","Gensokyo","GungeonMod","HololiveMod","Hubris","Infinite Spire","Lobotomy","LobotomyExtend","Marisa????????","Minty Spire (QoL Compilation)","Pale of the Ancients","Rare Cards Sparkle","Replay The Spire","SIMod","Shedinja","StSLib","The Jungle","The Mystic","The Runesmith","The Vixen","TheBandit","Waifu the Spire"],"gold_per_floor":[99,32,43,43,61,79,79,79,112,112,97,111,126,138,148,245,245,245,263,277,287,287,299,325,325,325,325,337,337,347,347,364,463,463,463,482,495,507,38,52,128,128,128,128,177,177,227,247,258,258],"floor_reached":51,"playtime":5693,"items_purged":["Amnesia"],"score":630,"play_id":"3500e495-f501-4ac0-abe1-ec244cd03ef0","local_time":"20201219141342","is_ascension_mode":false,"campfire_choices":[{"data":"Slimebound:Split","floor":1,"key":"SMITH"},{"data":"Slimebound:LevelUp","floor":8,"key":"SMITH"},{"data":"Slimebound:SpikyOuterGoop","floor":10,"key":"SMITH"},{"data":"Slimebound:Teamwork","floor":18,"key":"SMITH"},{"data":"Slimebound:FirmFortitude","floor":22,"key":"SMITH"},{"data":"Slimebound:OneTwoCombo","floor":27,"key":"SMITH"},{"data":"Slimebound:WasteNot","floor":35,"key":"SMITH"},{"data":"Slimebound:LeadByExample","floor":42,"key":"SMITH"},{"data":"Slimebound:Schlurp","floor":42,"key":"SMITH"},{"data":"Slimebound:SplitLeeching","floor":44,"key":"SMITH"},{"data":"Slimebound:SplitBruiser","floor":44,"key":"SMITH"}],"circlet_count":0,"master_deck":["Slimebound:Strike_Slimebound","Slimebound:Strike_Slimebound","Slimebound:Strike_Slimebound","Slimebound:Tackle","Slimebound:Defend_Slimebound","Slimebound:Defend_Slimebound","Slimebound:Defend_Slimebound","Slimebound:Defend_Slimebound","Slimebound:Split+1","Slimebound:CorrosiveSpit","Slimebound:SpikyOuterGoop+1","Slimebound:SplitMire","Slimebound:SplitLeeching+1","Slimebound:SplitBruiser+1","Slimebound:LevelUp+1","Slimebound:LeechingTouch","Slimebound:GoopSpray","Slimebound:LeechEnergy","Slimebound:RollThrough","Slimebound:SlimeTap+1","Slimebound:Teamwork+1","Slimebound:OneTwoCombo+1","Slimebound:SplitMire+1","Slimebound:FirmFortitude+1","Slimebound:SplitLeeching+1","Slimebound:SlimeBarrage+1","Slimebound:SplitBruiser+1","Slimebound:LeechLife","Slimebound:DisruptingSlam","Slimebound:WasteNot+1","Slimebound:DisruptingSlam+1","Slimebound:GrowthPunch","Slimebound:SlimeSpikes","Slimebound:Schlurp+1","Slimebound:LeadByExample+1","Slimebound:RainOfGoop","Slimebound:RallyTheTroops","Slimebound:SpikyOuterGoop+1","infinitespire:Execution","Slimebound:LevelUp","Slimebound:Gluttony","Slimebound:Repurpose+1"],"relics":["Slimebound:AbsorbEndCombat","LetterFromLob","Smiling Mask","Turnip","hubris:Backtick","Slimebound:MaxSlimesRelic","Lantern","TungstenRod","Guide Book","Replay:Baseball","ReplayTheSpireMod:Ring of Addiction","Chameleon Ring","hubris:EmptyBottle","ReplayTheSpireMod:Ring of Challenge","ChewingGum","Replay:Arrowhead","infinitespire:BottledMercury","infinitespire:Joker Card","CatCart"],"acts_visited":["Exordium","TheCity","TheBeyond"],"potions_floor_usage":[11,12,36,38,40,45,47,48,49,50],"damage_taken":[{"damage":8,"enemies":"downfall:FleeingMerchant","floor":2,"turns":4},{"damage":12,"enemies":"Cultist","floor":3,"turns":3},{"damage":18,"enemies":"Small Slimes","floor":5,"turns":4},{"damage":17,"enemies":"Jaw Worm","floor":6,"turns":3},{"damage":28,"enemies":"Lagavulin","floor":9,"turns":5},{"damage":33,"enemies":"downfall:FleeingMerchant","floor":11,"turns":4},{"damage":18,"enemies":"Lots of Slimes","floor":12,"turns":2},{"damage":18,"enemies":"Red Slaver","floor":13,"turns":3},{"damage":25,"enemies":"Gremlin Gang","floor":14,"turns":2},{"damage":17,"enemies":"Blue Slaver","floor":15,"turns":4},{"damage":46,"enemies":"downfall:Ironclad","floor":16,"turns":8},{"damage":21,"enemies":"3 Byrds","floor":19,"turns":4},{"damage":24,"enemies":"Chosen","floor":20,"turns":3},{"damage":10,"enemies":"3 Cultists","floor":21,"turns":3},{"damage":18,"enemies":"Chosen and Byrds","floor":23,"turns":3},{"damage":23,"enemies":"Centurion and Healer","floor":28,"turns":4},{"damage":4,"enemies":"Cultist and Chosen","floor":30,"turns":3},{"damage":7,"enemies":"Snecko","floor":32,"turns":3},{"damage":38,"enemies":"downfall:Watcher","floor":33,"turns":6},{"damage":4,"enemies":"3 Shapes","floor":36,"turns":3},{"damage":7,"enemies":"3 Darklings","floor":37,"turns":3},{"damage":25,"enemies":"Spire Growth","floor":38,"turns":3},{"damage":12,"enemies":"downfall:FleeingMerchant","floor":39,"turns":4},{"damage":9,"enemies":"Jaw Worm Horde","floor":40,"turns":3},{"damage":25,"enemies":"2 Orb Walkers","floor":45,"turns":4},{"damage":19,"enemies":"Orin","floor":47,"turns":7},{"damage":15,"enemies":"Sphere and 2 Shapes","floor":48,"turns":4},{"damage":10,"enemies":"3 Darklings","floor":49,"turns":4},{"damage":41,"enemies":"downfall:Defect","floor":50,"turns":6}],"seed_played":"-6487692603920718647","potions_obtained":[{"floor":3,"key":"ColorlessPotion"},{"floor":5,"key":"Elixir"},{"floor":9,"key":"Explosive Potion"},{"floor":12,"key":"Venom Potion"},{"floor":16,"key":"SteroidPotion"},{"floor":23,"key":"Strength Potion"},{"floor":28,"key":"Block Potion"},{"floor":31,"key":"LiquidBronze"},{"floor":38,"key":"Slimebound:SlimyTonguePotion"},{"floor":45,"key":"Dexterity Potion"}],"is_trial":false,"path_per_floor":["R","$","M","?","M","M","T","R","E","R","$","M","M","M","M","B",null,"R","M","M","M","R","M","T","$","?","R","M","$","M","?","M","B",null,"R","M","M","M","$","M","T","R","?","R","?","?","?","M","M","B",null],"character_chosen":"SLIMEBOUND","items_purchased":["Slimebound:SplitMire","TungstenRod","Guide Book","Replay:Baseball","Slimebound:LeadByExample","Replay:Arrowhead","Slimebound:RainOfGoop"],"campfire_rested":0,"item_purchase_floors":[2,29,29,29,39,39,39],"current_hp_per_floor":[66,66,66,66,66,66,66,66,58,58,59,49,55,46,57,59,66,66,66,66,66,66,66,66,66,66,66,66,27,55,55,66,64,66,64,64,64,46,64,64,64,64,64,62,51,38,62,62,62,55],"gold":258,"neow_bonus":"TEN_PERCENT_HP_BONUS","is_daily":false,"chose_seed":false,"campfire_upgraded":11,"win_rate":0.0,"timestamp":1608408822,"path_taken":["R","?","M","?","M","M","T","R","E","R","$","M","M","?","M","BOSS","R","M","M","M","R","M","T","$","?","R","?","?","?","?","M","BOSS","R","M","M","M","$","M","T","R","?","R","?","?","?","M","M","BOSS"],"items_purchased_type":["Card","Relic","Relic","Relic","Card","Relic","Card"],"build_version":"2020-12-13","purchased_purges":1,"victory":true,"max_hp_per_floor":[66,66,66,66,66,66,66,66,66,66,66,66,66,66,66,66,66,66,66,66,66,66,66,66,66,66,66,66,66,66,66,66,66,66,64,64,64,64,64,64,64,64,64,62,62,62,62,62,62,62],"card_choices":[{"not_picked":["Slimebound:RejuvenatingLick","Slimebound:LeadByExample"],"picked":"Slimebound:SpikyOuterGoop","floor":2},{"not_picked":["Slimebound:SplitBruiser","Slimebound:GoopSpray"],"picked":"Slimebound:SplitLeeching","floor":3},{"not_picked":["Slimebound:SplitLeeching","Slimebound:FinishingTackle"],"picked":"Slimebound:SplitBruiser","floor":5},{"not_picked":["Slimebound:SamplingLick","Slimebound:ForwardTackle"],"picked":"Slimebound:LevelUp","floor":6},{"not_picked":["Slimebound:ViciousTackle","Slimebound:GoopTackle"],"picked":"Slimebound:LeechingTouch","floor":9},{"not_picked":["Slimebound:TongueLash","Slimebound:RejuvenatingLick"],"picked":"Slimebound:GoopSpray","floor":11},{"not_picked":["Slimebound:Schlurp","Slimebound:SplitAcid"],"picked":"Slimebound:LeechEnergy","floor":12},{"not_picked":["Slimebound:Equalize","Slimebound:RainOfGoop"],"picked":"Slimebound:RollThrough","floor":13},{"not_picked":["Slimebound:SlimeSpikes","Slimebound:RainOfGoop"],"picked":"Slimebound:SlimeTap","floor":14},{"not_picked":["Slimebound:GoopSpray","Slimebound:RollThrough"],"picked":"Slimebound:Teamwork","floor":15},{"not_picked":["Slimebound:LeechLife","Slimebound:MassRepurpose"],"picked":"Slimebound:OneTwoCombo","floor":16},{"not_picked":["Slimebound:LeechEnergy+1","Slimebound:GrowthPunch"],"picked":"Slimebound:SplitMire+1","floor":19},{"not_picked":["Slimebound:GoopSpray+1","Slimebound:Nibble"],"picked":"Slimebound:FirmFortitude","floor":20},{"not_picked":["Slimebound:SplitMire","Slimebound:HauntingLick"],"picked":"Slimebound:SplitLeeching","floor":21},{"not_picked":["Slimebound:FlameTackle","Slimebound:BestDefense"],"picked":"Slimebound:SlimeBarrage","floor":23},{"not_picked":["Slimebound:FlameTackle","Slimebound:ForwardTackle"],"picked":"Slimebound:SplitBruiser+1","floor":28},{"not_picked":["Slimebound:RollThrough","Slimebound:Prepare"],"picked":"Slimebound:LeechLife","floor":30},{"not_picked":["Slimebound:GoopTackle","Slimebound:LeechingTouch+1"],"picked":"Slimebound:DisruptingSlam","floor":32},{"not_picked":["Slimebound:DuplicatedForm","Slimebound:PrepareCrush"],"picked":"Slimebound:WasteNot","floor":33},{"not_picked":["Slimebound:GoopSpray","Slimebound:ComboTackle"],"picked":"Slimebound:DisruptingSlam+1","floor":36},{"not_picked":["Slimebound:Prepare","Slimebound:LeechingTouch+1"],"picked":"Slimebound:GrowthPunch","floor":37},{"not_picked":["Slimebound:SplitLeeching+1","Slimebound:SamplingLick+1"],"picked":"Slimebound:SlimeSpikes","floor":38},{"not_picked":["Slimebound:DouseInSlime","Slimebound:LeechEnergy"],"picked":"Slimebound:Schlurp","floor":39},{"not_picked":["Slimebound:ViciousTackle","Slimebound:SplitAcid"],"picked":"Slimebound:RallyTheTroops","floor":40},{"not_picked":["Slimebound:ViciousTackle","Slimebound:RollThrough+1"],"picked":"Slimebound:SpikyOuterGoop+1","floor":45},{"not_picked":["infinitespire:Starlight","infinitespire:Oblivion"],"picked":"infinitespire:Execution","floor":46},{"not_picked":["Slimebound:ProtectTheBoss","Slimebound:ComboTackle"],"picked":"Slimebound:LevelUp","floor":47},{"not_picked":["Slimebound:Dissolve+1","Slimebound:SplitLeeching+1"],"picked":"Slimebound:Gluttony","floor":48},{"not_picked":["Slimebound:BestDefense+1","Slimebound:SplitLeeching+1"],"picked":"Slimebound:Repurpose+1","floor":49}],"player_experience":944261,"relics_obtained":[{"floor":3,"key":"LetterFromLob"},{"floor":7,"key":"Smiling Mask"},{"floor":9,"key":"Turnip"},{"floor":24,"key":"Lantern"},{"floor":31,"key":"ReplayTheSpireMod:Ring of Addiction"},{"floor":31,"key":"Chameleon Ring"},{"floor":31,"key":"hubris:EmptyBottle"},{"floor":31,"key":"ReplayTheSpireMod:Ring of Challenge"},{"floor":41,"key":"infinitespire:BottledMercury"},{"floor":45,"key":"infinitespire:Joker Card"},{"floor":47,"key":"CatCart"}],"event_choices":[{"damage_healed":0,"gold_gain":0,"player_choice":"Upgraded","damage_taken":0,"max_hp_gain":0,"max_hp_loss":0,"event_name":"Upgrade Shrine","floor":4,"gold_loss":0,"cards_upgraded":["Slimebound:SplitLeeching"]},{"damage_healed":0,"gold_gain":0,"player_choice":"Ignored","damage_taken":0,"max_hp_gain":0,"max_hp_loss":0,"event_name":"NoteForYourself","floor":26,"gold_loss":0},{"damage_healed":0,"gold_gain":0,"player_choice":"Fight","damage_taken":0,"max_hp_gain":0,"max_hp_loss":0,"event_name":"Mysterious Sphere","floor":45,"gold_loss":0},{"damage_healed":0,"gold_gain":0,"player_choice":"Fight","damage_taken":0,"max_hp_gain":0,"max_hp_loss":0,"event_name":"OrinTheCat","floor":47,"gold_loss":0}],"is_beta":false,"boss_relics":[{"not_picked":["Honey Jar","hubris:RunicObelisk"],"picked":"hubris:Backtick"},{"not_picked":["Ring of Chaos","hubris:HollowSoul"],"picked":"ChewingGum"}],"items_purged_floors":[39],"is_endless":false,"potions_floor_spawned":[3,5,9,12,16,23,28,30,32,38,40,45],"ascension_level":0}}