{"host":"h8dlanc0me325zs6","time":1608393274,"event":{"mods":["AchievementEnabler","BaseMod","Colored Powertips","Highlight Path","Minty Spire (QoL Compilation)"],"gold_per_floor":[112,112,287,303,321,355,355,355,355],"floor_reached":8,"playtime":595,"items_purged":[],"score":70,"play_id":"b300d4e5-5274-4e75-8ce0-741147640373","local_time":"20201219165434","is_ascension_mode":true,"campfire_choices":[{"floor":7,"key":"REST"}],"circlet_count":0,"master_deck":["Strike_R","Strike_R","Strike_R","Strike_R","Strike_R","Defend_R","Defend_R","Defend_R","Bash","Hemokinesis","Heavy Blade","Doubt","Seeing Red","Bloodletting"],"relics":["Burning Blood","Boot","Paper Frog"],"acts_visited":["Exordium"],"potions_floor_usage":[6],"damage_taken":[{"damage":2,"enemies":"Small Slimes","floor":1,"turns":2},{"damage":2,"enemies":"2 Louse","floor":4,"turns":2},{"damage":2,"enemies":"Cultist","floor":5,"turns":2},{"damage":39,"enemies":"Gremlin Nob","floor":6,"turns":4},{"damage":67,"enemies":"3 Sentries","floor":8,"turns":8}],"seed_played":"4323216424680798710","potions_obtained":[{"floor":5,"key":"Dexterity Potion"}],"is_trial":false,"path_per_floor":["M","?","?","M","M","E","R","E"],"character_chosen":"IRONCLAD","items_purchased":[],"campfire_rested":1,"item_purchase_floors":[],"current_hp_per_floor":[80,68,68,72,76,43,67,0,0],"gold":355,"neow_bonus":"TRANSFORM_CARD","is_daily":false,"chose_seed":false,"campfire_upgraded":0,"win_rate":0.0,"timestamp":1608393274,"path_taken":["M","?","?","M","M","E","R","E"],"items_purchased_type":[],"build_version":"2020-12-13","purchased_purges":0,"victory":false,"max_hp_per_floor":[80,80,80,80,80,80,80,80,80],"card_choices":[{"not_picked":["Thunderclap","Twin Strike"],"picked":"Heavy Blade","floor":1},{"not_picked":["Rage","True Grit"],"picked":"Seeing Red","floor":4},{"not_picked":["Armaments","Iron Wave"],"picked":"Bloodletting","floor":5},{"not_picked":["Burning Pact","Clash","Twin Strike"],"picked":"SKIP","floor":6}],"player_experience":306927,"relics_obtained":[{"floor":6,"key":"Paper Frog"}],"event_choices":[{"damage_healed":0,"gold_gain":0,"player_choice":"Success","damage_taken":12,"relics_obtained":["Boot"],"max_hp_gain":0,"max_hp_loss":0,"event_name":"Scrap Ooze","floor":2,"gold_loss":0},{"damage_healed":0,"gold_gain":175,"player_choice":"AGREE","damage_taken":0,"max_hp_gain":0,"max_hp_loss":0,"event_name":"Liars Game","floor":3,"gold_loss":0,"cards_obtained":["Doubt"]}],"is_beta":false,"boss_relics":[],"items_purged_floors":[],"is_endless":false,"potions_floor_spawned":[5],"killed_by":"3 Sentries","ascension_level":5}}