{"host":"w6ebodudjlk2jwu4","time":1608356905,"event":{"mods":["Act Like it!","Bard","BaseMod","Beaked The Cultist","Colored Map","Glutton Mod","Hermit","Highlight Path","Infinite Spire","Jorbs\u0027s Wanderer Trilogy","Mad Scientist","Marisa????????","Minty Spire (QoL Compilation)","Relic Stats","Replay The Spire","StSLib","The Blue Laboratory","The Bug Knight","The Construct","The Cursed","The Mystic","The Servant 0.9.4","The Witch","Wandering Minibosses"],"gold_per_floor":[110,121,167,177,102,102,102,102,129,148,167,177,17,49,49,149,149,166,66,81,93,93,93,93,93,125,138,138,68,68,68,79,93,93,196,196,208,224,274,286,297,327,376,376,376,376,393,393,393,33,33,33],"floor_reached":53,"playtime":4559,"items_purged":["Regret","CommonCold","Strike_S"],"score":909,"play_id":"55afcc3f-6e13-4013-b7fb-8fcf5482fe5f","local_time":"20201218214825","is_ascension_mode":false,"campfire_choices":[{"floor":6,"key":"REST"},{"floor":15,"key":"REST"},{"data":"Barrier","floor":25,"key":"SMITH"},{"data":"Contraction","floor":30,"key":"SMITH"},{"data":"Hightail","floor":34,"key":"SMITH"},{"floor":44,"key":"REST"},{"floor":46,"key":"REST"},{"floor":48,"key":"REST"},{"data":"BestPractice","floor":51,"key":"SMITH"}],"circlet_count":0,"master_deck":["Strike_S","Strike_S","Strike_S","Defend_S","Defend_S","Defend_S","Defend_S","KidneyShot","Exchange","InstantArmor","Barrier+1","GearUp","Comet","Contraction+1","BottledTime","DoubleEdge","Spin","MurderousAura","Starlight","Alleviate","SoulSculpture","ShatteredReality","Contraction","SilverBlades","Alleviate+1","Ricochet+1","Hightail+1","Defy","LightFlow","Ricochet+1","Comet","FastForward","ShiftingGears","FanOfKnives","LightFlow","FastForward+1","Sabotage","SpecialFormula","Barrier+1","BottledTime","BestPractice+1"],"relics":["Uniform","Replay:Wax Seal","beaked:ShinyBauble","ReplayTheSpireMod:Lightbulb","Dream Catcher","Sozu","infinitespire:Joker Card","infinitespire:ShieldingShard","Replay:Mystery Machine","construct:WeddingRing","infinitespire:CursedDice","Bag of Marbles","CatCart","Bottled Lightning","Chemical X","infinitespire:Lucky Rock"],"acts_visited":["Exordium","TheCity","TheBeyond"],"potions_floor_usage":[12,14,43,43],"damage_taken":[{"damage":2,"enemies":"Small Slimes","floor":1,"turns":5},{"damage":0,"enemies":"Jaw Worm","floor":2,"turns":4},{"damage":0,"enemies":"Cultist","floor":4,"turns":6},{"damage":0,"enemies":"Red Slaver","floor":10,"turns":6},{"damage":0,"enemies":"3 Louse","floor":11,"turns":4},{"damage":5,"enemies":"Blue Slaver","floor":12,"turns":3},{"damage":18,"enemies":"3 Sentries","floor":14,"turns":10},{"damage":0,"enemies":"Fading Forest","floor":16,"turns":11},{"damage":9,"enemies":"3 Byrds","floor":18,"turns":6},{"damage":14,"enemies":"Spheric Guardian","floor":20,"turns":5},{"damage":25,"enemies":"Cultist and Chosen","floor":21,"turns":8},{"damage":0,"enemies":"Gremlin Leader","floor":26,"turns":8},{"damage":5,"enemies":"Centurion and Healer","floor":27,"turns":8},{"damage":0,"enemies":"3 Cultists","floor":32,"turns":4},{"damage":0,"enemies":"Shelled Parasite and Fungi","floor":33,"turns":8},{"damage":0,"enemies":"Collector","floor":35,"turns":12},{"damage":0,"enemies":"3 Shapes","floor":37,"turns":6},{"damage":0,"enemies":"3 Darklings","floor":38,"turns":7},{"damage":0,"enemies":"Mind Bloom Boss Battle","floor":39,"turns":4},{"damage":17,"enemies":"Transient","floor":40,"turns":5},{"damage":0,"enemies":"4 Shapes","floor":41,"turns":5},{"damage":42,"enemies":"Nemesis","floor":42,"turns":13},{"damage":13,"enemies":"Orin","floor":43,"turns":12},{"damage":28,"enemies":"Spire Growth","floor":47,"turns":4},{"damage":0,"enemies":"Time Eater","floor":52,"turns":16}],"seed_played":"5509532379835547289","potions_obtained":[{"floor":1,"key":"blueLaboratory:FruitPunch"},{"floor":10,"key":"Reflective Coating"},{"floor":11,"key":"FearPotion"},{"floor":14,"key":"Strength Potion"}],"is_trial":false,"path_per_floor":["M","M","?","M","$","R","T","?","T","M","M","M","$","E","R_BF","B",null,"M","$","M","M","?","PTL","PTL","R","E","M","T","$","R","AVR","M","M","R","B",null,"M","M","?","M","M","E","?","R","T","R","M","R","?","$","R","B",null],"character_chosen":"THE_SERVANT","items_purchased":["MurderousAura","Hightail","BestPractice","Chemical X","infinitespire:Lucky Rock"],"campfire_rested":5,"item_purchase_floors":[13,29,50,50,50],"current_hp_per_floor":[63,63,47,47,47,65,65,65,65,65,65,62,62,44,64,67,67,58,58,44,19,67,67,67,67,67,62,62,62,62,62,62,62,62,62,67,67,67,67,50,50,8,24,44,44,64,39,59,59,59,59,64],"gold":33,"neow_bonus":"RANDOM_EVENT","is_daily":false,"chose_seed":false,"campfire_upgraded":4,"win_rate":0.0,"timestamp":1608356905,"path_taken":["M","M","?","?","$","R","?","?","T","M","M","M","$","E","R_BF","BOSS","M","$","M","M","?","PTL","PTL","R","E","?","T","$","R","AVR","M","M","R","BOSS","M","M","?","M","M","E","?","R","T","R","M","R","?","$","R","BOSS"],"items_purchased_type":["Card","Card","Card","Relic","Relic"],"build_version":"2020-12-13","purchased_purges":3,"victory":true,"max_hp_per_floor":[65,65,65,65,65,65,65,65,65,65,65,67,67,67,67,67,67,67,67,67,67,67,67,67,67,67,67,67,67,67,67,67,67,67,67,67,67,67,67,67,67,67,67,67,67,67,67,67,64,64,64,64],"relic_stats":{"Sozu":6,"Dream Catcher":4,"counters":[25,180],"Chemical X":[3],"obtain_stats":[{"beaked:ShinyBauble":3,"construct:WeddingRing":36,"infinitespire:CursedDice":39,"infinitespire:Joker Card":26,"Uniform":0,"infinitespire:Lucky Rock":50,"Replay:Mystery Machine":31,"Sozu":17,"Dream Catcher":14,"infinitespire:ShieldingShard":28,"Bag of Marbles":42,"Bottled Lightning":45,"Chemical X":50,"Replay:Wax Seal":0,"CatCart":43,"ReplayTheSpireMod:Lightbulb":9},{"beaked:ShinyBauble":2,"construct:WeddingRing":16,"infinitespire:CursedDice":19,"infinitespire:Joker Card":12,"Uniform":0,"infinitespire:Lucky Rock":24,"Replay:Mystery Machine":13,"Sozu":8,"Dream Catcher":7,"infinitespire:ShieldingShard":13,"Bag of Marbles":22,"Bottled Lightning":23,"Chemical X":24,"Replay:Wax Seal":0,"CatCart":23,"ReplayTheSpireMod:Lightbulb":3},{"beaked:ShinyBauble":9,"construct:WeddingRing":108,"infinitespire:CursedDice":125,"infinitespire:Joker Card":76,"Uniform":0,"infinitespire:Lucky Rock":164,"Replay:Mystery Machine":84,"Sozu":49,"Dream Catcher":38,"infinitespire:ShieldingShard":84,"Bag of Marbles":148,"Bottled Lightning":160,"Chemical X":164,"Replay:Wax Seal":0,"CatCart":160,"ReplayTheSpireMod:Lightbulb":15}]},"card_choices":[{"not_picked":["Replace","Starlight"],"picked":"InstantArmor","floor":1},{"not_picked":["Potential","FastForward"],"picked":"Barrier","floor":2},{"not_picked":["Ricochet","ShatteredReality"],"picked":"GearUp","floor":3},{"not_picked":["FastForward","KillingDoll"],"picked":"Comet","floor":3},{"not_picked":["BottledTime","DoubleEdge"],"picked":"Contraction","floor":4},{"not_picked":["Gouge","FastForward"],"picked":"BottledTime","floor":10},{"not_picked":["Potential","Shuttle"],"picked":"DoubleEdge","floor":11},{"not_picked":["TimeWarp","MoonPhase"],"picked":"Spin","floor":12},{"not_picked":["Potential","Rearm"],"picked":"Starlight","floor":14},{"not_picked":["Potential","Desolation"],"picked":"Alleviate","floor":15},{"not_picked":["MurderousAura","FlawlessForm"],"picked":"SoulSculpture","floor":16},{"not_picked":["ShiftingGears","Reset+1"],"picked":"ShatteredReality","floor":18},{"not_picked":["Starlight+1","BottledTime+1"],"picked":"Contraction","floor":20},{"not_picked":["ShiftingGears+1","ShatteredReality+1"],"picked":"SilverBlades","floor":21},{"not_picked":["ShiftingGears","Unruled"],"picked":"Alleviate+1","floor":26},{"not_picked":["DoubleEdge+1","Replace"],"picked":"Ricochet+1","floor":27},{"not_picked":["Starlight","Alleviate","DoubleEdge+1"],"picked":"SKIP","floor":32},{"not_picked":["Alleviate","Starlight"],"picked":"Defy","floor":33},{"not_picked":["FloweringNight","Sunlight"],"picked":"LightFlow","floor":35},{"not_picked":["Unruled","ShatteredReality+1"],"picked":"Ricochet+1","floor":37},{"not_picked":["Spin","Starlight"],"picked":"Comet","floor":38},{"not_picked":["Revamp","Read+1"],"picked":"FastForward","floor":39},{"not_picked":["Potential+1","ShatteredReality"],"picked":"ShiftingGears","floor":40},{"not_picked":["Revamp+1","Starlight+1"],"picked":"FanOfKnives","floor":41},{"not_picked":["Unruled","Snipe+1"],"picked":"LightFlow","floor":42},{"not_picked":["WasteNot","Revamp"],"picked":"FastForward+1","floor":43},{"not_picked":["TimeWarp+1","DoubleEdge+1"],"picked":"Sabotage","floor":44},{"not_picked":["RealityMarble+1","Shuttle+1"],"picked":"SpecialFormula","floor":46},{"not_picked":["InstantArmor+1","Shuttle+1"],"picked":"Barrier+1","floor":47},{"not_picked":["Potential","FlawlessForm"],"picked":"BottledTime","floor":48}],"player_experience":107044,"relics_obtained":[{"floor":3,"key":"beaked:ShinyBauble"},{"floor":9,"key":"ReplayTheSpireMod:Lightbulb"},{"floor":14,"key":"Dream Catcher"},{"floor":26,"key":"infinitespire:Joker Card"},{"floor":28,"key":"infinitespire:ShieldingShard"},{"floor":39,"key":"infinitespire:CursedDice"},{"floor":42,"key":"Bag of Marbles"},{"floor":43,"key":"CatCart"},{"floor":45,"key":"Bottled Lightning"}],"event_choices":[{"damage_healed":0,"gold_gain":0,"player_choice":"Box","damage_taken":0,"relics_obtained":["Replay:Wax Seal"],"max_hp_gain":0,"max_hp_loss":0,"event_name":"Big Fish","floor":0,"gold_loss":0,"cards_obtained":["Regret"]},{"damage_healed":48,"gold_gain":0,"player_choice":"Full Heal","damage_taken":0,"max_hp_gain":0,"max_hp_loss":0,"event_name":"Wheel of Change","floor":22,"gold_loss":0},{"damage_healed":0,"gold_gain":0,"player_choice":"Fight","damage_taken":0,"max_hp_gain":0,"max_hp_loss":0,"event_name":"MindBloom","floor":39,"gold_loss":0},{"damage_healed":0,"gold_gain":0,"player_choice":"Fight","damage_taken":0,"max_hp_gain":0,"max_hp_loss":0,"event_name":"OrinTheCat","floor":43,"gold_loss":0},{"damage_healed":0,"gold_gain":0,"player_choice":"Max HP","damage_taken":0,"max_hp_gain":0,"max_hp_loss":3,"event_name":"Winding Halls","floor":49,"gold_loss":0}],"is_beta":false,"boss_relics":[{"not_picked":["Philosopher\u0027s Stone","Ring of Chaos"],"picked":"Sozu"},{"not_picked":["SacredBark","Replay:Grab Bag"],"picked":"construct:WeddingRing"}],"items_purged_floors":[5,19,31],"is_endless":false,"potions_floor_spawned":[1,10,11,14,18,21,26,32,37,38],"ascension_level":0}}