{"host":"1637j8siz7lzgd5k","time":1608381559,"event":{"mods":["BaseMod","Colored Map","Minty Spire (QoL Compilation)","StSLib","SuperFastMode"],"gold_per_floor":[116,130,130,55,55,55,55,386,410,410,424,434,434,446,446,524,524,538,463,478,349,399,399,399,399,451,469,498,510,520,530,530,607,607,618,618,258,275,300,331,331,361,384,384,399,399,18,43,43,43,43],"floor_reached":50,"playtime":1199,"items_purged":["Strike_R","Strike_R","Strike_R","Bash"],"score":1246,"play_id":"f2db3dd2-0e25-4a58-b228-72eb6fd8265a","local_time":"20201219213919","is_ascension_mode":true,"campfire_choices":[{"data":"Body Slam","floor":6,"key":"SMITH"},{"data":"Entrench","floor":13,"key":"SMITH"},{"data":"Offering","floor":15,"key":"SMITH"},{"data":"Barricade","floor":23,"key":"SMITH"},{"data":"Havoc","floor":25,"key":"SMITH"},{"floor":32,"key":"REST"},{"data":"Evolve","floor":41,"key":"SMITH"},{"floor":46,"key":"REST"},{"floor":49,"key":"REST"}],"circlet_count":0,"master_deck":["AscendersBane","Defend_R+1","Defend_R+1","Defend_R","Defend_R","Battle Trance","Body Slam+1","Shockwave","Offering+1","Entrench+1","Barricade+1","Havoc+1","Body Slam","Juggernaut","Body Slam+1","Evolve+1","Dual Wield+1","Battle Trance"],"relics":["Burning Blood","NeowsBlessing","Old Coin","Boot","Dead Branch","Sozu","Matryoshka","Omamori","Mango","Calling Bell","Akabeko","Pear","StoneCalendar","Lee\u0027s Waffle","Incense Burner","Happy Flower","Darkstone Periapt","Smiling Mask","Vajra","PreservedInsect","DollysMirror","Oddly Smooth Stone"],"acts_visited":["Exordium","TheCity","TheBeyond"],"potions_floor_usage":[14,16],"damage_taken":[{"damage":0,"enemies":"Cultist","floor":1,"turns":1},{"damage":0,"enemies":"Small Slimes","floor":2,"turns":1},{"damage":0,"enemies":"3 Sentries","floor":8,"turns":2},{"damage":0,"enemies":"2 Louse","floor":11,"turns":2},{"damage":1,"enemies":"2 Fungi Beasts","floor":12,"turns":3},{"damage":16,"enemies":"Exordium Wildlife","floor":14,"turns":3},{"damage":17,"enemies":"Slime Boss","floor":16,"turns":8},{"damage":23,"enemies":"3 Byrds","floor":18,"turns":7},{"damage":26,"enemies":"Shell Parasite","floor":20,"turns":6},{"damage":16,"enemies":"Centurion and Healer","floor":27,"turns":5},{"damage":9,"enemies":"Gremlin Leader","floor":28,"turns":4},{"damage":6,"enemies":"Snecko","floor":29,"turns":4},{"damage":9,"enemies":"3 Cultists","floor":30,"turns":4},{"damage":6,"enemies":"Cultist and Chosen","floor":31,"turns":4},{"damage":38,"enemies":"Collector","floor":33,"turns":6},{"damage":33,"enemies":"3 Shapes","floor":35,"turns":5},{"damage":17,"enemies":"Orb Walker","floor":38,"turns":2},{"damage":6,"enemies":"Mind Bloom Boss Battle","floor":39,"turns":4},{"damage":30,"enemies":"Nemesis","floor":40,"turns":7},{"damage":19,"enemies":"Giant Head","floor":42,"turns":4},{"damage":27,"enemies":"Sphere and 2 Shapes","floor":45,"turns":6},{"damage":52,"enemies":"Reptomancer","floor":48,"turns":4},{"damage":0,"enemies":"Donu and Deca","floor":50,"turns":1}],"seed_played":"3951205623875867043","potions_obtained":[{"floor":1,"key":"Fruit Juice"},{"floor":8,"key":"Strength Potion"},{"floor":14,"key":"ElixirPotion"}],"is_trial":false,"path_per_floor":["M","M","?","?","$","R","?","E","T","?","M","M","R","M","R","B",null,"M","$","M","$","?","R","?","R","T","M","E","M","M","M","R","B",null,"M","?","$","M","?","E","R","E","T","?","M","R","$","E","R","B"],"character_chosen":"IRONCLAD","items_purchased":["Havoc","Evolve","Lee\u0027s Waffle","PreservedInsect","DollysMirror"],"campfire_rested":3,"item_purchase_floors":[21,37,37,47,47],"current_hp_per_floor":[74,75,52,52,52,52,45,51,51,46,52,57,57,52,52,41,70,53,53,33,33,33,33,33,33,33,23,34,34,31,31,59,27,87,60,60,111,100,100,76,76,63,63,63,42,75,75,29,62,62,62],"gold":43,"neow_bonus":"THREE_ENEMY_KILL","is_daily":false,"chose_seed":false,"campfire_upgraded":6,"win_rate":0.0,"timestamp":1608381559,"path_taken":["M","?","?","?","$","R","?","E","T","?","M","?","R","M","R","BOSS","M","$","M","$","?","R","?","R","T","M","E","M","?","M","R","BOSS","M","?","$","?","?","E","R","E","T","?","M","R","$","E","R","BOSS"],"items_purchased_type":["Card","Card","Relic","Relic","Relic"],"build_version":"2020-12-13","purchased_purges":4,"victory":false,"max_hp_per_floor":[75,75,75,75,75,75,75,75,75,75,75,75,75,80,80,80,80,80,80,80,80,80,80,80,80,80,80,94,94,94,94,94,94,104,104,104,111,111,111,111,111,111,111,111,111,111,111,111,111,111,111],"card_choices":[{"not_picked":["Clash","Metallicize"],"picked":"Battle Trance","floor":1},{"not_picked":["Flex","Headbutt"],"picked":"Body Slam","floor":2},{"not_picked":["Body Slam","Disarm"],"picked":"Shockwave","floor":8},{"not_picked":["Burning Pact","Evolve"],"picked":"Offering","floor":11},{"not_picked":["Iron Wave","Twin Strike"],"picked":"Entrench","floor":12},{"not_picked":["True Grit","Iron Wave"],"picked":"Havoc","floor":14},{"not_picked":["Immolate","Feed"],"picked":"Barricade","floor":16},{"not_picked":["Sentinel","Clash","Fire Breathing"],"picked":"SKIP","floor":18},{"not_picked":["Ghostly Armor","Whirlwind","Cleave"],"picked":"SKIP","floor":20},{"not_picked":["Dual Wield","Bloodletting"],"picked":"Body Slam","floor":27},{"not_picked":["Body Slam","Entrench","Reckless Charge"],"picked":"SKIP","floor":28},{"not_picked":["Warcry","Armaments","Flex"],"picked":"SKIP","floor":29},{"not_picked":["Armaments","Headbutt"],"picked":"Juggernaut","floor":30},{"not_picked":["Anger","Sword Boomerang"],"picked":"Body Slam+1","floor":31},{"not_picked":["Blood for Blood+1","Cleave","Pommel Strike"],"picked":"SKIP","floor":35},{"not_picked":["Iron Wave","Rupture","Thunderclap"],"picked":"SKIP","floor":38},{"not_picked":["Pommel Strike","Perfected Strike","Brutality"],"picked":"SKIP","floor":40},{"not_picked":["Hemokinesis","Pommel Strike","Uppercut"],"picked":"SKIP","floor":42},{"not_picked":["Ghostly Armor","Iron Wave+1"],"picked":"Dual Wield+1","floor":45},{"not_picked":["True Grit","Clothesline","Whirlwind+1"],"picked":"SKIP","floor":48}],"player_experience":808154,"relics_obtained":[{"floor":8,"key":"Old Coin"},{"floor":9,"key":"Boot"},{"floor":24,"key":"Matryoshka"},{"floor":26,"key":"Omamori"},{"floor":28,"key":"Mango"},{"floor":34,"key":"Akabeko"},{"floor":34,"key":"Pear"},{"floor":34,"key":"StoneCalendar"},{"floor":39,"key":"Incense Burner"},{"floor":40,"key":"Happy Flower"},{"floor":42,"key":"Darkstone Periapt"},{"floor":43,"key":"Smiling Mask"},{"floor":43,"key":"Vajra"},{"floor":48,"key":"Oddly Smooth Stone"}],"event_choices":[{"damage_healed":0,"gold_gain":0,"player_choice":"Entered Light","damage_taken":23,"max_hp_gain":0,"max_hp_loss":0,"event_name":"Shining Light","floor":3,"gold_loss":0,"cards_upgraded":["Defend_R","Defend_R"]},{"cards_removed":["Strike_R"],"damage_healed":0,"gold_gain":0,"player_choice":"Card Removal","damage_taken":0,"max_hp_gain":0,"max_hp_loss":0,"event_name":"The Cleric","floor":4,"gold_loss":75},{"cards_removed":["Strike_R"],"damage_healed":0,"gold_gain":0,"player_choice":"Card Removal","damage_taken":7,"max_hp_gain":0,"max_hp_loss":0,"event_name":"Golden Wing","floor":7,"gold_loss":0},{"damage_healed":0,"gold_gain":0,"player_choice":"Success","damage_taken":5,"relics_obtained":["Dead Branch"],"max_hp_gain":0,"max_hp_loss":0,"event_name":"Scrap Ooze","floor":10,"gold_loss":0},{"damage_healed":0,"gold_gain":50,"player_choice":"Stole From Cult","damage_taken":0,"max_hp_gain":0,"max_hp_loss":0,"event_name":"Nest","floor":22,"gold_loss":0},{"damage_healed":0,"gold_gain":0,"player_choice":"Relic","damage_taken":0,"max_hp_gain":0,"max_hp_loss":0,"event_name":"Wheel of Change","floor":24,"gold_loss":0},{"damage_healed":0,"gold_gain":0,"player_choice":"Got Potions","damage_taken":0,"max_hp_gain":0,"max_hp_loss":0,"event_name":"Lab","floor":36,"gold_loss":0},{"damage_healed":0,"gold_gain":0,"player_choice":"Fight","damage_taken":0,"max_hp_gain":0,"max_hp_loss":0,"event_name":"MindBloom","floor":39,"gold_loss":0},{"cards_removed":["Havoc"],"damage_healed":0,"gold_gain":0,"player_choice":"Removed Skill","damage_taken":0,"max_hp_gain":0,"max_hp_loss":0,"event_name":"Falling","floor":44,"gold_loss":0}],"is_beta":false,"boss_relics":[{"not_picked":["SacredBark","SlaversCollar"],"picked":"Sozu"},{"not_picked":["Fusion Hammer","Runic Dome"],"picked":"Calling Bell"}],"items_purged_floors":[19,21,37,47],"is_endless":false,"potions_floor_spawned":[1,8,14,18,28,29,33,38,40,45],"killed_by":"Donu and Deca","ascension_level":20}}