{"host":"rz01j32460kf2mtw","time":1608372574,"event":{"mods":["BaseMod","Koishi","Marisa????????","Minty Spire (QoL Compilation)","Prisma Mod","Quick Restart","StSLib","The Cursed","The Disciple","The Jungle","The Runesmith","The Servant 0.9.4"],"gold_per_floor":[118,19,19,35,35,35,48,83,106,106,206,206,226,226,226],"floor_reached":14,"playtime":704,"items_purged":[],"score":88,"play_id":"1379980f-ae2d-48e6-92f1-3193bcafff66","local_time":"20201219030934","is_ascension_mode":false,"campfire_choices":[{"data":"Runesmith:Repurpose","floor":6,"key":"SMITH"},{"floor":12,"key":"REST"}],"circlet_count":0,"master_deck":["Runesmith:Strike_RS+1","Runesmith:Strike_RS","Runesmith:Strike_RS","Runesmith:Defend_RS","Runesmith:Defend_RS","Runesmith:Defend_RS","Runesmith:CraftFirestone","Runesmith:Fortify","Decay","Runesmith:Reinforce","Runesmith:CraftPrismatica","Runesmith:Firestorm","Runesmith:Grindstone","Runesmith:HeatExchange+1","Runesmith:Repurpose+1","Runesmith:BackupBattery","Runesmith:DoubleUp"],"relics":["Runesmith:BrokenRuby","Shuriken","Pantograph","Tiny Chest","Bronze Scales"],"acts_visited":["Exordium"],"potions_floor_usage":[8,14],"damage_taken":[{"damage":6,"enemies":"Jaw Worm","floor":1,"turns":3},{"damage":13,"enemies":"Cultist","floor":4,"turns":5},{"damage":5,"enemies":"2 Louse","floor":7,"turns":3},{"damage":2,"enemies":"Lagavulin","floor":8,"turns":7},{"damage":8,"enemies":"Large Slime","floor":13,"turns":5},{"damage":47,"enemies":"Gremlin Nob","floor":14,"turns":4}],"seed_played":"-8504426638776775900","potions_obtained":[{"floor":1,"key":"SkillPotion"},{"floor":13,"key":"Swift Potion"}],"is_trial":false,"path_per_floor":["M","$","?","M","T","R","M","E","T","?","?","R","M","E"],"character_chosen":"RUNESMITH_CLASS","items_purchased":["Runesmith:Grindstone","Runesmith:HeatExchange"],"campfire_rested":1,"item_purchase_floors":[2,2],"current_hp_per_floor":[64,64,64,51,51,51,46,44,44,30,30,51,43,0,0],"gold":226,"neow_bonus":"TRANSFORM_TWO_CARDS","is_daily":false,"chose_seed":false,"campfire_upgraded":1,"win_rate":0.0,"timestamp":1608372574,"path_taken":["M","$","?","?","?","R","M","E","T","?","?","R","M","E"],"items_purchased_type":["Card","Card"],"build_version":"2020-12-13","purchased_purges":0,"victory":false,"max_hp_per_floor":[70,70,70,70,70,70,70,70,70,70,70,70,70,70,70],"card_choices":[{"not_picked":["Runesmith:RuneHurl","Runesmith:EarthShield"],"picked":"Runesmith:Firestorm","floor":1},{"not_picked":["Runesmith:CraftMagma","Runesmith:Accelerate"],"picked":"Runesmith:Repurpose","floor":4},{"not_picked":["Runesmith:MakeshiftArmor","Runesmith:Repurpose"],"picked":"Runesmith:BackupBattery","floor":7},{"not_picked":["Runesmith:CraftMagma","Runesmith:CraftVitae"],"picked":"Runesmith:DoubleUp","floor":8},{"not_picked":["Runesmith:HammerThrow","Runesmith:HeatedChisel","Runesmith:Firewall"],"picked":"SKIP","floor":13}],"player_experience":928521,"relics_obtained":[{"floor":3,"key":"Shuriken"},{"floor":5,"key":"Pantograph"},{"floor":8,"key":"Tiny Chest"},{"floor":9,"key":"Bronze Scales"}],"event_choices":[{"damage_healed":0,"gold_gain":0,"player_choice":"Relic","damage_taken":0,"max_hp_gain":0,"max_hp_loss":0,"event_name":"Wheel of Change","floor":3,"gold_loss":0},{"damage_healed":0,"gold_gain":0,"player_choice":"Entered Light","damage_taken":14,"max_hp_gain":0,"max_hp_loss":0,"event_name":"Shining Light","floor":10,"gold_loss":0,"cards_upgraded":["Runesmith:Strike_RS","Runesmith:HeatExchange"]},{"damage_healed":0,"gold_gain":100,"player_choice":"Pray","damage_taken":0,"max_hp_gain":0,"max_hp_loss":0,"event_name":"Golden Shrine","floor":11,"gold_loss":0}],"is_beta":false,"boss_relics":[],"items_purged_floors":[],"is_endless":false,"potions_floor_spawned":[1,13],"killed_by":"Gremlin Nob","ascension_level":0}}