{"host":"ry95t1gxi682w1un","time":1608352494,"event":{"mods":["BaseMod","Block Reminder","Downfall","Highlight Path","Minty Spire (QoL Compilation)","Random Character Button","StSLib"],"gold_per_floor":[99,130,130,158,158,158,210,248,318,330,357,369,394,15,28,128,128,128,141,173,173,173,173,198,233,243,275,185,135,135,53,68,171,171,171,181,181,215,234,272,272,272,329,356,379,397,64,64,87,87],"floor_reached":51,"playtime":2503,"items_purged":["Writhe"],"score":1105,"play_id":"db7a2321-fc4b-476b-ba49-dfcda4d2a802","local_time":"20201218233454","is_ascension_mode":true,"campfire_choices":[{"data":"champ:Taunt","floor":1.0,"key":"SMITH"},{"data":"champ:DefensiveStyle","floor":6.0,"key":"SMITH"},{"data":"champ:TornadoPunch","floor":10.0,"key":"SMITH"},{"data":"champ:CalledShot","floor":18,"key":"SMITH"},{"data":"champ:FalseCounter","floor":23,"key":"SMITH"},{"data":"champ:FalseCounter","floor":35,"key":"SMITH"},{"data":"champ:HoldFirm","floor":37,"key":"SMITH"},{"data":"champ:ShieldSigil","floor":42,"key":"SMITH"}],"circlet_count":0,"master_deck":["champ:Strike+1","champ:Strike","champ:Strike","champ:Strike","champ:Defend+1","champ:Defend","champ:Defend","champ:Defend+1","champ:Taunt+1","champ:ShieldSigil+1","champ:DefensiveStyle+1","champ:TornadoPunch+1","champ:ShieldSigil","champ:ShieldSigil+1","champ:Circumvent","champ:CalledShot+1","champ:ShieldThrow","champ:ShieldWall","champ:ShieldThrow+1","champ:FalseCounter+1","champ:Circumvent","champ:ArenaPreparation","champ:SkillfulDodge","champ:RisingSlash","champ:DefensiveStyle","champ:FalseCounter+1","champ:HoldFirm+1","champ:SkillfulDodge","champ:Balance+1","champ:TornadoPunch","champ:Lariat+1","champ:DefensiveShout"],"relics":["champ:ChampionCrown","downfall:HeartsMalice","War Paint","downfall:ShatteredFragment","Torii","MawBank","champ:FightingForDummies","Centennial Puzzle","OrangePellets","Black Star","Toy Ornithopter","Pantograph","Regal Pillow","Whetstone","Orichalcum","Lizard Tail","hexamod:BolsterEngine","Ginger","sneckomod:SneckoTalon","Akabeko","CeramicFish","Ancient Tea Set","Happy Flower","Sundial","FossilizedHelix","Anchor","Bronze Scales"],"acts_visited":["Exordium","TheCity","TheBeyond"],"potions_floor_usage":[25,26,28,31,50,50],"damage_taken":[{"damage":0.0,"enemies":"3 Sentries","floor":2.0,"turns":1.0},{"damage":0.0,"enemies":"Gremlin Nob","floor":4.0,"turns":1.0},{"damage":0.0,"enemies":"Cultist","floor":5.0,"turns":1.0},{"damage":5.0,"enemies":"Lagavulin","floor":8.0,"turns":6.0},{"damage":1.0,"enemies":"Lagavulin Event","floor":9.0,"turns":4.0},{"damage":0.0,"enemies":"Jaw Worm","floor":11.0,"turns":2.0},{"damage":0.0,"enemies":"Small Slimes","floor":13.0,"turns":3.0},{"damage":8,"enemies":"downfall:FleeingMerchant","floor":14,"turns":4},{"damage":0,"enemies":"Large Slime","floor":15,"turns":3},{"damage":16,"enemies":"downfall:Defect","floor":16,"turns":6},{"damage":6,"enemies":"Shell Parasite","floor":19,"turns":3},{"damage":1,"enemies":"Gremlin Leader","floor":20,"turns":5},{"damage":61,"enemies":"Book of Stabbing","floor":25,"turns":8},{"damage":14,"enemies":"Centurion and Healer","floor":26,"turns":7},{"damage":35,"enemies":"Gremlin Leader","floor":27,"turns":8},{"damage":20,"enemies":"downfall:FleeingMerchant","floor":28,"turns":4},{"damage":20,"enemies":"downfall:FleeingMerchant","floor":31,"turns":4},{"damage":10,"enemies":"Snecko","floor":32,"turns":3},{"damage":14,"enemies":"downfall:Watcher","floor":33,"turns":6},{"damage":14,"enemies":"3 Darklings","floor":36,"turns":5},{"damage":5,"enemies":"Giant Head","floor":38,"turns":7},{"damage":6,"enemies":"3 Shapes","floor":39,"turns":2},{"damage":5,"enemies":"Nemesis","floor":40,"turns":5},{"damage":26,"enemies":"2 Orb Walkers","floor":43,"turns":6},{"damage":1,"enemies":"Reptomancer","floor":44,"turns":5},{"damage":0,"enemies":"Jaw Worm Horde","floor":45,"turns":3},{"damage":7,"enemies":"Maw","floor":46,"turns":4},{"damage":16,"enemies":"Spire Growth","floor":49,"turns":3},{"damage":59,"enemies":"downfall:Silent","floor":50,"turns":5}],"seed_played":"2973974968321420663","potions_obtained":[{"floor":2.0,"key":"sneckomod:MuddlingPotion"},{"floor":4.0,"key":"Energy Potion"},{"floor":8.0,"key":"AttackPotion"},{"floor":13,"key":"Regen Potion"},{"floor":15,"key":"Regen Potion"},{"floor":26,"key":"FearPotion"},{"floor":27,"key":"SkillPotion"},{"floor":30,"key":"hexamod:EctoCoolerPotion"},{"floor":32,"key":"Weak Potion"}],"is_trial":false,"path_per_floor":["R","E","?","E","M","R","T","E","?","R","M","?","M","$","M","B",null,"R","M","E","?","?","R","T","E","M","E","$","?","?","$","M","B",null,"R","M","R","E","M","E","T","R","?","E","M","M","?","?","M","B",null],"character_chosen":"THE_CHAMP","items_purchased":["champ:ShieldThrow","champ:ShieldWall","OrangePellets","champ:DefensiveStyle"],"campfire_rested":0,"item_purchase_floors":[14,14,14,31],"current_hp_per_floor":[90,90,63,63,63,63,63,63,62,62,62,62,62,62,62,46,90,90,89,88,88,88,88,88,51,57,42,57,90,90,90,80,81,90,90,81,81,81,80,80,80,80,59,63,63,61,101,101,85,52],"gold":87,"neow_bonus":"THREE_ENEMY_KILL","is_daily":false,"chose_seed":false,"campfire_upgraded":8,"win_rate":0.0,"timestamp":1608352494,"path_taken":["R","E","?","E","M","R","T","E","?","R","M","?","M","$","M","BOSS","R","M","E","?","?","R","T","E","M","E","?","?","?","$","M","BOSS","R","M","R","E","M","E","T","R","?","E","M","M","?","?","M","BOSS"],"items_purchased_type":["Card","Card","Relic","Card"],"build_version":"2020-12-13","purchased_purges":1,"victory":true,"max_hp_per_floor":[90,90,90,90,90,90,90,90,90,90,90,90,90,90,90,90,90,90,90,90,90,90,90,90,90,90,90,90,90,90,90,90,90,90,90,90,90,90,90,90,90,90,90,90,90,90,101,101,101,101],"card_choices":[{"not_picked":["champ:ViciousMockery","champ:MurderStrike"],"picked":"champ:ShieldSigil","floor":2.0},{"not_picked":["champ:AdrenalArmor","champ:FaceSlap"],"picked":"champ:DefensiveStyle","floor":4.0},{"not_picked":["champ:FightOn","champ:CalledShot"],"picked":"champ:TornadoPunch","floor":5.0},{"not_picked":["champ:FocusedBerserking","champ:Backstep"],"picked":"champ:ShieldSigil","floor":8.0},{"not_picked":["champ:AdrenalArmor","champ:StrikeOfGenius"],"picked":"champ:ShieldSigil","floor":9.0},{"not_picked":["champ:Haymaker","champ:FanOfKnives","champ:FocusedBerserking"],"picked":"SKIP","floor":11.0},{"not_picked":["champ:PerfectedStrike","champ:TornadoPunch"],"picked":"champ:Circumvent","floor":13},{"not_picked":["champ:AdrenalArmor","champ:PreciseThrust"],"picked":"champ:CalledShot","floor":14},{"not_picked":["champ:RageSigil","champ:FanOfKnives","champ:Haymaker"],"picked":"SKIP","floor":15},{"not_picked":["champ:IgnorePain","champ:CheapShot"],"picked":"champ:ShieldThrow","floor":16},{"not_picked":["champ:FanOfKnives","champ:RecklessLeap"],"picked":"champ:FalseCounter","floor":19},{"not_picked":["champ:FocusedBerserking","champ:BladeFlurry"],"picked":"champ:Circumvent","floor":20},{"not_picked":["champ:StanceDance","champ:Circumvent"],"picked":"champ:SkillfulDodge","floor":25},{"not_picked":["champ:FanOfKnives+1","champ:Backstep"],"picked":"champ:RisingSlash","floor":26},{"not_picked":["champ:Backstep","champ:GladiatorStyle+1","champ:ArenaPreparation"],"picked":"SKIP","floor":27},{"not_picked":["champ:GutPunch+1","champ:IronFortress","champ:BringItOn"],"picked":"SKIP","floor":28},{"not_picked":["champ:Backstep+1","champ:GladiatorsShout","champ:ShieldSigil"],"picked":"SKIP","floor":31},{"not_picked":["champ:CrookedStrike","champ:SwordSigil+1"],"picked":"champ:FalseCounter","floor":32},{"not_picked":["champ:VampiricStrike","champ:ShieldSlam"],"picked":"champ:HoldFirm","floor":33},{"not_picked":["champ:Encircle+1","champ:StanceDance+1","champ:FanOfKnives+1"],"picked":"SKIP","floor":36},{"not_picked":["champ:BringItOn","champ:AdrenalArmor","champ:DeathBlow+1"],"picked":"SKIP","floor":38},{"not_picked":["champ:Encircle","champ:FocusedGladiator"],"picked":"champ:SkillfulDodge","floor":39},{"not_picked":["champ:CheapShot","champ:DeathBlow+1"],"picked":"champ:Balance+1","floor":40},{"not_picked":["champ:Circumvent+1","champ:RisingSlash+1"],"picked":"champ:TornadoPunch","floor":43},{"not_picked":["champ:RageSigil","champ:StanceDance","champ:BladeFlurry"],"picked":"SKIP","floor":44},{"not_picked":["champ:DefensiveStyle","champ:FanOfKnives+1"],"picked":"champ:Lariat+1","floor":45},{"not_picked":["champ:BerserkersShout+1","champ:GladiatorStyle+1","champ:GladiatorsShout+1"],"picked":"SKIP","floor":46},{"not_picked":["champ:GutPunch","champ:VampiricStrike"],"picked":"champ:DefensiveShout","floor":49}],"player_experience":519697,"relics_obtained":[{"floor":2.0,"key":"War Paint"},{"floor":4.0,"key":"Torii"},{"floor":7.0,"key":"MawBank"},{"floor":8.0,"key":"champ:FightingForDummies"},{"floor":9.0,"key":"Centennial Puzzle"},{"floor":20,"key":"Toy Ornithopter"},{"floor":20,"key":"Pantograph"},{"floor":24,"key":"Whetstone"},{"floor":25,"key":"Orichalcum"},{"floor":25,"key":"Lizard Tail"},{"floor":27,"key":"hexamod:BolsterEngine"},{"floor":27,"key":"Ginger"},{"floor":38,"key":"Akabeko"},{"floor":38,"key":"CeramicFish"},{"floor":40,"key":"Ancient Tea Set"},{"floor":40,"key":"Happy Flower"},{"floor":41,"key":"Sundial"},{"floor":43,"key":"FossilizedHelix"},{"floor":44,"key":"Anchor"},{"floor":44,"key":"Bronze Scales"}],"event_choices":[{"damage_healed":0.0,"max_hp_gain":0.0,"max_hp_loss":0.0,"gold_gain":0.0,"event_name":"Living Wall","player_choice":"Grow","floor":12.0,"gold_loss":0.0,"damage_taken":0.0,"cards_upgraded":["champ:ShieldSigil"]},{"damage_healed":0,"gold_gain":0,"player_choice":"Read","damage_taken":0,"max_hp_gain":0,"max_hp_loss":0,"event_name":"The Library","floor":21,"gold_loss":0,"cards_obtained":["champ:ArenaPreparation"]},{"damage_healed":0,"gold_gain":0,"player_choice":"Got Potions","damage_taken":0,"max_hp_gain":0,"max_hp_loss":0,"event_name":"Lab","floor":30,"gold_loss":0},{"damage_healed":0,"gold_gain":0,"player_choice":"Fight","damage_taken":0,"max_hp_gain":0,"max_hp_loss":0,"event_name":"Mysterious Sphere","floor":43,"gold_loss":0},{"cards_removed":["champ:Execute"],"damage_healed":0,"gold_gain":0,"player_choice":"Removed Attack","damage_taken":0,"max_hp_gain":0,"max_hp_loss":0,"event_name":"Falling","floor":48,"gold_loss":0}],"is_beta":false,"boss_relics":[{"not_picked":["Sozu","Empty Cage"],"picked":"Black Star"},{"not_picked":["Pandora\u0027s Box","SacredBark"],"picked":"sneckomod:SneckoTalon"}],"items_purged_floors":[28],"is_endless":false,"potions_floor_spawned":[2,4,8,13,15,20,26,27,32,39,44,45,46],"ascension_level":1}}