{"host":"q5vpntglr38zhb0c","time":1608376730,"event":{"mods":["BaseMod","Colored Map","DeckTracker","Keyboard Shortcuts","Minty Spire (QoL Compilation)","Permanent Neow","StSLib","SuperFastMode","everything is the same but u backflip on backflip"],"gold_per_floor":[13,32,32,45,56,82,82,7,7,7,7,24,47,57,57,135,135,149,199,149,149,166,180,180,205,205,219,238,238,238,250,250,327,327,346,363,155,155,155],"floor_reached":38,"playtime":1118,"items_purged":["Strike_B","Defend_B","Defend_B"],"score":796,"play_id":"ea4cff3f-6bdd-4a78-ba09-a152aa36eace","local_time":"20201219201850","is_ascension_mode":true,"campfire_choices":[{"data":"Beam Cell","floor":7.0,"key":"SMITH"},{"data":"Zap","floor":11.0,"key":"SMITH"},{"data":"Dualcast","floor":15.0,"key":"SMITH"},{"floor":24.0,"key":"REST"},{"floor":29,"key":"REST"},{"floor":32,"key":"REST"}],"circlet_count":0,"master_deck":["AscendersBane","Zap+1","Dualcast+1","Streamline","Cold Snap","Sweeping Beam","Beam Cell+1","Self Repair","Electrodynamics","Skim+1","Hologram","Glacier+1","Hologram","Undo","Meteor Strike","Heatsinks+1","Sweeping Beam+1","Reboot+1","BootSequence+1"],"relics":["Cracked Core","Thread and Needle","Sundial","Dead Branch","Smiling Mask","Inserter","Enchiridion","Ice Cream","Letter Opener","Astrolabe","OrangePellets"],"acts_visited":["Exordium","TheCity","TheBeyond"],"potions_floor_usage":[25,33,38],"damage_taken":[{"damage":0.0,"enemies":"Cultist","floor":1.0,"turns":4.0},{"damage":3.0,"enemies":"Jaw Worm","floor":2.0,"turns":3.0},{"damage":0.0,"enemies":"2 Louse","floor":4.0,"turns":3.0},{"damage":0.0,"enemies":"Exordium Thugs","floor":5.0,"turns":3.0},{"damage":21.0,"enemies":"Gremlin Nob","floor":6.0,"turns":4.0},{"damage":0.0,"enemies":"Large Slime","floor":12.0,"turns":4.0},{"damage":2.0,"enemies":"Lots of Slimes","floor":14.0,"turns":3.0},{"damage":10.0,"enemies":"Slime Boss","floor":16.0,"turns":11.0},{"damage":2.0,"enemies":"3 Byrds","floor":18.0,"turns":2.0},{"damage":12.0,"enemies":"2 Thieves","floor":22.0,"turns":3.0},{"damage":0.0,"enemies":"3 Cultists","floor":23.0,"turns":2.0},{"damage":55,"enemies":"Book of Stabbing","floor":25,"turns":5},{"damage":3,"enemies":"Sentry and Sphere","floor":27,"turns":4},{"damage":11,"enemies":"Centurion and Healer","floor":28,"turns":5},{"damage":17,"enemies":"Snake Plant","floor":31,"turns":6},{"damage":38,"enemies":"Champ","floor":33,"turns":14},{"damage":6,"enemies":"3 Darklings","floor":35,"turns":2},{"damage":0,"enemies":"Orb Walker","floor":36,"turns":4},{"damage":72,"enemies":"Maw","floor":38,"turns":7}],"seed_played":"-9156529307359127325","potions_obtained":[{"floor":1.0,"key":"Energy Potion"},{"floor":4.0,"key":"AttackPotion"},{"floor":12.0,"key":"EssenceOfDarkness"},{"floor":16.0,"key":"PowerPotion"},{"floor":25,"key":"BlessingOfTheForge"},{"floor":33,"key":"BlessingOfTheForge"}],"is_trial":false,"path_per_floor":["M","M","?","M","M","E","R","$","T","?","R","M","T","M","R","B",null,"M","?","$","?","M","M","R","E","T","M","M","R","?","M","R","B",null,"M","M","$","M"],"character_chosen":"DEFECT","items_purchased":["OrangePellets"],"campfire_rested":3,"item_purchase_floors":[37],"current_hp_per_floor":[64,61,61,61,61,40,40,40,40,40,40,40,40,45,45,42,64,69,69,69,48,43,43,64,16,16,20,16,37,37,20,41,10,56,57,64,64,0,0],"gold":155,"neow_bonus":"ONE_RARE_RELIC","is_daily":false,"chose_seed":false,"campfire_upgraded":3,"win_rate":0.0,"timestamp":1608376730,"path_taken":["M","M","?","M","M","E","R","?","T","?","R","?","?","M","R","BOSS","M","?","?","?","M","M","R","E","T","M","M","R","?","M","R","BOSS","M","?","$","?"],"items_purchased_type":["Relic"],"build_version":"2020-12-13","purchased_purges":3,"victory":false,"max_hp_per_floor":[71,71,71,71,71,71,71,71,71,71,71,71,71,71,71,71,71,71,71,71,71,71,71,71,71,71,71,71,71,71,71,71,71,71,71,71,71,71,71],"card_choices":[{"not_picked":["Gash","Glacier"],"picked":"Streamline","floor":1.0},{"not_picked":["Redo","Rebound"],"picked":"Cold Snap","floor":2.0},{"not_picked":["Go for the Eyes","Leap"],"picked":"Sweeping Beam","floor":4.0},{"not_picked":["Leap","Gash"],"picked":"Beam Cell","floor":5.0},{"not_picked":["Static Discharge","Gash","Steam Power"],"picked":"SKIP","floor":6.0},{"not_picked":["Coolheaded","Conserve Battery"],"picked":"Self Repair","floor":12.0},{"not_picked":["Redo","Amplify","Melter"],"picked":"SKIP","floor":14.0},{"not_picked":["Reboot","Biased Cognition"],"picked":"Electrodynamics","floor":16.0},{"not_picked":["Coolheaded","Gash"],"picked":"Skim+1","floor":18.0},{"not_picked":["Melter","Storm"],"picked":"Hologram","floor":22.0},{"not_picked":["Streamline","Force Field","Rip and Tear"],"picked":"SKIP","floor":23.0},{"not_picked":["Rip and Tear","Lockon"],"picked":"Glacier+1","floor":25},{"not_picked":["Reinforced Body","Aggregate","Hello World"],"picked":"SKIP","floor":27},{"not_picked":["Cold Snap","Conserve Battery"],"picked":"Hologram","floor":28},{"not_picked":["Compile Driver","Go for the Eyes"],"picked":"Undo","floor":31},{"not_picked":["Machine Learning","Amplify"],"picked":"Meteor Strike","floor":33},{"not_picked":["Capacitor","Go for the Eyes","Sweeping Beam"],"picked":"SKIP","floor":35},{"not_picked":["Barrage+1","Rebound"],"picked":"BootSequence+1","floor":36}],"player_experience":1305704,"relics_obtained":[{"floor":6.0,"key":"Sundial"},{"floor":9.0,"key":"Dead Branch"},{"floor":13.0,"key":"Smiling Mask"},{"floor":21.0,"key":"Enchiridion"},{"floor":25,"key":"Ice Cream"},{"floor":26,"key":"Letter Opener"}],"event_choices":[{"cards_removed":["Strike_B"],"damage_healed":0.0,"max_hp_gain":0.0,"max_hp_loss":0.0,"gold_gain":0.0,"event_name":"Purifier","player_choice":"Purged","floor":3.0,"gold_loss":0.0,"damage_taken":0.0},{"cards_removed":["Defend_B"],"damage_healed":0.0,"max_hp_gain":0.0,"max_hp_loss":0.0,"gold_gain":0.0,"event_name":"Bonfire Elementals","player_choice":"Offered Basic","floor":10.0,"gold_loss":0.0,"damage_taken":0.0},{"damage_healed":0.0,"max_hp_gain":0.0,"max_hp_loss":0.0,"gold_gain":100.0,"event_name":"The Joust","player_choice":"Bet on Murderer","floor":19.0,"gold_loss":50.0,"damage_taken":0.0},{"damage_healed":0.0,"max_hp_gain":0.0,"max_hp_loss":0.0,"gold_gain":0.0,"event_name":"Cursed Tome","player_choice":"Obtained Book","floor":21.0,"gold_loss":0.0,"damage_taken":21.0},{"damage_healed":0,"gold_gain":0,"player_choice":"Ignored","damage_taken":0,"max_hp_gain":0,"max_hp_loss":0,"event_name":"N\u0027loth","floor":30,"gold_loss":0}],"is_beta":false,"boss_relics":[{"not_picked":["Busted Crown","FrozenCore"],"picked":"Inserter"},{"not_picked":["Coffee Dripper","Sozu"],"picked":"Astrolabe"}],"items_purged_floors":[8,20,37],"is_endless":false,"potions_floor_spawned":[1,4,12,16,25,31,33],"killed_by":"Maw","ascension_level":20}}