{"host":"98bdbcgi2hhn2gyr","time":1608409976,"event":{"mods":["BaseMod","Colored Map","Minty Spire (QoL Compilation)","StSLib","The Servant 0.9.4"],"gold_per_floor":[119,129,149,149,129,129,155,155,229,26,36,68,68,85,85,189,189,209,227,242,242,256,281,196,196,196,196,206,206,62,81,81,181,181,201,201,22,38,57,57,57,75,75,85,85,0,0,28,28,28],"floor_reached":51,"playtime":5026,"items_purged":["Strike_S"],"score":707,"play_id":"800b2ff2-2e94-4e30-9dae-59f591b55562","local_time":"20201220053256","is_ascension_mode":false,"campfire_choices":[{"data":"ShatteredReality","floor":6.0,"key":"SMITH"},{"data":"Luminosity","floor":8.0,"key":"SMITH"},{"data":"Luminosity","floor":15.0,"key":"SMITH"},{"floor":29.0,"key":"REST"},{"data":"TheWorld","floor":32.0,"key":"SMITH"},{"data":"Exchange","floor":41,"key":"SMITH"},{"data":"SoulSculpture","floor":45,"key":"SMITH"},{"data":"Master of Strategy","floor":47,"key":"SMITH"},{"data":"Rearm","floor":49,"key":"SMITH"}],"circlet_count":0,"master_deck":["Strike_S","Strike_S","Strike_S","Defend_S","Defend_S","Defend_S","Defend_S","KidneyShot","Exchange+1","ShatteredReality+1","Moonlight","Sabotage","Rearm+1","Luminosity+1","Luminosity+1","ReturningBlade","TimeWarp","Sabotage","Potential+1","Rewind+1","BottledTime+1","TheWorld+1","Rewind+1","SoulSculpture+1","Master of Strategy+1","BottledTime+1","Rewind+1","Madness","Madness","Potential+1","FanOfKnives+1"],"relics":["SplendidAttire","MealTicket","Bronze Scales","Strawberry","Enchiridion","Kunai","Toy Ornithopter","Omamori","Mercury Hourglass","Nunchaku","Cursed Key","CaptainsWheel","Red Mask","Letter Opener"],"acts_visited":["TheCity","TheBeyond"],"potions_floor_usage":[48,50,50],"damage_taken":[{"damage":1.0,"enemies":"Jaw Worm","floor":1.0,"turns":4.0},{"damage":5.0,"enemies":"Small Slimes","floor":2.0,"turns":3.0},{"damage":0.0,"enemies":"Cultist","floor":3.0,"turns":3.0},{"damage":8.0,"enemies":"3 Sentries","floor":7.0,"turns":4.0},{"damage":8.0,"enemies":"Exordium Thugs","floor":11.0,"turns":4.0},{"damage":0.0,"enemies":"Gremlin Nob","floor":12.0,"turns":3.0},{"damage":0.0,"enemies":"2 Fungi Beasts","floor":14.0,"turns":3.0},{"damage":9.0,"enemies":"The Guardian","floor":16.0,"turns":10.0},{"damage":0.0,"enemies":"Chosen","floor":18.0,"turns":3.0},{"damage":2.0,"enemies":"Spheric Guardian","floor":19.0,"turns":3.0},{"damage":12.0,"enemies":"Snake Plant","floor":20.0,"turns":4.0},{"damage":0.0,"enemies":"Cultist and Chosen","floor":22.0,"turns":4.0},{"damage":6.0,"enemies":"Gremlin Leader","floor":23.0,"turns":4.0},{"damage":0.0,"enemies":"Centurion and Healer","floor":28.0,"turns":3.0},{"damage":3.0,"enemies":"Chosen and Byrds","floor":31.0,"turns":4.0},{"damage":7.0,"enemies":"Automaton","floor":33.0,"turns":9.0},{"damage":9.0,"enemies":"3 Shapes","floor":35.0,"turns":3.0},{"damage":0,"enemies":"Orb Walker","floor":38,"turns":2},{"damage":0,"enemies":"Writhing Mass","floor":39,"turns":4},{"damage":3,"enemies":"4 Shapes","floor":42,"turns":3},{"damage":0,"enemies":"Transient","floor":44,"turns":5},{"damage":0,"enemies":"Nemesis","floor":48,"turns":3},{"damage":26,"enemies":"Donu and Deca","floor":50,"turns":9}],"seed_played":"-4665399809631121985","potions_obtained":[{"floor":1.0,"key":"GamblersBrew"},{"floor":3.0,"key":"ColorlessPotion"},{"floor":5.0,"key":"EntropicBrew"},{"floor":11.0,"key":"DistilledChaos"},{"floor":16.0,"key":"AttackPotion"},{"floor":19.0,"key":"FearPotion"},{"floor":22.0,"key":"Swift Potion"},{"floor":23.0,"key":"Ancient Potion"},{"floor":35.0,"key":"SmokeBomb"},{"floor":42,"key":"Block Potion"}],"is_trial":false,"path_per_floor":["M","M","M","?","?","R","E","R","T","$","M","E","$","M","R","B",null,"M","M","M","?","M","E","?","?","T","T","M","R","$","M","R","B",null,"M","?","$","M","M","?","R","M","T","M","R","?","R","E","R","B",null],"character_chosen":"THE_SERVANT","items_purchased":["Luminosity","Block Potion","Nunchaku","Master of Strategy"],"campfire_rested":1,"item_purchase_floors":[10,10,30,37],"current_hp_per_floor":[64,59,59,56,56,56,48,48,48,63,55,62,72,72,72,63,72,72,70,58,42,42,36,36,36,36,36,36,57,72,69,69,62,72,63,63,72,72,72,63,63,60,60,60,60,60,60,65,65,46],"gold":28,"neow_bonus":"THREE_CARDS","is_daily":false,"chose_seed":false,"campfire_upgraded":8,"win_rate":0.0,"timestamp":1608409976,"path_taken":["M","M","M","?","?","R","E","R","T","$","?","E","?","M","R","BOSS","M","M","M","?","M","E","?","?","T","?","?","R","?","M","R","BOSS","M","?","$","M","M","?","R","M","T","M","R","?","R","E","R","BOSS"],"items_purchased_type":["Card","Potion","Relic","Card"],"build_version":"2020-12-13","purchased_purges":1,"victory":true,"max_hp_per_floor":[65,65,65,65,65,65,65,65,65,65,65,72,72,72,72,72,72,72,72,72,72,72,72,72,72,72,72,72,72,72,72,72,72,72,72,72,72,72,72,72,72,72,72,72,72,72,72,72,72,72],"card_choices":[{"not_picked":["BottledTime","Rearm"],"picked":"ShatteredReality","floor":0.0},{"not_picked":["Potential","Alleviate"],"picked":"Moonlight","floor":1.0},{"not_picked":["Hightail","Revamp"],"picked":"Sabotage","floor":2.0},{"not_picked":["Replace","DoubleEdge"],"picked":"Rearm","floor":3.0},{"not_picked":["Spin","Starlight"],"picked":"Luminosity","floor":7.0},{"not_picked":["BottledTime","MoonPhase"],"picked":"ReturningBlade","floor":11.0},{"not_picked":["Moonlight","ShatteredReality"],"picked":"TimeWarp","floor":12.0},{"not_picked":["Starlight","ShatteredReality"],"picked":"Sabotage","floor":14.0},{"not_picked":["Duplication","LightFlow"],"picked":"SoulSculpture","floor":16.0},{"not_picked":["BottledTime+1","Spin+1"],"picked":"Potential+1","floor":18.0},{"not_picked":["Potential","Ricochet+1"],"picked":"Rewind+1","floor":19.0},{"not_picked":["ShatteredReality","Ricochet","Spin"],"picked":"SKIP","floor":20.0},{"not_picked":["Starlight","Comet","Alleviate"],"picked":"SKIP","floor":22.0},{"not_picked":["Alleviate","Potential+1"],"picked":"BottledTime+1","floor":23.0},{"not_picked":["Rearm+1","DualDimension"],"picked":"Rewind+1","floor":28.0},{"not_picked":["Rewind","Manipulate","Spin"],"picked":"SKIP","floor":31.0},{"not_picked":["LightFlow","MurderousAura"],"picked":"SoulSculpture","floor":33.0},{"not_picked":["TimeWarp+1","BottledTime","Potential"],"picked":"SKIP","floor":35.0},{"not_picked":["Rearm+1","Revamp+1"],"picked":"BottledTime+1","floor":38},{"not_picked":["BottledTime+1","Reset"],"picked":"Rewind+1","floor":39},{"not_picked":["Spin","Moondial+1"],"picked":"Potential+1","floor":42},{"not_picked":["StarChef","Shuttle","Collapse+1"],"picked":"SKIP","floor":44},{"not_picked":["Sunlight","Comet+1"],"picked":"FanOfKnives+1","floor":48}],"player_experience":348445,"relics_obtained":[{"floor":7.0,"key":"Bronze Scales"},{"floor":12.0,"key":"Strawberry"},{"floor":21.0,"key":"Enchiridion"},{"floor":23.0,"key":"Kunai"},{"floor":26.0,"key":"Omamori"},{"floor":27.0,"key":"Mercury Hourglass"},{"floor":43,"key":"CaptainsWheel"},{"floor":48,"key":"Letter Opener"}],"event_choices":[{"damage_healed":0.0,"max_hp_gain":0.0,"max_hp_loss":0.0,"gold_gain":0.0,"event_name":"Scrap Ooze","player_choice":"Success","floor":4.0,"gold_loss":0.0,"damage_taken":3.0,"relics_obtained":["MealTicket"]},{"damage_healed":0.0,"max_hp_gain":0.0,"max_hp_loss":0.0,"gold_gain":0.0,"event_name":"The Woman in Blue","player_choice":"Bought 1 Potion","floor":5.0,"gold_loss":0.0,"damage_taken":0.0},{"damage_healed":0.0,"max_hp_gain":0.0,"max_hp_loss":0.0,"gold_gain":0.0,"event_name":"Cursed Tome","player_choice":"Obtained Book","floor":21.0,"gold_loss":0.0,"damage_taken":16.0},{"damage_healed":0.0,"max_hp_gain":0.0,"max_hp_loss":0.0,"gold_gain":0.0,"event_name":"Addict","player_choice":"Obtained Relic","floor":24.0,"gold_loss":85.0,"damage_taken":0.0,"relics_obtained":["Toy Ornithopter"]},{"damage_healed":0.0,"max_hp_gain":0.0,"max_hp_loss":0.0,"gold_gain":0.0,"event_name":"The Library","player_choice":"Read","floor":25.0,"gold_loss":0.0,"damage_taken":0.0,"cards_obtained":["TheWorld"]},{"cards_removed":["SoulSculpture"],"damage_healed":0,"gold_gain":0,"player_choice":"Removed Attack","damage_taken":0,"max_hp_gain":0,"max_hp_loss":0,"event_name":"Falling","floor":36,"gold_loss":0},{"damage_healed":0,"gold_gain":0,"player_choice":"Embrace Madness","damage_taken":9,"max_hp_gain":0,"max_hp_loss":0,"event_name":"Winding Halls","floor":40,"gold_loss":0,"cards_obtained":["Madness","Madness"]},{"damage_healed":0,"gold_gain":0,"player_choice":"Paid","damage_taken":0,"relics_obtained":["Red Mask"],"max_hp_gain":0,"max_hp_loss":0,"event_name":"Tomb of Lord Red Mask","floor":46,"gold_loss":85}],"is_beta":false,"boss_relics":[{"not_picked":["Ectoplasm","Runic Dome"],"picked":"SplendidAttire"},{"not_picked":["Tiny House","Snecko Eye"],"picked":"Cursed Key"}],"items_purged_floors":[10],"is_endless":false,"potions_floor_spawned":[1,3,11,16,19,22,23,35,42],"ascension_level":0}}