{"host":"xcuflocadasoaqda","time":1608348417,"event":{"mods":["BaseMod","Bestiary","Filter the Spire","Minty Spire (QoL Compilation)","Relic Stats"],"gold_per_floor":[118,168,4,79,95,130,130,158,158,123,133,133,149,168,168,242,242,262,5,31,43,43,72,84,127,139,151,177,201,246,258,270,357,369,401,433,68,68,79,113,113,142,142,172,172,189,189,203,203,203,203,203,203,43,73,73],"floor_reached":57,"playtime":6712,"items_purged":["Eruption","Evaluate","Evaluate"],"score":3466,"play_id":"05f493bc-4dc1-4136-afcf-812ddb303a3b","local_time":"20201218212657","is_ascension_mode":true,"campfire_choices":[{"data":"Devotion","floor":7,"key":"SMITH"},{"data":"Tantrum","floor":12,"key":"SMITH"},{"data":"SpiritShield","floor":15,"key":"SMITH"},{"data":"DeusExMachina","floor":24,"key":"SMITH"},{"data":"1","floor":27,"key":"LIFT"},{"data":"2","floor":32,"key":"LIFT"},{"data":"3","floor":45,"key":"LIFT"},{"floor":49,"key":"RECALL"},{"data":"WaveOfTheHand","floor":53,"key":"SMITH"}],"circlet_count":0,"master_deck":["AscendersBane","Vigilance+1","FearNoEvil+1","Vault+1","DevaForm+1","SpiritShield+1","Alpha+1","Wallop+1","Tantrum+1","Devotion+1","Vault+1","Prostrate+1","DeusExMachina+1","WheelKick+1","SandsOfTime+1","MentalFortress+1","MentalFortress+1","LessonLearned+1","WaveOfTheHand+1","Vault+1"],"relics":["Pandora\u0027s Box","Mummified Hand","TeardropLocket","Akabeko","Snecko Eye","OrangePellets","Red Mask","MawBank","Lizard Tail","Girya","Strawberry","Busted Crown","PreservedInsect","White Beast Statue","War Paint","Potion Belt","DollysMirror","Torii"],"acts_visited":["Exordium","TheCity","TheBeyond","TheEnding"],"potions_floor_usage":[8,48,56,56,56],"damage_taken":[{"damage":2,"enemies":"Small Slimes","floor":1,"turns":3},{"damage":0,"enemies":"Cultist","floor":5,"turns":3},{"damage":0,"enemies":"Lagavulin","floor":6,"turns":5},{"damage":27,"enemies":"Gremlin Nob","floor":8,"turns":6},{"damage":0,"enemies":"Jaw Worm","floor":11,"turns":1},{"damage":0,"enemies":"3 Louse","floor":13,"turns":1},{"damage":0,"enemies":"Blue Slaver","floor":14,"turns":2},{"damage":0,"enemies":"Slime Boss","floor":16,"turns":5},{"damage":0,"enemies":"Shell Parasite","floor":18,"turns":4},{"damage":0,"enemies":"Masked Bandits","floor":20,"turns":4},{"damage":0,"enemies":"Chosen","floor":21,"turns":5},{"damage":0,"enemies":"Gremlin Leader","floor":23,"turns":5},{"damage":4,"enemies":"Book of Stabbing","floor":25,"turns":5},{"damage":0,"enemies":"Snake Plant","floor":28,"turns":3},{"damage":0,"enemies":"Centurion and Healer","floor":29,"turns":3},{"damage":0,"enemies":"Gremlin Leader","floor":30,"turns":4},{"damage":0,"enemies":"Champ","floor":33,"turns":6},{"damage":0,"enemies":"3 Darklings","floor":35,"turns":4},{"damage":0,"enemies":"3 Shapes","floor":36,"turns":3},{"damage":0,"enemies":"Transient","floor":39,"turns":8},{"damage":0,"enemies":"Reptomancer","floor":40,"turns":3},{"damage":0,"enemies":"Nemesis","floor":42,"turns":4},{"damage":0,"enemies":"Reptomancer","floor":44,"turns":4},{"damage":0,"enemies":"Maw","floor":46,"turns":6},{"damage":4,"enemies":"Jaw Worm Horde","floor":48,"turns":3},{"damage":0,"enemies":"Awakened One","floor":50,"turns":8},{"damage":0,"enemies":"Donu and Deca","floor":51,"turns":5},{"damage":0,"enemies":"Shield and Spear","floor":55,"turns":3},{"damage":32,"enemies":"The Heart","floor":56,"turns":9}],"seed_played":"-4555169654928337288","potions_obtained":[{"floor":1,"key":"EssenceOfSteel"},{"floor":5,"key":"SpeedPotion"},{"floor":11,"key":"LiquidBronze"},{"floor":14,"key":"LiquidMemories"},{"floor":28,"key":"Swift Potion"},{"floor":35,"key":"DistilledChaos"},{"floor":44,"key":"GamblersBrew"},{"floor":46,"key":"SpeedPotion"},{"floor":48,"key":"Regen Potion"}],"is_trial":false,"path_per_floor":["M","?","$","?","M","E","R","E","T","?","M","R","M","M","R","B",null,"M","$","?","M","?","E","R","E","T","R","M","M","E","?","R","B",null,"M","M","$","?","M","E","$","E","T","E","R","M","?","M","R","B","B",null,"R","$","E","B",null],"character_chosen":"WATCHER","items_purchased":["Tantrum","OrangePellets","WaveOfTheHand","PreservedInsect","DollysMirror"],"campfire_rested":0,"item_purchase_floors":[3,19,37,37,54],"current_hp_per_floor":[59,59,59,48,48,48,48,21,21,38,38,38,38,38,38,38,61,61,61,61,61,42,42,42,38,38,38,38,38,45,45,45,45,71,71,71,71,71,71,71,71,71,71,71,71,71,71,67,67,67,67,77,77,77,77,57],"gold":73,"neow_bonus":"BOSS_RELIC","is_daily":false,"chose_seed":false,"campfire_upgraded":5,"win_rate":0.0,"timestamp":1608348417,"path_taken":["M","?","?","?","M","E","R","E","T","?","?","R","M","M","R","BOSS","M","$","?","M","?","E","R","E","T","R","M","M","E","?","R","BOSS","M","M","$","?","M","E","?","E","T","E","R","M","?","M","R","BOSS","BOSS","R","$","E","BOSS"],"items_purchased_type":["Card","Relic","Card","Relic","Relic"],"build_version":"2020-12-13","purchased_purges":3,"victory":true,"max_hp_per_floor":[68,68,68,68,68,68,68,68,68,68,68,68,68,68,68,68,68,68,68,68,68,73,73,73,73,73,73,73,73,80,80,80,80,80,80,80,80,80,80,80,80,80,80,80,80,80,80,80,80,80,80,80,80,80,80,80],"relic_stats":{"OrangePellets":[24],"Lizard Tail":0,"Busted Crown":20,"Torii":0,"counters":[29,125],"Mummified Hand":[176],"Snecko Eye":[61,59,53,63],"Pandora\u0027s Box":["FearNoEvil","Vault","Evaluate","Evaluate","DevaForm","SpiritShield","Alpha","Conclude"],"PreservedInsect":247,"War Paint":["Vigilance","Prostrate"],"MawBank":168,"obtain_stats":[{"Potion Belt":44,"Girya":26,"Torii":55,"PreservedInsect":37,"TeardropLocket":8,"War Paint":42,"MawBank":23,"Akabeko":9,"White Beast Statue":40,"OrangePellets":19,"Lizard Tail":25,"Busted Crown":34,"Mummified Hand":6,"DollysMirror":54,"Strawberry":30,"Snecko Eye":17,"Pandora\u0027s Box":0,"Red Mask":20,"PureWater":0},{"Potion Belt":23,"Girya":13,"Torii":28,"PreservedInsect":19,"TeardropLocket":4,"War Paint":22,"MawBank":12,"Akabeko":4,"White Beast Statue":21,"OrangePellets":9,"Lizard Tail":13,"Busted Crown":17,"Mummified Hand":3,"DollysMirror":27,"Strawberry":16,"Snecko Eye":8,"Pandora\u0027s Box":0,"Red Mask":10,"PureWater":0},{"Potion Belt":91,"Girya":49,"Torii":116,"PreservedInsect":72,"TeardropLocket":17,"War Paint":87,"MawBank":44,"Akabeko":17,"White Beast Statue":83,"OrangePellets":30,"Lizard Tail":49,"Busted Crown":65,"Mummified Hand":11,"DollysMirror":113,"Strawberry":59,"Snecko Eye":26,"Pandora\u0027s Box":0,"Red Mask":34,"PureWater":0}]},"card_choices":[{"not_picked":["ClearTheMind","EmptyMind"],"picked":"Wallop","floor":1},{"not_picked":["BowlingBash","ClearTheMind","ThirdEye"],"picked":"SKIP","floor":5},{"not_picked":["JustLucky","SashWhip"],"picked":"Devotion","floor":6},{"not_picked":["Conclude","SashWhip"],"picked":"Vault","floor":8},{"not_picked":["EmptyFist","Conclude","Evaluate"],"picked":"SKIP","floor":11},{"not_picked":["CrushJoints","BowlingBash","PathToVictory"],"picked":"SKIP","floor":13},{"not_picked":["CarveReality","PathToVictory"],"picked":"Prostrate","floor":14},{"not_picked":["Devotion","Scrawl"],"picked":"DeusExMachina","floor":16},{"not_picked":["Study+1","JustLucky"],"picked":"WheelKick","floor":18},{"not_picked":["FlyingSleeves","LikeWater","Prostrate"],"picked":"SKIP","floor":21},{"not_picked":["FlurryOfBlows","Consecrate","WaveOfTheHand"],"picked":"SKIP","floor":23},{"not_picked":["MasterReality","ClearTheMind+1"],"picked":"SandsOfTime","floor":25},{"not_picked":["FlurryOfBlows","Prostrate","JustLucky"],"picked":"SKIP","floor":28},{"not_picked":["WaveOfTheHand","SashWhip","MentalFortress+1"],"picked":"SKIP","floor":29},{"not_picked":["WaveOfTheHand","SashWhip"],"picked":"MentalFortress+1","floor":29},{"not_picked":["Wireheading","FearNoEvil"],"picked":"MentalFortress","floor":30},{"not_picked":["Judgement","MasterReality"],"picked":"LessonLearned","floor":33},{"not_picked":["ClearTheMind"],"picked":"SKIP","floor":35},{"not_picked":["ClearTheMind"],"picked":"SKIP","floor":35},{"not_picked":["EmptyBody"],"picked":"SKIP","floor":36},{"not_picked":["Evaluate"],"picked":"SKIP","floor":39},{"not_picked":["Evaluate"],"picked":"SKIP","floor":39},{"not_picked":["Halt"],"picked":"SKIP","floor":40},{"not_picked":["Collect"],"picked":"SKIP","floor":42},{"not_picked":["FlurryOfBlows+1"],"picked":"SKIP","floor":44},{"not_picked":["FlurryOfBlows"],"picked":"SKIP","floor":46},{"not_picked":["BattleHymn"],"picked":"SKIP","floor":48},{"not_picked":["ClearTheMind"],"picked":"SKIP","floor":55}],"player_experience":1744414,"relics_obtained":[{"floor":6,"key":"Mummified Hand"},{"floor":8,"key":"TeardropLocket"},{"floor":9,"key":"Akabeko"},{"floor":20,"key":"Red Mask"},{"floor":23,"key":"MawBank"},{"floor":25,"key":"Lizard Tail"},{"floor":26,"key":"Girya"},{"floor":30,"key":"Strawberry"},{"floor":40,"key":"White Beast Statue"},{"floor":42,"key":"War Paint"},{"floor":44,"key":"Potion Belt"},{"floor":55,"key":"Torii"}],"event_choices":[{"damage_healed":0,"gold_gain":50,"player_choice":"Pray","damage_taken":0,"max_hp_gain":0,"max_hp_loss":0,"event_name":"Golden Shrine","floor":2,"gold_loss":0},{"damage_healed":0,"gold_gain":75,"player_choice":"Gather Gold","damage_taken":11,"max_hp_gain":0,"max_hp_loss":0,"event_name":"World of Goop","floor":4,"gold_loss":0},{"damage_healed":17,"gold_gain":0,"player_choice":"Healed","damage_taken":0,"max_hp_gain":0,"max_hp_loss":0,"event_name":"The Cleric","floor":10,"gold_loss":35},{"damage_healed":0,"gold_gain":0,"player_choice":"Fought Bandits","damage_taken":0,"max_hp_gain":0,"max_hp_loss":0,"event_name":"Masked Bandits","floor":20,"gold_loss":0},{"damage_healed":0,"gold_gain":0,"player_choice":"Shed Blood","damage_taken":24,"max_hp_gain":5,"max_hp_loss":0,"event_name":"Forgotten Altar","floor":22,"gold_loss":0},{"damage_healed":0,"gold_gain":0,"player_choice":"Ignored","damage_taken":0,"max_hp_gain":0,"max_hp_loss":0,"event_name":"Vampires","floor":31,"gold_loss":0},{"cards_removed":["Conclude"],"damage_healed":0,"gold_gain":0,"player_choice":"Purged","damage_taken":0,"max_hp_gain":0,"max_hp_loss":0,"event_name":"Purifier","floor":38,"gold_loss":0},{"damage_healed":0,"gold_gain":0,"player_choice":"Memory 1","damage_taken":0,"max_hp_gain":0,"max_hp_loss":0,"event_name":"SensoryStone","floor":47,"gold_loss":0}],"is_beta":false,"boss_relics":[{"not_picked":["Calling Bell","Sozu"],"picked":"Snecko Eye"},{"not_picked":["Astrolabe","Runic Dome"],"picked":"Busted Crown"}],"items_purged_floors":[3,19,37],"is_endless":false,"potions_floor_spawned":[1,5,11,14,25,28,29,35,40,42,44,46,48,55],"ascension_level":20}}