{"host":"ggy1mjjy92c62u6a","time":1608361427,"event":{"mods":["BaseMod","Colored Powertips","Minty Spire (QoL Compilation)","Quick Restart","Shop Mod","Spicy Shops","StSLib","[IsaacMod]ÒÔÈö¼âËþ","¡¾ÒÅÎï¿¨ÅÆ¡¿REMEMod"],"gold_per_floor":[110,185,31,48,48,77,77,92,137,170,170,181,10,24,24,121,121,138,156,167,82,108,120,158,189,201,213,244,256,268,205,217,329,341,372,443,455,483,520,564,576,52,78,113,113,42,42,92,92,92],"floor_reached":51,"playtime":1918,"items_purged":["Defend_G","Strike_G+1","Defend_G","Defend_G+1"],"score":952,"play_id":"c1309a5a-0f26-4984-a307-139fa60dff8b","local_time":"20201219150347","is_ascension_mode":true,"campfire_choices":[{"data":"REME_GreenPollution","floor":7.0,"key":"SMITH"},{"data":"Metamorphosis","floor":11.0,"key":"SMITH"},{"data":"Calculated Gamble","floor":15.0,"key":"SMITH"},{"data":"Adrenaline","floor":23.0,"key":"SMITH"},{"floor":27.0,"key":"REST"},{"floor":29.0,"key":"REST"},{"data":"Catalyst","floor":32.0,"key":"SMITH"},{"floor":41.0,"key":"REST"},{"data":"Reflex","floor":45.0,"key":"SMITH"},{"floor":49.0,"key":"REST"}],"circlet_count":0,"master_deck":["Strike_G","Strike_G","Strike_G","Defend_G","Defend_G","Survivor","Neutralize","BloodyBrimstone","Metamorphosis+1","Slice","REME_GreenPollution+1","Reflex+1","REME_GreenPollution","Blur","Calculated Gamble+1","Adrenaline+1","Catalyst+1","Dagger Throw","Storm of Steel","REME_TwoStrings"],"relics":["Ring of the Serpent","HushsDoor","REME_ComplimentaryCards","NeowsBlessing","D6","REME_HandOfSuture","PillsDrop","Bag of Preparation","BookofShadows","InkBottle","Regal Pillow","Sozu","Pen Nib","MerchantsRug","Sundial","Happy Flower","EdensBlessing"],"acts_visited":["Exordium","TheCity","TheBeyond"],"potions_floor_usage":[],"damage_taken":[{"damage":0.0,"enemies":"Jaw Worm","floor":1.0,"turns":1.0},{"damage":0.0,"enemies":"Cultist","floor":4.0,"turns":1.0},{"damage":0.0,"enemies":"3 Sentries","floor":6.0,"turns":1.0},{"damage":0.0,"enemies":"Small Slimes","floor":8.0,"turns":3.0},{"damage":17.0,"enemies":"Gremlin Nob","floor":10.0,"turns":4.0},{"damage":0.0,"enemies":"Gremlin Gang","floor":12.0,"turns":3.0},{"damage":2.0,"enemies":"Large Slime","floor":14.0,"turns":4.0},{"damage":12.0,"enemies":"The Guardian","floor":16.0,"turns":6.0},{"damage":11.0,"enemies":"Spheric Guardian","floor":18.0,"turns":3.0},{"damage":18.0,"enemies":"3 Byrds","floor":19.0,"turns":3.0},{"damage":0.0,"enemies":"Centurion and Healer","floor":20.0,"turns":3.0},{"damage":0.0,"enemies":"Snake Plant","floor":22.0,"turns":2.0},{"damage":9.0,"enemies":"Gremlin Leader","floor":24.0,"turns":3.0},{"damage":9.0,"enemies":"Sentry and Sphere","floor":25.0,"turns":3.0},{"damage":32.0,"enemies":"Shelled Parasite and Fungi","floor":28.0,"turns":4.0},{"damage":14.0,"enemies":"Collector","floor":33.0,"turns":3.0},{"damage":0.0,"enemies":"3 Darklings","floor":35.0,"turns":2.0},{"damage":20.0,"enemies":"3 Shapes","floor":38.0,"turns":1.0},{"damage":14.0,"enemies":"Nemesis","floor":40.0,"turns":3.0},{"damage":7.0,"enemies":"Giant Head","floor":44.0,"turns":3.0},{"damage":11.0,"enemies":"Mind Bloom Boss Battle","floor":48.0,"turns":3.0},{"damage":34,"enemies":"Time Eater","floor":50,"turns":4}],"seed_played":"-4484291432662784001","potions_obtained":[{"floor":6.0,"key":"Weak Potion"},{"floor":12.0,"key":"SkillPotion"},{"floor":18.0,"key":"Fruit Juice"},{"floor":20.0,"key":"Swift Potion"},{"floor":24.0,"key":"BlessingOfTheForge"},{"floor":33.0,"key":"ColorlessPotion"}],"is_trial":false,"path_per_floor":["M","?","$","M","?","E","R","M","T","E","R","M","$","M","R","B",null,"M","M","M","?","M","R","E","M","T","R","M","R","?","?","R","B",null,"M","?","?","M","T","E","R","$","T","E","R","$","?","?","R","B",null],"character_chosen":"THE_SILENT","items_purchased":["REME_HandOfSuture","Calculated Gamble","InkBottle","Catalyst","MerchantsRug","Sundial","Happy Flower","REME_TwoStrings"],"campfire_rested":4,"item_purchase_floors":[3,13,13,17,42,42,42,46],"current_hp_per_floor":[70,59,59,59,45,45,45,48,48,31,31,31,31,29,29,17,50,39,26,26,26,26,26,17,8,8,38,6,36,36,36,36,22,50,50,35,35,15,15,1,30,30,37,33,33,33,33,22,54,20],"gold":92,"neow_bonus":"THREE_ENEMY_KILL","is_daily":false,"chose_seed":false,"campfire_upgraded":6,"win_rate":0.0,"timestamp":1608361427,"path_taken":["M","?","?","M","?","E","R","M","T","E","R","?","$","M","R","BOSS","M","M","?","?","M","R","E","M","T","R","?","R","?","?","R","BOSS","M","?","?","M","?","E","R","$","T","E","R","$","?","?","R","BOSS"],"items_purchased_type":["Relic","Card","Relic","Card","Relic","Relic","Relic","Card"],"build_version":"2020-12-13","purchased_purges":4,"victory":true,"max_hp_per_floor":[70,70,70,70,70,70,70,73,73,70,70,70,70,65,65,65,50,50,55,50,50,50,50,50,50,50,50,50,50,50,50,50,50,50,50,50,47,47,47,47,47,47,54,57,57,57,57,57,57,57],"card_choices":[{"not_picked":[],"picked":"BloodyBrimstone","floor":0.0},{"not_picked":["Acrobatics","Dodge and Roll","Slice"],"picked":"SKIP","floor":1.0},{"not_picked":["Infinite Blades","Quick Slash"],"picked":"Slice","floor":4.0},{"not_picked":["Noxious Fumes","Bane"],"picked":"REME_GreenPollution","floor":6.0},{"not_picked":["Quick Slash","Sucker Punch"],"picked":"Reflex","floor":8.0},{"not_picked":["Leg Sweep","Flying Knee"],"picked":"REME_GreenPollution","floor":10.0},{"not_picked":["Escape Plan","Quick Slash"],"picked":"Blur","floor":12.0},{"not_picked":["A Thousand Cuts","Acrobatics","Quick Slash"],"picked":"SKIP","floor":14.0},{"not_picked":["Storm of Steel","A Thousand Cuts"],"picked":"Adrenaline","floor":16.0},{"not_picked":["Finisher+1","Choke+1","Masterful Stab"],"picked":"SKIP","floor":18.0},{"not_picked":["Expertise","Deadly Poison+1"],"picked":"Dagger Throw","floor":19.0},{"not_picked":["Cloak And Dagger","Bane","Underhanded Strike"],"picked":"SKIP","floor":20.0},{"not_picked":["Acrobatics","Backstab","Deflect"],"picked":"SKIP","floor":22.0},{"not_picked":["Slice+1","Underhanded Strike","Dagger Spray+1"],"picked":"SKIP","floor":24.0},{"not_picked":["Finisher+1","Deflect","Accuracy+1"],"picked":"SKIP","floor":25.0},{"not_picked":["Envenom","Dodge and Roll+1","Setup"],"picked":"SKIP","floor":28.0},{"not_picked":["Malaise","Adrenaline"],"picked":"Storm of Steel","floor":33.0},{"not_picked":["Flying Knee","Slice","Accuracy"],"picked":"SKIP","floor":35.0},{"not_picked":["Deadly Poison","Riddle With Holes+1","Predator+1"],"picked":"SKIP","floor":38.0},{"not_picked":["Skewer","Deflect","Bane+1"],"picked":"SKIP","floor":40.0},{"not_picked":["Quick Slash+1","Dash+1","Expertise"],"picked":"SKIP","floor":44.0}],"player_experience":39392,"relics_obtained":[{"floor":6.0,"key":"PillsDrop"},{"floor":9.0,"key":"Bag of Preparation"},{"floor":10.0,"key":"BookofShadows"},{"floor":24.0,"key":"Regal Pillow"},{"floor":26.0,"key":"HowToJump"},{"floor":39.0,"key":"Pen Nib"},{"floor":40.0,"key":"Snake Skull"},{"floor":43.0,"key":"Strawberry"},{"floor":44.0,"key":"Vajra"},{"floor":48.0,"key":"EdensBlessing"}],"event_choices":[{"damage_healed":0.0,"max_hp_gain":0.0,"max_hp_loss":0.0,"gold_gain":75.0,"event_name":"World of Goop","player_choice":"Gather Gold","floor":2.0,"gold_loss":0.0,"damage_taken":11.0},{"damage_healed":0.0,"max_hp_gain":0.0,"max_hp_loss":0.0,"gold_gain":0.0,"event_name":"Shining Light","player_choice":"Entered Light","floor":5.0,"gold_loss":0.0,"damage_taken":14.0,"cards_upgraded":["Strike_G","Defend_G"]},{"damage_healed":0.0,"max_hp_gain":0.0,"max_hp_loss":0.0,"gold_gain":0.0,"event_name":"Addict","player_choice":"Obtained Relic","floor":21.0,"gold_loss":85.0,"damage_taken":0.0,"relics_obtained":["MawBank"]},{"damage_healed":0.0,"max_hp_gain":0.0,"max_hp_loss":0.0,"gold_gain":0.0,"event_name":"Ghosts","player_choice":"Ignored","floor":30.0,"gold_loss":0.0,"damage_taken":0.0},{"cards_removed":["Strike_G"],"damage_healed":0.0,"max_hp_gain":0.0,"max_hp_loss":0.0,"gold_gain":0.0,"event_name":"Beggar","player_choice":"Gave Gold","floor":31.0,"gold_loss":75.0,"damage_taken":0.0},{"damage_healed":0.0,"max_hp_gain":0.0,"max_hp_loss":3.0,"gold_gain":0.0,"event_name":"Winding Halls","player_choice":"Max HP","floor":37.0,"gold_loss":0.0,"damage_taken":0.0},{"damage_healed":0.0,"max_hp_gain":0.0,"max_hp_loss":0.0,"gold_gain":0.0,"event_name":"Tomb of Lord Red Mask","player_choice":"Ignored","floor":47.0,"gold_loss":0.0,"damage_taken":0.0},{"damage_healed":0.0,"max_hp_gain":0.0,"max_hp_loss":0.0,"gold_gain":0.0,"event_name":"MindBloom","player_choice":"Fight","floor":48.0,"gold_loss":0.0,"damage_taken":0.0}],"is_beta":false,"boss_relics":[{"not_picked":["Velvet Choker","Tiny House"],"picked":"Ring of the Serpent"},{"not_picked":[]},{"not_picked":["HoveringKite","Cursed Key"],"picked":"Sozu"},{"not_picked":[]}],"items_purged_floors":[17,17,42,46],"is_endless":false,"potions_floor_spawned":[4,6,12,16,18,20,24,33,35,38,48],"ascension_level":4}}