{"host":"yo9wwslrag05lh37","time":1608414000,"event":{"mods":["AchievementEnabler","BaseMod","Block Reminder","Colored Map","Colored Powertips","GifTheSpireLib","HexUI Lib","Highlight Path","Minty Spire (QoL Compilation)","Rare Cards Sparkle","Relic Stats","StSLib","everything is the same but u backflip on backflip"],"gold_per_floor":[112,112,77,96,108,108,137,149,174,174,186,186,221,59,59,59,59],"floor_reached":16,"playtime":787,"items_purged":["Parasite"],"score":220,"play_id":"e5dbaac4-be09-4f53-83c4-995824737f27","local_time":"20201219224000","is_ascension_mode":true,"campfire_choices":[{"data":"Underhanded Strike","floor":6,"key":"SMITH"},{"data":"Calculated Gamble","floor":15,"key":"SMITH"}],"circlet_count":0,"master_deck":["AscendersBane","Strike_G","Strike_G","Strike_G","Strike_G","Defend_G","Defend_G","Defend_G","Defend_G","Defend_G","Survivor","Neutralize","Underhanded Strike+1","Acrobatics","Predator","Calculated Gamble+1","Deadly Poison","Glass Knife","Footwork"],"relics":["Ring of the Snake","Regal Pillow","Art of War","Dream Catcher"],"acts_visited":["Exordium"],"potions_floor_usage":[7,8,13],"damage_taken":[{"damage":0,"enemies":"2 Louse","floor":1,"turns":3},{"damage":6,"enemies":"Small Slimes","floor":4,"turns":4},{"damage":1,"enemies":"Cultist","floor":5,"turns":5},{"damage":19,"enemies":"3 Sentries","floor":7,"turns":7},{"damage":21,"enemies":"Exordium Thugs","floor":8,"turns":6},{"damage":0,"enemies":"Blue Slaver","floor":11,"turns":3},{"damage":29,"enemies":"Lagavulin","floor":13,"turns":6},{"damage":30,"enemies":"Hexaghost","floor":16,"turns":11}],"seed_played":"7764432267504330762","potions_obtained":[{"floor":5,"key":"Strength Potion"},{"floor":7,"key":"Weak Potion"},{"floor":11,"key":"Regen Potion"}],"is_trial":false,"path_per_floor":["M","?","?","M","M","R","E","M","T","?","M","?","E","$","R","B"],"character_chosen":"THE_SILENT","items_purchased":["Footwork"],"campfire_rested":0,"item_purchase_floors":[14],"current_hp_per_floor":[65,58,72,66,65,65,46,25,25,43,43,43,29,29,29,0,0],"gold":59,"neow_bonus":"TEN_PERCENT_HP_BONUS","is_daily":false,"chose_seed":false,"campfire_upgraded":2,"win_rate":0.0,"timestamp":1608414000,"path_taken":["M","?","?","M","M","R","E","M","T","?","M","?","E","$","R","BOSS"],"items_purchased_type":["Card"],"build_version":"2020-12-13","purchased_purges":1,"victory":false,"max_hp_per_floor":[72,72,72,72,72,72,72,72,72,72,72,72,72,69,69,69,69],"relic_stats":{"Regal Pillow":0,"Dream Catcher":0,"counters":[8,45],"Art of War":[1],"obtain_stats":[{"Regal Pillow":7,"Dream Catcher":13,"Art of War":9,"Ring of the Snake":0},{"Regal Pillow":4,"Dream Catcher":7,"Art of War":5,"Ring of the Snake":0},{"Regal Pillow":19,"Dream Catcher":34,"Art of War":25,"Ring of the Snake":0}],"Ring of the Snake":[16]},"card_choices":[{"not_picked":["Bane","Dodge and Roll"],"picked":"Underhanded Strike","floor":1},{"not_picked":["Underhanded Strike","PiercingWail"],"picked":"Acrobatics","floor":4},{"not_picked":["Dagger Spray","Dodge and Roll"],"picked":"Predator","floor":5},{"not_picked":["Choke","Cloak And Dagger","Slice"],"picked":"SKIP","floor":7},{"not_picked":["Dash","Crippling Poison"],"picked":"Calculated Gamble","floor":8},{"not_picked":["Night Terror","Distraction"],"picked":"Deadly Poison","floor":11},{"not_picked":["Sucker Punch","Quick Slash"],"picked":"Glass Knife","floor":13}],"player_experience":1346308,"relics_obtained":[{"floor":7,"key":"Regal Pillow"},{"floor":9,"key":"Art of War"},{"floor":13,"key":"Dream Catcher"}],"event_choices":[{"cards_removed":["Strike_G"],"damage_healed":0,"gold_gain":0,"player_choice":"Card Removal","damage_taken":7,"max_hp_gain":0,"max_hp_loss":0,"event_name":"Golden Wing","floor":2,"gold_loss":0},{"damage_healed":18,"gold_gain":0,"player_choice":"Healed","damage_taken":0,"max_hp_gain":0,"max_hp_loss":0,"event_name":"The Cleric","floor":3,"gold_loss":35},{"damage_healed":18,"gold_gain":0,"player_choice":"Healed and dodged fight","damage_taken":0,"max_hp_gain":0,"max_hp_loss":0,"event_name":"Mushrooms","floor":10,"gold_loss":0,"cards_obtained":["Parasite"]},{"damage_healed":0,"gold_gain":0,"player_choice":"Ignored","damage_taken":0,"max_hp_gain":0,"max_hp_loss":0,"event_name":"Liars Game","floor":12,"gold_loss":0}],"is_beta":false,"boss_relics":[],"items_purged_floors":[14],"is_endless":false,"potions_floor_spawned":[5,7,11],"killed_by":"Hexaghost","ascension_level":20}}