{"host":"ow9msrs9p2ctkx99","time":1608409841,"event":{"mods":["AchievementEnabler","BaseMod","Colored Map","Colored Powertips","Minty Spire (QoL Compilation)","Permanent Neow","Quick Restart","SuperFastMode"],"gold_per_floor":[119,119,119,135,135,135,146,71,71,71,100,112,127,137,137,232,232,247,157,57,74,84,84,118,137,183,183,193,208,208,208,208,303,303,319,319,333,343,343,343,373,373,373,373],"floor_reached":43,"playtime":675,"items_purged":["Regret","Defend_R"],"score":455,"play_id":"eb5b77d4-1d58-4d75-b98b-36c9866ba7bc","local_time":"20201219213041","is_ascension_mode":false,"campfire_choices":[{"data":"Bash","floor":6.0,"key":"SMITH"},{"data":"Carnage","floor":10.0,"key":"SMITH"},{"data":"Strike_R","floor":15.0,"key":"PURGE"},{"data":"Strike_R","floor":23.0,"key":"PURGE"},{"floor":27.0,"key":"REST"},{"data":"Defend_R","floor":30.0,"key":"PURGE"},{"data":"Defend_R","floor":32.0,"key":"PURGE"},{"data":"Shame","floor":40.0,"key":"PURGE"},{"data":"Strike_R+1","floor":42.0,"key":"PURGE"}],"circlet_count":0,"master_deck":["Strike_R+1","Bash+1","Carnage+1","Offering","Flame Barrier","Decay"],"relics":["Burning Blood","Tiny Chest","Paper Frog","Shuriken","Ice Cream","Peace Pipe","Cursed Key","Omamori","Calling Bell","Anchor","Matryoshka","CaptainsWheel","PreservedInsect","InkBottle","Mummified Hand"],"acts_visited":["Exordium","TheCity","TheBeyond"],"potions_floor_usage":[],"damage_taken":[{"damage":10.0,"enemies":"Jaw Worm","floor":1.0,"turns":4.0},{"damage":5.0,"enemies":"2 Louse","floor":4.0,"turns":2.0},{"damage":3.0,"enemies":"Cultist","floor":7.0,"turns":3.0},{"damage":14.0,"enemies":"3 Sentries","floor":11.0,"turns":7.0},{"damage":0.0,"enemies":"2 Fungi Beasts","floor":12.0,"turns":3.0},{"damage":5.0,"enemies":"Looter","floor":13.0,"turns":3.0},{"damage":11.0,"enemies":"Blue Slaver","floor":14.0,"turns":3.0},{"damage":50.0,"enemies":"Slime Boss","floor":16.0,"turns":12.0},{"damage":16.0,"enemies":"Spheric Guardian","floor":18.0,"turns":3.0},{"damage":6.0,"enemies":"Shell Parasite","floor":21.0,"turns":2.0},{"damage":19.0,"enemies":"Centurion and Healer","floor":22.0,"turns":3.0},{"damage":33.0,"enemies":"Slavers","floor":24.0,"turns":6.0},{"damage":7.0,"enemies":"3 Cultists","floor":25.0,"turns":4.0},{"damage":0.0,"enemies":"Snecko","floor":28.0,"turns":3.0},{"damage":12.0,"enemies":"Centurion and Healer","floor":29.0,"turns":4.0},{"damage":52.0,"enemies":"Champ","floor":33.0,"turns":6.0},{"damage":8.0,"enemies":"3 Shapes","floor":35.0,"turns":5.0},{"damage":18.0,"enemies":"3 Darklings","floor":37.0,"turns":4.0},{"damage":4.0,"enemies":"Jaw Worm Horde","floor":38.0,"turns":4.0},{"damage":36.0,"enemies":"Reptomancer","floor":41.0,"turns":5.0}],"seed_played":"-5693182341073788266","potions_obtained":[{"floor":1.0,"key":"EssenceOfSteel"},{"floor":14.0,"key":"GamblersBrew"},{"floor":16.0,"key":"EssenceOfSteel"},{"floor":24.0,"key":"Energy Potion"},{"floor":33.0,"key":"AttackPotion"},{"floor":37.0,"key":"PowerPotion"}],"is_trial":false,"path_per_floor":["M","?","?","M","T","R","M","$","T","R","E","M","M","M","R","B",null,"M","?","$","M","M","R","E","M","T","R","M","M","R","?","R","B",null,"M","T","M","M","?","R","E","R","T"],"character_chosen":"IRONCLAD","items_purchased":[],"campfire_rested":1,"item_purchase_floors":[],"current_hp_per_floor":[76,60,60,61,61,61,64,64,64,64,56,62,63,58,58,14,80,70,70,70,70,57,57,30,29,29,53,59,53,53,53,53,7,80,78,78,66,68,68,68,38,38,38,38],"gold":373,"neow_bonus":"RANDOM_COMMON_RELIC","is_daily":false,"chose_seed":false,"campfire_upgraded":2,"win_rate":0.0,"timestamp":1608409841,"path_taken":["M","?","?","?","?","R","M","$","T","R","E","M","M","M","R","BOSS","M","?","?","M","M","R","E","M","T","R","M","M","R","?","R","BOSS","M","?","M","M","?","R","E","R","T"],"items_purchased_type":[],"build_version":"2020-12-13","purchased_purges":2,"victory":false,"max_hp_per_floor":[80,80,80,80,80,80,80,80,80,80,80,80,80,80,80,80,80,80,80,80,80,80,80,80,80,80,80,80,80,80,80,80,80,80,80,80,80,80,80,80,80,80,80,80],"card_choices":[{"not_picked":["Clash","Body Slam"],"picked":"Carnage","floor":1.0},{"not_picked":["Anger","Wild Strike","Pommel Strike"],"picked":"SKIP","floor":4.0},{"not_picked":["Ghostly Armor","Infernal Blade","Twin Strike"],"picked":"SKIP","floor":7.0},{"not_picked":["Infernal Blade","Exhume","Armaments"],"picked":"SKIP","floor":11.0},{"not_picked":["Entrench","Spot Weakness","Power Through"],"picked":"SKIP","floor":12.0},{"not_picked":["Clothesline","Perfected Strike","Armaments"],"picked":"SKIP","floor":13.0},{"not_picked":["Battle Trance","Warcry","Twin Strike"],"picked":"SKIP","floor":14.0},{"not_picked":["Juggernaut","Brutality"],"picked":"Offering","floor":16.0},{"not_picked":["Twin Strike+1","Pommel Strike+1","Sentinel"],"picked":"SKIP","floor":18.0},{"not_picked":["Perfected Strike","Combust","Shrug It Off"],"picked":"SKIP","floor":21.0},{"not_picked":["Cleave","Reckless Charge+1","Shockwave"],"picked":"SKIP","floor":22.0},{"not_picked":["Dark Embrace+1","Clothesline+1","Cleave+1"],"picked":"SKIP","floor":24.0},{"not_picked":["Dual Wield+1","Armaments+1","Bludgeon"],"picked":"SKIP","floor":25.0},{"not_picked":["Seeing Red+1","Iron Wave","Shrug It Off"],"picked":"SKIP","floor":28.0},{"not_picked":["Bloodletting","Shrug It Off"],"picked":"Flame Barrier","floor":29.0},{"not_picked":["True Grit","Heavy Blade+1","Clash"],"picked":"SKIP","floor":35.0},{"not_picked":["Uppercut+1","Perfected Strike+1","Rage"],"picked":"SKIP","floor":37.0},{"not_picked":["Perfected Strike","Body Slam+1","True Grit+1"],"picked":"SKIP","floor":38.0},{"not_picked":["Battle Trance+1","Clothesline","Pommel Strike"],"picked":"SKIP","floor":41.0}],"player_experience":1092177,"relics_obtained":[{"floor":5.0,"key":"Shuriken"},{"floor":9.0,"key":"Ice Cream"},{"floor":11.0,"key":"Peace Pipe"},{"floor":24.0,"key":"Omamori"},{"floor":34.0,"key":"Anchor"},{"floor":34.0,"key":"Matryoshka"},{"floor":34.0,"key":"CaptainsWheel"},{"floor":36.0,"key":"PreservedInsect"},{"floor":36.0,"key":"InkBottle"},{"floor":41.0,"key":"Mummified Hand"}],"event_choices":[{"damage_healed":0.0,"max_hp_gain":0.0,"max_hp_loss":0.0,"gold_gain":0.0,"event_name":"Shining Light","player_choice":"Entered Light","floor":2.0,"gold_loss":0.0,"damage_taken":16.0,"cards_upgraded":["Strike_R","Defend_R"]},{"damage_healed":0.0,"max_hp_gain":0.0,"max_hp_loss":0.0,"gold_gain":0.0,"event_name":"Big Fish","player_choice":"Box","floor":3.0,"gold_loss":0.0,"damage_taken":0.0,"relics_obtained":["Paper Frog"],"cards_obtained":["Regret"]},{"cards_removed":["Strike_R"],"damage_healed":0.0,"max_hp_gain":0.0,"max_hp_loss":0.0,"gold_gain":0.0,"event_name":"Designer","player_choice":"Upgrade and Remove","floor":19.0,"gold_loss":90.0,"damage_taken":0.0,"cards_upgraded":["Strike_R"]},{"damage_healed":0.0,"max_hp_gain":0.0,"max_hp_loss":0.0,"gold_gain":0.0,"event_name":"Ghosts","player_choice":"Ignored","floor":31.0,"gold_loss":0.0,"damage_taken":0.0},{"cards_removed":["Defend_R"],"damage_healed":0.0,"max_hp_gain":0.0,"max_hp_loss":0.0,"gold_gain":0.0,"event_name":"Falling","player_choice":"Removed Skill","floor":39.0,"gold_loss":0.0,"damage_taken":0.0}],"is_beta":false,"boss_relics":[{"not_picked":["Black Blood","Fusion Hammer"],"picked":"Cursed Key"},{"not_picked":["Tiny House","Black Star"],"picked":"Calling Bell"}],"items_purged_floors":[8,20],"is_endless":false,"potions_floor_spawned":[1,14,16,18,24,33,37],"ascension_level":0}}