{"host":"h5acbxt0wmjo1kpm","time":1608360097,"event":{"mods":["2.2 Compatiblity","Act Like it!","AlwaysNeverKeys","Aspiration","Bartender","BaseMod","Better Third Choice","Colored Map","Downfall","Elementarium","Gensokyo","GifTheSpireLib","Hallownest","Marisa????????","Minty Spire (QoL Compilation)","Permanent Neow","Potionbrewer","Relic Filter","Replay The Spire","Robot Space Explorer","RumiaBox-????????","Shade Mod","Spicy Shops","StSLib","The Blackbeard","The Dragon Tamer","The Forsaken","The Gatherer","The Problem Sleuth","The Servant 0.9.4","Wandering Minibosses","vexMod"],"gold_per_floor":[99,110,138,157,185,285,285,285,285,317,317,317,327,19,33,135,135,135,170,170,170,188,205,279,279,308,158,178,328,339,38,90,191,191,191,351,365,190,224,139,189,189,12,12,12,35,54,72,85,185],"floor_reached":51,"playtime":5362,"items_purged":["champ:ViciousMockery","champ:Strike","Pain","theSleuth:MortholDryax"],"score":838,"play_id":"05f2727f-3dd2-47ed-8594-cdedb7115e36","local_time":"20201218224137","is_ascension_mode":true,"campfire_choices":[{"data":"champ:StrikeOfGenius","floor":1,"key":"SMITH"},{"data":"champ:TornadoPunch","floor":8,"key":"SMITH"},{"data":"champ:VampiricStrike","floor":18,"key":"SMITH"},{"data":"champ:PerfectedStrike","floor":20,"key":"SMITH"},{"data":"champ:EnGarde","floor":25,"key":"SMITH"},{"data":"champ:MurderStrike","floor":27,"key":"SMITH"},{"data":"champ:MurderStrike","floor":35,"key":"SMITH"},{"data":"champ:Improvising","floor":42,"key":"SMITH"},{"floor":44,"key":"RECALL"}],"circlet_count":0,"master_deck":["champ:Strike","champ:Strike","champ:Defend","champ:Defend","champ:Defend","champ:Defend","champ:Execute","champ:Taunt","champ:StrikeOfGenius+1","champ:EnGarde+1","champ:Lariat","champ:TornadoPunch+1","champ:MurderStrike+1","champ:BringItOn","champ:PerfectedStrike+1","champ:FlashCut","champ:VampiricStrike+1","champ:RapidStrikes+1","champ:CrookedStrike+1","champ:DefensiveStyle","champ:EndlessRage","champ:MurderStrike+1","champ:FlashCut+1","champ:DefensiveShout+1","champ:TornadoPunch+1","champ:MurderStrike+1","champ:PerfectedStrike+1","champ:Improvising+1","champ:ArenaPreparation+1","Hallownest:skillKingdomsEdgeMap","champ:Devastate+1","champ:CalledShot","Sickly","champ:GladiatorsShout+1","champ:PerfectForm","champ:SteelEdge+1"],"relics":["champ:ChampionCrown","SSSystem","Prayer Wheel","Pondfish Scales","Ccalipers","Counterbalance","Gensokyo:NagashiBinaDoll","Dead Branch","Cursed Key","Shuriken","Gremlin Food","downfall:HeartBlessingBlue","downfall:HeartBlessingGreen","wanderingMiniBosses:Inkheart","Membership Card","Replay:Wax Seal","Molten Egg 2","aspiration:RunicSpoon","Hallownest:GodTamersBeastRelic","vexMod:MemoryStick","sneckomod:BlankCard","vexMod:ScavengeHelm","vexMod:Dragonfruit","Omamori"],"acts_visited":["Gensokyo:Gensokyo","Hallownest:CityofTears","Hallownest:KingdomsEdge"],"potions_floor_usage":[5,10,13,16,16,19,28,33,36,36,48,50,50,50],"damage_taken":[{"damage":2,"enemies":"Gensokyo:Gryphon","floor":2,"turns":4},{"damage":53,"enemies":"Gensokyo:Mamizou","floor":3,"turns":9},{"damage":39,"enemies":"Gensokyo:2_Kodama","floor":4,"turns":9},{"damage":24,"enemies":"Gensokyo:Aya","floor":5,"turns":10},{"damage":13,"enemies":"Gensokyo:Cirno","floor":10,"turns":7},{"damage":13,"enemies":"Gensokyo:3_Fairies","floor":13,"turns":4},{"damage":0,"enemies":"downfall:FleeingMerchant","floor":14,"turns":4},{"damage":0,"enemies":"Gensokyo:LivingMonolith","floor":15,"turns":4},{"damage":14,"enemies":"downfall:Watcher","floor":16,"turns":6},{"damage":30,"enemies":"Hallownest:Nosk","floor":19,"turns":9},{"damage":28,"enemies":"Hallownest:Guard_and_Sentry","floor":22,"turns":5},{"damage":9,"enemies":"Hallownest:3_Youths","floor":23,"turns":4},{"damage":17,"enemies":"Hallownest:eliteWatcherKnight","floor":26,"turns":9},{"damage":23,"enemies":"Hallownest:monsterShrumalOgre","floor":28,"turns":6},{"damage":50,"enemies":"Hallownest:Warrior_and_Youth","floor":30,"turns":8},{"damage":13,"enemies":"downfall:FleeingMerchant","floor":31,"turns":4},{"damage":5,"enemies":"Hallownest:Glutton_and_Coward","floor":32,"turns":3},{"damage":16,"enemies":"downfall:Ironclad","floor":33,"turns":7},{"damage":18,"enemies":"downfall:Ironclad","floor":36,"turns":4},{"damage":37,"enemies":"downfall:Ironclad","floor":36,"turns":6},{"damage":53,"enemies":"downfall:Ironclad","floor":36,"turns":9},{"damage":1,"enemies":"downfall:Ironclad","floor":36,"turns":2},{"damage":18,"enemies":"Hallownest:2_Littles","floor":37,"turns":3},{"damage":21,"enemies":"downfall:FleeingMerchant","floor":38,"turns":4},{"damage":32,"enemies":"Hallownest:eliteHiveKnight","floor":39,"turns":5},{"damage":12,"enemies":"downfall:FleeingMerchant","floor":43,"turns":3},{"damage":20,"enemies":"Hallownest:Shield_Heavy","floor":47,"turns":3},{"damage":28,"enemies":"Hallownest:Shield_Sturdy","floor":48,"turns":4},{"damage":5,"enemies":"Hallownest:Slobbering_and_Violent","floor":49,"turns":3},{"damage":29,"enemies":"downfall:Silent","floor":50,"turns":5}],"seed_played":"-4805951327530875173","potions_obtained":[{"floor":3,"key":"PowerPotion"},{"floor":4,"key":"FearPotion"},{"floor":5,"key":"Death Potion"},{"floor":10,"key":"BlessingOfTheForge"},{"floor":15,"key":"EntropicBrew"},{"floor":23,"key":"potionbrewer:DiscountPotion"},{"floor":26,"key":"Dexterity Potion"},{"floor":30,"key":"champ:TechniquePotion"},{"floor":33,"key":"Energy Potion"},{"floor":39,"key":"Explosive Potion"},{"floor":47,"key":"Dexterity Potion"},{"floor":48,"key":"SteroidPotion"}],"is_trial":false,"path_per_floor":["R","M","E","M","E","?","T","R","?","E","T","?","M","$","M","B",null,"R","E","R","?","M","M","T","R","E","R","M","?","M","$","M","B",null,"R","?","M","$","E","?","T","R","$","R","?","T","M","M","M","B",null],"character_chosen":"THE_CHAMP","items_purchased":["Dead Branch","Membership Card","Replay:Wax Seal","Molten Egg 2","champ:Improvising","CultistPotion","champ:CalledShot","vexMod:ScavengeHelm","vexMod:Dragonfruit"],"campfire_rested":0,"item_purchase_floors":[14,31,31,31,38,43,43,43,43],"current_hp_per_floor":[90,88,61,39,23,23,23,23,32,28,28,28,24,24,24,15,90,90,90,90,55,70,90,90,90,90,100,94,94,100,100,97,100,100,100,100,82,100,100,100,100,100,105,105,105,105,105,91,105,99],"gold":185,"neow_bonus":"TRANSFORM_CARD","is_daily":false,"chose_seed":false,"campfire_upgraded":8,"win_rate":0.0,"timestamp":1608360097,"path_taken":["R","M","E","M","E","?","T","R","?","E","?","?","M","$","M","BOSS","R","E","R","?","M","?","T","R","E","R","M","?","?","?","M","BOSS","R","?","M","$","E","?","T","R","$","R","?","?","?","M","M","BOSS"],"items_purchased_type":["Relic","Relic","Relic","Relic","Card","Potion","Card","Relic","Relic"],"build_version":"2020-12-13","purchased_purges":4,"victory":true,"max_hp_per_floor":[90,90,90,90,90,90,90,90,90,90,90,90,90,90,90,90,90,90,90,90,90,90,90,90,90,90,100,100,100,100,100,100,100,100,100,100,100,100,100,100,100,100,105,105,105,105,105,105,105,105],"card_choices":[{"not_picked":["champ:Duel","champ:BringItOn"],"picked":"champ:ViciousMockery","floor":2},{"not_picked":["champ:FalseCounter","champ:Balance"],"picked":"champ:EnGarde","floor":3},{"not_picked":["champ:EndlessRage","champ:DefensiveShout"],"picked":"champ:Lariat","floor":4},{"not_picked":["champ:FlashCut","champ:StrikeOfGenius"],"picked":"champ:TornadoPunch","floor":5},{"not_picked":["champ:RecklessLeap","champ:FanOfKnives"],"picked":"champ:MurderStrike","floor":10},{"not_picked":["champ:PerfectedStrike","champ:FanOfKnives"],"picked":"champ:BringItOn","floor":13},{"not_picked":["champ:CrookedStrike","champ:Backstep","champ:Circumvent"],"picked":"SKIP","floor":13},{"not_picked":["champ:Backstep","champ:FlashCut","champ:RecklessLeap"],"picked":"SKIP","floor":14},{"not_picked":["champ:Shatter","champ:Aggression"],"picked":"champ:PerfectedStrike","floor":15},{"not_picked":["champ:Haymaker","champ:FocusedBerserking"],"picked":"champ:FlashCut","floor":15},{"not_picked":["champ:StrikeOfGenius","champ:CrownThrow"],"picked":"champ:VampiricStrike","floor":16},{"not_picked":["champ:BladeFlurry","champ:Riposte","champ:BerserkersShout"],"picked":"SKIP","floor":19},{"not_picked":["champ:BladeFlurry","champ:Riposte"],"picked":"champ:RapidStrikes+1","floor":22},{"not_picked":["champ:BladeFlurry","champ:SkillfulDodge"],"picked":"champ:CrookedStrike+1","floor":22},{"not_picked":["champ:EndlessRage","champ:Devastate"],"picked":"champ:DefensiveStyle","floor":23},{"not_picked":["champ:TornadoPunch","champ:BerserkersShout+1"],"picked":"champ:EndlessRage","floor":23},{"not_picked":["champ:PerfectedStrike","champ:BringItOn"],"picked":"champ:MurderStrike","floor":26},{"not_picked":["champ:FalseCounter","champ:StanceDance","champ:HeartStrike"],"picked":"SKIP","floor":28},{"not_picked":["champ:EnGarde","champ:AdrenalArmor","champ:BladeFlurry"],"picked":"SKIP","floor":28},{"not_picked":["champ:FocusedGladiator","champ:Lariat","champ:PerfectedStrike"],"picked":"SKIP","floor":30},{"not_picked":["champ:BerserkersShout+1","champ:Encircle+1","champ:FanOfKnives+1"],"picked":"SKIP","floor":30},{"not_picked":["champ:BerserkersShout","champ:FocusedDefense"],"picked":"champ:FlashCut+1","floor":31},{"not_picked":["champ:FocusedDefense+1","champ:Riposte+1"],"picked":"champ:DefensiveShout+1","floor":32},{"not_picked":["champ:Encircle+1","champ:StanceDance"],"picked":"champ:TornadoPunch+1","floor":32},{"not_picked":["champ:HoldFirm","champ:HeavySlash+1"],"picked":"champ:MurderStrike+1","floor":33},{"not_picked":["champ:DeathBlow+1","champ:Backstep+1"],"picked":"champ:PerfectedStrike+1","floor":37},{"not_picked":["champ:GladiatorsShout","champ:DefensiveShout+1","champ:RecklessLeap+1"],"picked":"SKIP","floor":37},{"not_picked":["champ:FlashCut+1","champ:CrookedStrike+1","champ:FocusedDefense"],"picked":"SKIP","floor":38},{"not_picked":["champ:Backstep+1","champ:PreciseThrust+1"],"picked":"champ:ArenaPreparation+1","floor":39},{"not_picked":["champ:FalseCounter","champ:FocusedBerserking"],"picked":"champ:Devastate+1","floor":43},{"not_picked":["champ:BladeFlurry+1","champ:HeartStrike+1"],"picked":"champ:GladiatorsShout+1","floor":47},{"not_picked":["champ:CalledShot","champ:AdrenalArmor+1","champ:BringItOn+1"],"picked":"SKIP","floor":47},{"not_picked":["champ:Backstep","champ:BringItOn+1","champ:TornadoPunch+1"],"picked":"SKIP","floor":48},{"not_picked":["champ:RecklessLeap+1","champ:RapidStrikes+1","champ:ViciousMockery+1"],"picked":"SKIP","floor":48},{"not_picked":["champ:Lariat+1","champ:PerfectedStrike+1"],"picked":"champ:PerfectForm","floor":49},{"not_picked":["champ:BladeFlurry+1","champ:TornadoPunch+1","champ:CrookedStrike+1"],"picked":"SKIP","floor":49},{"not_picked":["champ:StrikeOfGenius","champ:CrownThrow+1"],"picked":"champ:SteelEdge+1","floor":50}],"player_experience":2267856,"relics_obtained":[{"floor":3,"key":"SSSystem"},{"floor":5,"key":"Prayer Wheel"},{"floor":7,"key":"Pondfish Scales"},{"floor":10,"key":"Ccalipers"},{"floor":11,"key":"Counterbalance"},{"floor":19,"key":"Shuriken"},{"floor":26,"key":"Gremlin Food"},{"floor":30,"key":"wanderingMiniBosses:Inkheart"},{"floor":39,"key":"vexMod:MemoryStick"},{"floor":41,"key":"sneckomod:BlankCard"},{"floor":46,"key":"Omamori"}],"event_choices":[],"is_beta":false,"boss_relics":[{"not_picked":["Astrolabe","Empty Cage"],"picked":"Cursed Key"},{"not_picked":["aspiration:PoetsPen","ReplayTheSpireMod:DimensionalGlitch"],"picked":"aspiration:RunicSpoon"}],"items_purged_floors":[38,38,43,43],"is_endless":false,"potions_floor_spawned":[3,4,5,10,15,23,26,30,32,33,36,36,39,47,48,49],"ascension_level":1}}