{"host":"urcd10ipogtopotm","time":1608383333,"event":{"mods":["2.2 Compatiblity","AchievementEnabler","Act Like it!","Bard","BaseMod","Beaked The Cultist","Better Third Choice","Block Reminder","Colored Map","Colored Powertips","Downfall","Hallownest","Hermit","Highlight Path","Infinite Spire","Minty Spire (QoL Compilation)","Permanent Neow","Quick Restart","Random Character Button","Relic Stats","Replay The Spire","Shade Mod","Shop Mod","StSLib","The Blackbeard","The Bug Knight","The Construct","The Cursed","The Disciple","The Forsaken","The Hierophant","The Necromancer","The Runesmith","The Senshi","The Servant 0.9.4"],"gold_per_floor":[99,113,113,15,15,31,100,120,45,70,80,97,114,124,143,243,243,168,203,203,203,219,250,250,283,283,208,224,224,74,12,27,132,132,132,157,229,245,245,261,261,272,272,303,318,318,318,344,359,359],"floor_reached":51,"playtime":5600,"items_purged":[],"score":1067,"play_id":"6401ce79-cacb-44b3-88a1-d21b4faa3480","local_time":"20201219080853","is_ascension_mode":false,"campfire_choices":[{"floor":1.0,"key":"RECALL"},{"data":"expansioncontent:DecasProtection","floor":5.0,"key":"SMITH"},{"data":"Guardian:VentSteam","floor":9.0,"key":"SMITH"},{"floor":18.0,"key":"REST"},{"floor":21.0,"key":"DIG"},{"floor":27.0,"key":"DIG"},{"floor":35.0,"key":"DIG"},{"floor":43,"key":"DIG"}],"circlet_count":0,"master_deck":["Guardian:Strike_Guardian","Guardian:Strike_Guardian","Guardian:Strike_Guardian","Guardian:Strike_Guardian","Guardian:Defend_Guardian","Guardian:Defend_Guardian","Guardian:Defend_Guardian","Guardian:Defend_Guardian","Guardian:CurlUp","Guardian:TwinSlam+1","Guardian:VentSteam+1","expansioncontent:DecasProtection+1","Guardian:PiercingHide","Guardian:FloatingOrbs+1","Ghostly+1","Guardian:BronzeArmor+1","Guardian:RollAttack","Guardian:PiercingHide+1","Guardian:BaubleBeam","Guardian:ChargeCore","Guardian:PrismaticBarrier+1","Guardian:Gem_Green","expansioncontent:Chronoboost+1","Guardian:FloatingOrbs+1"],"relics":["Guardian:ModeShifterPlus","Frozen Egg 2","downfall:HeartBlessingRed","construct:FoamFinger","Replay:Grab Bag","Fusion Hammer","beaked:MawFillet","Black Star","Ring of Chaos","downfall:HeartBlessingGreen","Shovel","infinitespire:Satchel","theSenshi:SailorFukuRelic","CaptainsWheel","infinitespire:FocusingShard","Divine Protection","infinitespire:Lucky Rock","downfall:HeartBlessingBlue","Torii","Toxic Egg 2","Simple Rune","Snack Pack","Ginger","Orichalcum","Incense Burner","ReplayFunnel","Replay:WaspNest","infinitespire:Joker Card","Omamori"],"acts_visited":["Exordium","TheCity","TheBeyond"],"potions_floor_usage":[38],"damage_taken":[{"damage":0.0,"enemies":"Jaw Worm","floor":2.0,"turns":4.0},{"damage":0.0,"enemies":"downfall:FleeingMerchant","floor":4.0,"turns":4.0},{"damage":2.0,"enemies":"Cultist","floor":6.0,"turns":3.0},{"damage":7.0,"enemies":"2 Louse","floor":8.0,"turns":3.0},{"damage":44.0,"enemies":"Lagavulin","floor":10.0,"turns":7.0},{"damage":6.0,"enemies":"Exordium Wildlife","floor":11.0,"turns":5.0},{"damage":3.0,"enemies":"2 Fungi Beasts","floor":12.0,"turns":3.0},{"damage":1.0,"enemies":"Blue Slaver","floor":13.0,"turns":3.0},{"damage":0.0,"enemies":"Large Slime","floor":14.0,"turns":4.0},{"damage":4.0,"enemies":"Gremlin Gang","floor":15.0,"turns":3.0},{"damage":0.0,"enemies":"downfall:Watcher","floor":16.0,"turns":10.0},{"damage":12.0,"enemies":"Slavers","floor":19.0,"turns":6.0},{"damage":2.0,"enemies":"3 Byrds","floor":22.0,"turns":2.0},{"damage":3.0,"enemies":"HollowMod:Nosk","floor":23.0,"turns":10.0},{"damage":5.0,"enemies":"Gremlin Leader","floor":25.0,"turns":7.0},{"damage":0.0,"enemies":"Shell Parasite","floor":28.0,"turns":4.0},{"damage":0.0,"enemies":"downfall:FleeingMerchant","floor":31.0,"turns":4.0},{"damage":0.0,"enemies":"Sentry and Sphere","floor":32.0,"turns":4.0},{"damage":0.0,"enemies":"downfall:Ironclad","floor":33.0,"turns":9.0},{"damage":0.0,"enemies":"Nemesis","floor":36.0,"turns":7.0},{"damage":0,"enemies":"Orb Walker","floor":38,"turns":3},{"damage":0,"enemies":"3 Shapes","floor":40,"turns":2},{"damage":0,"enemies":"3 Darklings","floor":42,"turns":4},{"damage":0,"enemies":"R_Hoarder","floor":44,"turns":6},{"damage":0,"enemies":"Transient","floor":45,"turns":5},{"damage":0,"enemies":"4 Shapes","floor":49,"turns":3},{"damage":0,"enemies":"downfall:Defect","floor":50,"turns":6}],"seed_played":"5920015756463598746","potions_obtained":[{"floor":3.0,"key":"Toxic Potion"},{"floor":3.0,"key":"LiquidBronze"},{"floor":3.0,"key":"Block Potion"},{"floor":10.0,"key":"Strength Potion"},{"floor":11.0,"key":"Guardian:BlockOnCardUsePotion"},{"floor":16.0,"key":"Adrenaline Potion"},{"floor":23.0,"key":"Fire Potion"},{"floor":37,"key":"Fruit Juice"},{"floor":37,"key":"CultistPotion"},{"floor":40,"key":"BlessingOfTheForge"},{"floor":45,"key":"Milkshake"},{"floor":49,"key":"Weak Potion"}],"is_trial":false,"path_per_floor":["R","M","?","$","R","M","T","M","R","E","M","M","M","M","M","B",null,"R","E","?","R","M","E","T","E","?","R","M","T","?","$","M","B",null,"R","E","?","M","?","M","T","M","R","E","M","?","?","?","M","B",null],"character_chosen":"GUARDIAN","items_purchased":["expansioncontent:DecasProtection","Guardian:RollAttack"],"campfire_rested":1,"item_purchase_floors":[4,31],"current_hp_per_floor":[80,80,80,80,80,78,78,71,71,27,21,18,17,17,13,13,80,80,68,68,68,66,63,63,58,58,68,68,68,68,68,68,68,90,90,90,68,75,75,77,77,81,81,87,95,95,95,95,95,95],"gold":359,"neow_bonus":"UPGRADE_CARD","is_daily":false,"chose_seed":false,"campfire_upgraded":2,"win_rate":0.0,"timestamp":1608383333,"path_taken":["R","M","?","$","R","M","T","?","R","E","M","M","M","?","M","BOSS","R","E","?","R","?","E","T","E","?","R","M","?","?","?","M","BOSS","R","E","?","M","?","?","T","M","R","E","M","?","?","?","M","BOSS"],"items_purchased_type":["Card","Card"],"build_version":"2020-12-13","purchased_purges":0,"victory":true,"max_hp_per_floor":[80,80,80,80,80,80,80,80,80,80,80,80,80,80,80,80,80,80,80,80,80,80,80,80,80,80,90,90,90,90,90,90,90,90,90,90,90,95,95,95,95,95,95,95,95,95,95,95,95,95],"relic_stats":{"Shovel":4,"Torii":0,"counters":[27,131],"Black Star":5,"Ginger":[0],"Orichalcum":[0],"obtain_stats":[{"ReplayFunnel":43,"Divine Protection":25,"construct:FoamFinger":10,"Torii":27,"Guardian:ModeShifterPlus":34,"downfall:HeartBlessingGreen":18,"Incense Burner":41,"Ginger":36,"Shovel":19,"downfall:HeartBlessingBlue":27,"Fusion Hammer":17,"theSenshi:SailorFukuRelic":21,"Toxic Egg 2":29,"downfall:HeartBlessingRed":9,"Replay:Grab Bag":17,"Guardian:ModeShifter":0,"Ring of Chaos":17,"infinitespire:FocusingShard":23,"Replay:WaspNest":44,"infinitespire:Joker Card":44,"Omamori":48,"infinitespire:Lucky Rock":25,"Frozen Egg 2":7,"Orichalcum":37,"CaptainsWheel":23,"infinitespire:Satchel":19,"beaked:MawFillet":17,"Simple Rune":35,"Black Star":17,"Snack Pack":36},{"ReplayFunnel":23,"Divine Protection":15,"construct:FoamFinger":5,"Torii":15,"Guardian:ModeShifterPlus":19,"downfall:HeartBlessingGreen":11,"Incense Burner":22,"Ginger":20,"Shovel":12,"downfall:HeartBlessingBlue":15,"Fusion Hammer":11,"theSenshi:SailorFukuRelic":12,"Toxic Egg 2":16,"downfall:HeartBlessingRed":4,"Replay:Grab Bag":11,"Guardian:ModeShifter":0,"Ring of Chaos":11,"infinitespire:FocusingShard":14,"Replay:WaspNest":24,"infinitespire:Joker Card":24,"Omamori":25,"infinitespire:Lucky Rock":15,"Frozen Egg 2":3,"Orichalcum":20,"CaptainsWheel":14,"infinitespire:Satchel":12,"beaked:MawFillet":11,"Simple Rune":19,"Black Star":11,"Snack Pack":20},{"ReplayFunnel":111,"Divine Protection":74,"construct:FoamFinger":21,"Torii":74,"Guardian:ModeShifterPlus":95,"downfall:HeartBlessingGreen":49,"Incense Burner":107,"Ginger":102,"Shovel":55,"downfall:HeartBlessingBlue":74,"Fusion Hammer":49,"theSenshi:SailorFukuRelic":55,"Toxic Egg 2":78,"downfall:HeartBlessingRed":14,"Replay:Grab Bag":49,"Guardian:ModeShifter":0,"Ring of Chaos":49,"infinitespire:FocusingShard":67,"Replay:WaspNest":117,"infinitespire:Joker Card":117,"Omamori":122,"infinitespire:Lucky Rock":74,"Frozen Egg 2":11,"Orichalcum":102,"CaptainsWheel":67,"infinitespire:Satchel":55,"beaked:MawFillet":49,"Simple Rune":95,"Black Star":49,"Snack Pack":102}]},"card_choices":[{"not_picked":["Guardian:RollAttack","Guardian:ShieldCharger"],"picked":"Guardian:Gem_Blue","floor":2.0},{"not_picked":["Guardian:TemporalShield","Guardian:ShieldSpikes"],"picked":"Guardian:VentSteam","floor":4.0},{"not_picked":["Guardian:TemporalStrike","Guardian:ShieldCharger"],"picked":"Guardian:Gem_Crimson","floor":6.0},{"not_picked":["Guardian:TimeBomb","Guardian:CrystalBeam","Guardian:TemporalStrike"],"picked":"SKIP","floor":8.0},{"not_picked":["Guardian:TemporalStrike","Guardian:PolyBeam"],"picked":"Guardian:PiercingHide","floor":10.0},{"not_picked":["Guardian:Clone","Guardian:TemporalStrike"],"picked":"Guardian:Gem_Cyan","floor":11.0},{"not_picked":["Guardian:ShieldCharger","Guardian:Reroute","Guardian:TemporalShield"],"picked":"SKIP","floor":12.0},{"not_picked":["Guardian:PiercingHide","Guardian:Gem_Red"],"picked":"Guardian:Gem_Cyan","floor":13.0},{"not_picked":["Guardian:Incinerate","Guardian:ShieldCharger","Guardian:RollAttack"],"picked":"SKIP","floor":14.0},{"not_picked":["Guardian:CrystalBeam","Guardian:MultiBeam","Guardian:TemporalStrike"],"picked":"SKIP","floor":15.0},{"not_picked":["Guardian:TimeSifter+1","Guardian:StasisStrike"],"picked":"Guardian:Gem_Synthetic","floor":16.0},{"not_picked":["Guardian:ShieldCharger","Guardian:PrimingBeam","Guardian:GuardianWhirl"],"picked":"SKIP","floor":19.0},{"not_picked":["Guardian:TimeBomb+1","Guardian:Gem_Red","Guardian:Recover"],"picked":"SKIP","floor":22.0},{"not_picked":["Guardian:TimeBomb+1","Guardian:Gem_Red","Guardian:Recover"],"picked":"SKIP","floor":22.0},{"not_picked":["Guardian:ConstructionForm+1","Guardian:TimeCapacitor+1","Guardian:PrimingBeam"],"picked":"SKIP","floor":23.0},{"not_picked":["Guardian:RollAttack","Guardian:MultiBeam"],"picked":"Guardian:FloatingOrbs+1","floor":25.0},{"not_picked":["Guardian:Gem_Red","Guardian:Suspension","Guardian:WalkerClaw"],"picked":"SKIP","floor":28.0},{"not_picked":["Guardian:PrismaticBeam","Guardian:Gem_Crimson"],"picked":"Guardian:BronzeArmor+1","floor":31.0},{"not_picked":["Guardian:EvasiveProtocol+1","Guardian:Suspension+1"],"picked":"Guardian:PiercingHide+1","floor":32.0},{"not_picked":["Guardian:AncientConstruct+1","Guardian:StasisStrike"],"picked":"Guardian:BaubleBeam","floor":33.0},{"not_picked":["Guardian:Planning+1","Guardian:StasisStrike"],"picked":"Guardian:Gem_Cyan","floor":36.0},{"not_picked":["Guardian:PrimingBeam","Guardian:Reroute"],"picked":"Guardian:ChargeCore","floor":37},{"not_picked":["Guardian:TimeCapacitor+1","Guardian:Incinerate+1","Guardian:Clone+1"],"picked":"SKIP","floor":38},{"not_picked":["Guardian:CrystalBeam","Guardian:WalkerClaw"],"picked":"Guardian:PrismaticBarrier+1","floor":40},{"not_picked":["Guardian:Incinerate","Guardian:ChargeUp+1"],"picked":"Guardian:Gem_Fragmented","floor":42},{"not_picked":["Guardian:FastForward+1","Guardian:Gem_Crimson"],"picked":"Guardian:Gem_Green","floor":44},{"not_picked":["Guardian:PiercingHide+1","Guardian:Gem_Lightblue","Guardian:TemporalShield+1"],"picked":"SKIP","floor":45},{"not_picked":["expansioncontent:PolyBeam","expansioncontent:TimeRipple"],"picked":"expansioncontent:Chronoboost+1","floor":46},{"not_picked":["Guardian:Planning+1","Guardian:Gem_Green"],"picked":"Guardian:FloatingOrbs+1","floor":49}],"player_experience":84907,"relics_obtained":[{"floor":7.0,"key":"Frozen Egg 2"},{"floor":10.0,"key":"construct:FoamFinger"},{"floor":19.0,"key":"Shovel"},{"floor":19.0,"key":"infinitespire:Satchel"},{"floor":21.0,"key":"theSenshi:SailorFukuRelic"},{"floor":23.0,"key":"CaptainsWheel"},{"floor":23.0,"key":"infinitespire:FocusingShard"},{"floor":25.0,"key":"Divine Protection"},{"floor":25.0,"key":"infinitespire:Lucky Rock"},{"floor":27.0,"key":"Torii"},{"floor":29.0,"key":"Toxic Egg 2"},{"floor":35.0,"key":"Simple Rune"},{"floor":36.0,"key":"Snack Pack"},{"floor":36.0,"key":"Ginger"},{"floor":37,"key":"Orichalcum"},{"floor":41,"key":"Incense Burner"},{"floor":43,"key":"ReplayFunnel"},{"floor":44,"key":"Replay:WaspNest"},{"floor":44,"key":"infinitespire:Joker Card"},{"floor":48,"key":"Omamori"}],"event_choices":[{"damage_healed":0.0,"max_hp_gain":0.0,"max_hp_loss":0.0,"gold_gain":0.0,"event_name":"Lab","player_choice":"Got Potions","floor":3.0,"gold_loss":0.0,"damage_taken":0.0}],"is_beta":false,"boss_relics":[{"not_picked":["Tiny House","Honey Jar"],"picked":"Replay:Grab Bag"},{"not_picked":["ChewingGum","Runesmith:UraniumAnvil"],"picked":"Fusion Hammer"},{"not_picked":["ReplayTheSpireMod:DimensionalGlitch","Replay:Bronze Core"],"picked":"beaked:MawFillet"},{"not_picked":["Astrolabe","SacredBark"],"picked":"Black Star"},{"not_picked":["construct:ClawGrip","Runic Pyramid"],"picked":"Ring of Chaos"},{"not_picked":["Kintsugi","Calling Bell"],"picked":"Guardian:ModeShifterPlus"}],"items_purged_floors":[],"is_endless":false,"potions_floor_spawned":[10,11,13,14,15,16,23,28,40,45,49],"ascension_level":0}}