{"host":"0ou67mf9sr8h1ec9","time":1608375363,"event":{"mods":["AchievementEnabler","BaseMod","Downfall","Hubris","Infinite Spire","Minty Spire (QoL Compilation)","Practice Mode","Quick Restart","StSLib","The Necromancer","Trackpad"],"gold_per_floor":[16,16,91,103,103,131,148,148,148,148,160,189,207,70,70,167,167,187,187,200,211,58,91,109,109,109,109,127,127,152,162,162,263,263,275,285,297,197,211,211,222,233,233,233,281,281,291,291,291,291],"floor_reached":51,"playtime":1989,"items_purged":["Strike_R","Strike_R","Corruption","Parasite"],"score":726,"play_id":"9c5d18f7-aaab-4f4d-94bc-856ec87f8a44","local_time":"20201219035603","is_ascension_mode":false,"campfire_choices":[{"data":"Feel No Pain","floor":8.0,"key":"SMITH"},{"floor":10.0,"key":"REST"},{"floor":15.0,"key":"REST"},{"floor":25.0,"key":"REST"},{"floor":27.0,"key":"REST"},{"floor":29.0,"key":"REST"},{"floor":32.0,"key":"REST"},{"floor":40.0,"key":"REST"},{"data":"infinitespire:UltimateForm","floor":49.0,"key":"SMITH"}],"circlet_count":0,"master_deck":["Strike_R","Strike_R","Strike_R","Defend_R","Defend_R","Bash","Twin Strike+1","Feel No Pain+1","Pommel Strike","Flex","Impervious","Pommel Strike","Inflame","Heavy Blade","Perfected Strike","Thunderclap+1","infinitespire:UltimateForm+1","Twin Strike","Metallicize","Barricade","Shrug It Off","Body Slam+1","Anger","Cleave","Impervious","Flex","Cleave","infinitespire:Gouge","Warcry","Perfected Strike"],"relics":["Burning Blood","Mercury Hourglass","Gambling Chip","trackpad:StainlessSteel","trackpad:FieryHotPepper","infinitespire:Burning Sword","Black Star","hubris:Metronome","hubris:DeckOfHolding","infinitespire:WardingShard","Kunai","Ancient Tea Set","Torii","Busted Crown","Pear","hubris:RunicObelisk","infinitespire:Golems Mask","trackpad:ZombieHeart"],"acts_visited":["Exordium","TheCity","TheBeyond"],"potions_floor_usage":[],"damage_taken":[{"damage":18.0,"enemies":"Jaw Worm","floor":1.0,"turns":3.0},{"damage":9.0,"enemies":"2 Louse","floor":4.0,"turns":3.0},{"damage":19.0,"enemies":"3 Sentries","floor":6.0,"turns":6.0},{"damage":0.0,"enemies":"Cultist","floor":7.0,"turns":2.0},{"damage":0.0,"enemies":"3 Louse","floor":11.0,"turns":2.0},{"damage":36.0,"enemies":"Lagavulin","floor":12.0,"turns":5.0},{"damage":12.0,"enemies":"Large Slime","floor":13.0,"turns":4.0},{"damage":54.0,"enemies":"The Guardian","floor":16.0,"turns":9.0},{"damage":12.0,"enemies":"Shell Parasite","floor":18.0,"turns":2.0},{"damage":2.0,"enemies":"Spheric Guardian","floor":20.0,"turns":2.0},{"damage":16.0,"enemies":"Centurion and Healer","floor":21.0,"turns":3.0},{"damage":43.0,"enemies":"Book of Stabbing","floor":23.0,"turns":5.0},{"damage":25.0,"enemies":"Snake Plant","floor":24.0,"turns":4.0},{"damage":14.0,"enemies":"Snecko","floor":28.0,"turns":3.0},{"damage":18.0,"enemies":"Slavers","floor":30.0,"turns":3.0},{"damage":15.0,"enemies":"Centurion and Healer","floor":31.0,"turns":4.0},{"damage":19.0,"enemies":"Collector","floor":33.0,"turns":6.0},{"damage":5.0,"enemies":"3 Shapes","floor":35.0,"turns":2.0},{"damage":57.0,"enemies":"3 Darklings","floor":36.0,"turns":3.0},{"damage":1.0,"enemies":"Maw","floor":37.0,"turns":6.0},{"damage":22.0,"enemies":"Jaw Worm Horde","floor":39.0,"turns":2.0},{"damage":20.0,"enemies":"Writhing Mass","floor":41.0,"turns":3.0},{"damage":0.0,"enemies":"Sphere and 2 Shapes","floor":42.0,"turns":2.0},{"damage":32.0,"enemies":"2 Orb Walkers","floor":45.0,"turns":3.0},{"damage":6.0,"enemies":"Spire Growth","floor":47.0,"turns":3.0},{"damage":49,"enemies":"infinitespire:MassOfShapes","floor":50,"turns":9}],"seed_played":"8006274848643149425","potions_obtained":[{"floor":1.0,"key":"DuplicationPotion"},{"floor":12.0,"key":"Ancient Potion"},{"floor":13.0,"key":"CultistPotion"},{"floor":18.0,"key":"Dexterity Potion"},{"floor":20.0,"key":"Dexterity Potion"},{"floor":28.0,"key":"Dexterity Potion"},{"floor":30.0,"key":"Explosive Potion"},{"floor":33.0,"key":"SteroidPotion"},{"floor":41.0,"key":"DuplicationPotion"},{"floor":42.0,"key":"PowerPotion"}],"is_trial":false,"path_per_floor":["M","?","?","M","?","E","M","R","T","R","M","E","M","$","R","B",null,"M","AVR","M","M","$","E","M","R","T","R","M","R","E","M","R","B",null,"M","M","M","$","M","R","M","M","T","AVR","?","?","M","?","R","B",null],"character_chosen":"IRONCLAD","items_purchased":["Inflame","Heavy Blade","Perfected Strike","Metallicize"],"campfire_rested":7,"item_purchase_floors":[14,14,14,22],"current_hp_per_floor":[68,68,57,54,54,41,47,47,47,71,77,47,41,41,65,17,80,74,74,78,68,68,31,12,36,36,60,52,76,64,55,79,66,80,80,29,34,34,18,42,28,34,44,44,18,18,19,77,77,35],"gold":291,"neow_bonus":"REMOVE_TWO","is_daily":false,"chose_seed":false,"campfire_upgraded":2,"win_rate":0.0,"timestamp":1608375363,"path_taken":["M","?","?","M","?","E","M","R","T","R","M","E","M","$","R","BOSS","M","AVR","M","M","$","E","M","R","T","R","?","R","E","M","R","BOSS","M","M","M","$","M","R","M","M","T","AVR","?","?","M","?","R","BOSS"],"items_purchased_type":["Card","Card","Card","Card"],"build_version":"2020-12-13","purchased_purges":4,"victory":true,"max_hp_per_floor":[80,80,80,80,80,80,80,80,80,80,80,80,80,80,80,80,80,80,80,80,80,80,80,80,80,80,80,80,80,80,80,80,80,80,80,80,80,80,80,80,80,80,90,87,87,87,88,77,77,78],"card_choices":[{"not_picked":["Clothesline","Carnage"],"picked":"Twin Strike","floor":1.0},{"not_picked":["Rupture","Shrug It Off"],"picked":"Feel No Pain","floor":4.0},{"not_picked":["Second Wind","Thunderclap"],"picked":"Pommel Strike","floor":6.0},{"not_picked":["hubris:SharpeningStone","Thunderclap"],"picked":"Flex","floor":7.0},{"not_picked":["Shockwave","Rage","Shrug It Off"],"picked":"SKIP","floor":11.0},{"not_picked":["Perfected Strike","Heavy Blade"],"picked":"Impervious","floor":12.0},{"not_picked":["Uppercut","Clothesline"],"picked":"Pommel Strike","floor":13.0},{"not_picked":["Reaper","hubris:StunningStrike"],"picked":"Corruption","floor":16.0},{"not_picked":["Second Wind","Hemokinesis+1"],"picked":"Thunderclap+1","floor":18.0},{"not_picked":["Armaments","Clothesline"],"picked":"Twin Strike","floor":20.0},{"not_picked":["Clothesline","Headbutt","Armaments"],"picked":"SKIP","floor":21.0},{"not_picked":["Perfected Strike","Flex"],"picked":"Barricade","floor":23.0},{"not_picked":["Clash","Thunderclap"],"picked":"Shrug It Off","floor":24.0},{"not_picked":["Fire Breathing+1","Heavy Blade"],"picked":"Body Slam+1","floor":28.0},{"not_picked":["Carnage","Offering"],"picked":"Anger","floor":30.0},{"not_picked":["Whirlwind","Heavy Blade"],"picked":"Cleave","floor":31.0},{"not_picked":["Brutality","Reaper"],"picked":"Impervious","floor":33.0},{"not_picked":[],"picked":"Flex","floor":35.0},{"not_picked":["Clothesline+1"],"picked":"SKIP","floor":36.0},{"not_picked":["Rupture"],"picked":"SKIP","floor":37.0},{"not_picked":[],"picked":"Cleave","floor":39.0},{"not_picked":["Rupture"],"picked":"SKIP","floor":41.0},{"not_picked":["Rage"],"picked":"SKIP","floor":42.0},{"not_picked":[],"picked":"Warcry","floor":45.0},{"not_picked":[],"picked":"Perfected Strike","floor":47.0}],"player_experience":5368,"relics_obtained":[{"floor":6.0,"key":"Gambling Chip"},{"floor":9.0,"key":"trackpad:StainlessSteel"},{"floor":12.0,"key":"trackpad:FieryHotPepper"},{"floor":23.0,"key":"hubris:DeckOfHolding"},{"floor":23.0,"key":"infinitespire:WardingShard"},{"floor":26.0,"key":"Kunai"},{"floor":30.0,"key":"Ancient Tea Set"},{"floor":30.0,"key":"Torii"},{"floor":43.0,"key":"Pear"},{"floor":45.0,"key":"trackpad:ZombieHeart"}],"event_choices":[{"damage_healed":0.0,"max_hp_gain":0.0,"max_hp_loss":0.0,"gold_gain":0.0,"event_name":"Living Wall","player_choice":"Grow","floor":2.0,"gold_loss":0.0,"damage_taken":0.0,"cards_upgraded":["Twin Strike"]},{"damage_healed":0.0,"max_hp_gain":0.0,"max_hp_loss":0.0,"gold_gain":75.0,"event_name":"World of Goop","player_choice":"Gather Gold","floor":3.0,"gold_loss":0.0,"damage_taken":11.0},{"damage_healed":0.0,"max_hp_gain":0.0,"max_hp_loss":0.0,"gold_gain":0.0,"event_name":"WeMeetAgain","player_choice":"Gave Potion","floor":5.0,"gold_loss":0.0,"damage_taken":0.0,"relics_obtained":["Mercury Hourglass"]},{"damage_healed":0.0,"max_hp_gain":0.0,"max_hp_loss":0.0,"gold_gain":0.0,"event_name":"Mysterious Sphere","player_choice":"Fight","floor":45.0,"gold_loss":0.0,"damage_taken":0.0},{"damage_healed":0.0,"max_hp_gain":0.0,"max_hp_loss":0.0,"gold_gain":0.0,"event_name":"Tomb of Lord Red Mask","player_choice":"Ignored","floor":46.0,"gold_loss":0.0,"damage_taken":0.0},{"damage_healed":77.0,"max_hp_gain":0.0,"max_hp_loss":11.0,"gold_gain":0.0,"event_name":"The Moai Head","player_choice":"Heal","floor":48.0,"gold_loss":0.0,"damage_taken":0.0}],"is_beta":false,"boss_relics":[{"not_picked":["Empty Cage","Sozu"],"picked":"infinitespire:Burning Sword"},{"not_picked":["Mark of Pain","hubris:TerracottaHorce"],"picked":"Busted Crown"}],"items_purged_floors":[19,22,38,44],"is_endless":false,"potions_floor_spawned":[1,12,13,18,20,28,30,33,36,41,42],"ascension_level":0}}