{"host":"0285y92tozoijo7k","time":1608390655,"event":{"mods":["AchievementEnabler","Act Like it!","BaseMod","Colored Map","DeckTracker","Keyboard Shortcuts","Minty Spire (QoL Compilation)","Permanent Neow","StSLib","SuperFastMode"],"gold_per_floor":[137,172,184,222,222,222,261,261,261,323,386,430,430,471,471,545,545,562,562,562,580,213,213,227,227,227],"floor_reached":25,"playtime":770,"items_purged":["Strike_G"],"score":362,"play_id":"4f799ad0-7315-495b-a622-ca5c486fb2dc","local_time":"20201220001055","is_ascension_mode":true,"campfire_choices":[{"data":"HandOfGreed","floor":6.0,"key":"SMITH"},{"data":"Tactician","floor":8.0,"key":"SMITH"},{"data":"Acrobatics","floor":13.0,"key":"SMITH"},{"data":"Eviscerate","floor":15.0,"key":"SMITH"},{"data":"Envenom","floor":23.0,"key":"SMITH"}],"circlet_count":0,"master_deck":["AscendersBane","Strike_G","Strike_G","Strike_G","Strike_G","Defend_G","Defend_G","Defend_G","Defend_G","Defend_G","Survivor","Neutralize","HandOfGreed+1","Backstab","All Out Attack","Eviscerate+1","Tactician+1","Acrobatics+1","Envenom+1","Tactician","Footwork+1","Acrobatics","Noxious Fumes","Backflip"],"relics":["Ring of the Snake","Snake Skull","WristBlade","Membership Card","MealTicket"],"acts_visited":["Exordium","TheCity"],"potions_floor_usage":[25],"damage_taken":[{"damage":2.0,"enemies":"2 Louse","floor":1.0,"turns":3.0},{"damage":0.0,"enemies":"Cultist","floor":2.0,"turns":4.0},{"damage":0.0,"enemies":"Jaw Worm","floor":3.0,"turns":2.0},{"damage":3.0,"enemies":"Looter","floor":4.0,"turns":3.0},{"damage":1.0,"enemies":"3 Louse","floor":7.0,"turns":2.0},{"damage":14.0,"enemies":"Exordium Thugs","floor":10.0,"turns":5.0},{"damage":14.0,"enemies":"Lots of Slimes","floor":11.0,"turns":4.0},{"damage":0.0,"enemies":"Blue Slaver","floor":12.0,"turns":2.0},{"damage":3.0,"enemies":"Looter","floor":14.0,"turns":2.0},{"damage":19.0,"enemies":"Slime Boss","floor":16.0,"turns":9.0},{"damage":0.0,"enemies":"Chosen","floor":18.0,"turns":4.0},{"damage":11.0,"enemies":"Spheric Guardian","floor":20.0,"turns":3.0},{"damage":2.0,"enemies":"Snecko","floor":21.0,"turns":4.0},{"damage":9.0,"enemies":"Centurion and Healer","floor":24.0,"turns":7.0},{"damage":24,"enemies":"Gremlin Leader","floor":25,"turns":7}],"seed_played":"-8147934745507604179","potions_obtained":[{"floor":1.0,"key":"ColorlessPotion"},{"floor":2.0,"key":"DuplicationPotion"},{"floor":11.0,"key":"Explosive Potion"},{"floor":18.0,"key":"SmokeBomb"},{"floor":21.0,"key":"BlessingOfTheForge"}],"is_trial":false,"path_per_floor":["M","M","M","M","?","R","M","R","T","M","M","M","R","M","R","B",null,"M","?","M","M","$","R","M","E"],"character_chosen":"THE_SILENT","items_purchased":["Membership Card","MealTicket","Acrobatics","Noxious Fumes"],"campfire_rested":0,"item_purchase_floors":[22,22,22,22],"current_hp_per_floor":[57,57,57,54,54,54,53,53,53,39,25,25,25,22,22,3,46,46,46,35,33,33,33,24,0,0],"gold":227,"neow_bonus":"RANDOM_COLORLESS_2","is_daily":false,"chose_seed":false,"campfire_upgraded":5,"win_rate":0.0,"timestamp":1608390655,"path_taken":["M","M","M","M","?","R","M","R","T","M","?","M","R","M","R","BOSS","M","?","M","M","$","R","M","E"],"items_purchased_type":["Relic","Relic","Card","Card"],"build_version":"2020-12-13","purchased_purges":1,"victory":false,"max_hp_per_floor":[60,60,60,60,60,60,60,60,60,60,60,60,60,60,60,60,60,60,60,60,60,60,60,60,60,60],"card_choices":[{"not_picked":["Magnetism","Thinking Ahead"],"picked":"HandOfGreed","floor":0.0},{"not_picked":["Sucker Punch","Endless Agony"],"picked":"Backstab","floor":1.0},{"not_picked":["Flechettes","Underhanded Strike","All Out Attack"],"picked":"SKIP","floor":2.0},{"not_picked":["Flechettes","Underhanded Strike"],"picked":"All Out Attack","floor":2.0},{"not_picked":["Endless Agony","PiercingWail"],"picked":"Eviscerate","floor":3.0},{"not_picked":["Deflect","Slice"],"picked":"Tactician","floor":4.0},{"not_picked":["Prepared","Leg Sweep","Underhanded Strike"],"picked":"SKIP","floor":7.0},{"not_picked":["Prepared","Leg Sweep","Underhanded Strike"],"picked":"SKIP","floor":7.0},{"not_picked":["Deflect","Dodge and Roll","Distraction"],"picked":"SKIP","floor":10.0},{"not_picked":["Underhanded Strike","Sucker Punch"],"picked":"Acrobatics","floor":11.0},{"not_picked":["Endless Agony","Bane","Blur"],"picked":"SKIP","floor":12.0},{"not_picked":["Deadly Poison","Riddle With Holes","Outmaneuver"],"picked":"SKIP","floor":14.0},{"not_picked":["Night Terror","Burst"],"picked":"Envenom","floor":16.0},{"not_picked":["Flying Knee+1","Dagger Spray","Heel Hook"],"picked":"SKIP","floor":18.0},{"not_picked":["Tactician","Dagger Spray"],"picked":"Footwork+1","floor":21.0},{"not_picked":["Deflect","Expertise"],"picked":"Backflip","floor":24.0}],"player_experience":378329,"relics_obtained":[{"floor":9.0,"key":"Snake Skull"}],"event_choices":[{"damage_healed":0.0,"max_hp_gain":0.0,"max_hp_loss":0.0,"gold_gain":0.0,"event_name":"Match and Keep!","player_choice":"0 cards matched","floor":5.0,"gold_loss":0.0,"damage_taken":0.0,"cards_obtained":[]},{"damage_healed":0.0,"max_hp_gain":0.0,"max_hp_loss":0.0,"gold_gain":0.0,"event_name":"The Library","player_choice":"Read","floor":19.0,"gold_loss":0.0,"damage_taken":0.0,"cards_obtained":["Tactician"]}],"is_beta":false,"boss_relics":[{"not_picked":["Tiny House","Snecko Eye"],"picked":"WristBlade"}],"items_purged_floors":[22],"is_endless":false,"potions_floor_spawned":[1,2,11,14,18,21],"killed_by":"Gremlin Leader","ascension_level":16}}