{"host":"faxec7zdkweurczj","time":1608363624,"event":{"mods":["Ascension Reborn","BaseMod","Colored Powertips","Conspire","Highlight Path","Minty Spire (QoL Compilation)","Replay The Spire","Shop Mod","StSLib","TestMod","[IsaacMod]以撒尖塔","vexMod","篝火指南"],"gold_per_floor":[116,116,124,137,151,165,195,215,215,215,215,228,228,27,27,149,149,166,166,166,178,197,227,258,258,287,202,202,216,235,715,715,836,836,858,923,759,759,759,759,773,773,811,811,843,880,940,953,976,994,994,859,437,478,510],"floor_reached":56,"playtime":1187,"items_purged":["Strike_R+1","Strike_R+1","Strike_R+1","Strike_R+1","Defend_R+1"],"score":375,"play_id":"d100a9d9-8a80-4bf5-aa37-473e885f7984","local_time":"20201219154024","is_ascension_mode":true,"campfire_choices":[{"data":"Cleave","floor":10,"key":"SMITH"},{"data":"Heavy Blade","floor":13,"key":"SMITH"},{"floor":15,"key":"RECALL"},{"data":"Body Slam","floor":25,"key":"SMITH"},{"data":"Cleave","floor":32,"key":"SMITH"},{"data":"Thunderclap","floor":42,"key":"SMITH"},{"data":"Metallicize","floor":44,"key":"SMITH"},{"data":"Metallicize","floor":51,"key":"SMITH"}],"circlet_count":0,"master_deck":["Defend_R+2","Defend_R+2","Defend_R+1","Bash+1","Metallicize+1","Cleave+1","Thunderclap+1","Heavy Blade+1","Metallicize+1","Metallicize+1","Feed","Body Slam+1","Pot Of Greed+1","Pot Of Greed+1","Entrench+1","Cleave+1","Body Slam+1","Inflame+1","Body Slam+1","Limit Break+1","Demon Form+1","Demon Form+1"],"relics":["Burning Blood","HushsDoor","testmod-Brilliant","Damocles","SalivaCoin","Mercury Hourglass","Dead Branch","Omamori","Whetstone","testmod-ArcanaOfDestiny","Lizard Tail","conspire:Boomerang","Replay:Wax Seal","Blue Doll","conspire:TreasureMap","testmod-EqualTreatment","SlaversCollar","DeathBook","Bag of Preparation","Centennial Puzzle","Frozen Egg 2","King of Hearts","Grinning Jar","vexMod:ScavengeHelm","Juzu Bracelet","DoctorsRemote","Vajra","Iron Hammer","HowToJump","ReplayTheSpireMod:Spearhead","Smiling Mask","Ancient Tea Set","Replay:Bronze Core","SatanicBible","Art of War","GuppysHead","Red Skull","Happy Flower","Blue Candle","testmod-AssaultLearning","Toy Ornithopter","Replay:Mystery Machine","MealTicket","War Paint","testmod-ObsoleteBoomerang","Simple Rune","testmod-HeartOfStrike","conspire:Dentures","Boot","BelialBook","MerchantsRug","Replay:Bandana","Bag of Marbles","ClockworkSouvenir","Sundial","TheBean"],"acts_visited":["Exordium","TheCity","TheBeyond"],"potions_floor_usage":[16,55,55,55,55,55,55],"damage_taken":[{"damage":0,"enemies":"2 Louse","floor":1,"turns":1},{"damage":0,"enemies":"Small Slimes","floor":4,"turns":1},{"damage":0,"enemies":"Jaw Worm","floor":5,"turns":1},{"damage":0,"enemies":"Large Slime","floor":6,"turns":2},{"damage":0,"enemies":"Gremlin Nob","floor":7,"turns":2},{"damage":0,"enemies":"Looter","floor":8,"turns":1},{"damage":0,"enemies":"Blue Slaver","floor":12,"turns":1},{"damage":0,"enemies":"Slime Boss","floor":16,"turns":2},{"damage":0,"enemies":"Shell Parasite","floor":18,"turns":2},{"damage":0,"enemies":"Spheric Guardian","floor":21,"turns":2},{"damage":0,"enemies":"3 Cultists","floor":22,"turns":1},{"damage":0,"enemies":"Slavers","floor":23,"turns":1},{"damage":0,"enemies":"Snecko","floor":29,"turns":1},{"damage":0,"enemies":"Chosen and Byrds","floor":30,"turns":1},{"damage":0,"enemies":"Champ","floor":33,"turns":4},{"damage":0,"enemies":"3 Darklings","floor":35,"turns":1},{"damage":0,"enemies":"2 Orb Walkers","floor":36,"turns":1},{"damage":0,"enemies":"3 Shapes","floor":41,"turns":1},{"damage":0,"enemies":"R_Hoarder","floor":43,"turns":1},{"damage":0,"enemies":"Giant Head","floor":46,"turns":2},{"damage":0,"enemies":"Mind Bloom Boss Battle","floor":47,"turns":1},{"damage":0,"enemies":"Maw","floor":48,"turns":1},{"damage":0,"enemies":"Transient","floor":49,"turns":2},{"damage":0,"enemies":"Sphere and 2 Shapes","floor":50,"turns":1},{"damage":0,"enemies":"Shield and Spear","floor":54,"turns":1},{"damage":0,"enemies":"Delirium","floor":55,"turns":9}],"seed_played":"3650730475842398959","potions_obtained":[{"floor":0,"key":"DuplicationPotion"},{"floor":0,"key":"EntropicBrew"},{"floor":5,"key":"Fire Potion"},{"floor":18,"key":"EssenceOfSteel"}],"is_trial":false,"path_per_floor":["M","?","?","M","M","M","E","M","T","R","?","M","R","$","R","B",null,"M","?","?","M","M","E","T","R","T","?","?","M","M","?","R","B",null,"M","?","$","?","PTL","PTL","M","R","E","R","T","E","?","M","M","M","R","R","$","E","B",null],"character_chosen":"IRONCLAD","items_purchased":["conspire:TreasureMap","Metallicize","DeathBook","SatanicBible","Happy Flower","MerchantsRug","Replay:Bandana","Bag of Marbles","Limit Break+1","Demon Form+1","ClockworkSouvenir"],"campfire_rested":0,"item_purchase_floors":[14,14,17,34,37,52,52,53,53,53,53],"current_hp_per_floor":[85,85,82,85,85,85,85,85,85,85,85,85,85,85,85,90,75,78,78,78,78,78,78,78,78,78,78,78,82,86,86,86,91,74,74,74,74,74,74,74,74,74,78,78,78,78,78,78,78,78,78,78,78,78,83],"gold":510,"neow_bonus":"THREE_SMALL_POTIONS","is_daily":false,"chose_seed":false,"campfire_upgraded":7,"win_rate":0.0,"timestamp":1608363624,"path_taken":["M","?","?","M","M","M","E","M","T","R","?","M","R","$","R","BOSS","M","?","?","M","M","E","?","R","T","?","?","M","M","?","R","BOSS","M","?","?","?","PTL","PTL","M","R","E","R","T","E","?","M","M","M","R","R","$","E","BOSS"],"items_purchased_type":["Relic","Card","Relic","Relic","Relic","Relic","Relic","Relic","Card","Card","Relic"],"build_version":"2020-12-13","purchased_purges":5,"victory":true,"max_hp_per_floor":[85,85,85,85,85,85,85,85,85,85,85,85,85,85,85,90,75,78,78,78,78,78,78,78,78,78,78,78,82,86,86,86,91,74,74,74,74,74,74,74,74,74,78,78,78,78,78,78,78,78,78,78,78,78,83],"card_choices":[{"not_picked":["Hemokinesis","Barricade","Evolve"],"picked":"SKIP","floor":0},{"not_picked":["Havoc","Power Through","Battle Trance"],"picked":"SKIP","floor":1},{"not_picked":["Defy Death","Anger","Clash+1"],"picked":"SKIP","floor":4},{"not_picked":["Pommel Strike","Warcry","Fire Breathing"],"picked":"SKIP","floor":5},{"not_picked":["Warcry","Rage","Wild Strike"],"picked":"SKIP","floor":6},{"not_picked":["Rampage","Reckless Charge"],"picked":"Metallicize+1","floor":7},{"not_picked":["Body Slam","Demon Form"],"picked":"Cleave","floor":7},{"not_picked":["Run Through","Headbutt"],"picked":"Thunderclap","floor":8},{"not_picked":["Run Through+1","Clash"],"picked":"Heavy Blade","floor":12},{"not_picked":["Offering","Juggernaut"],"picked":"Feed","floor":16},{"not_picked":["Defy Death","Pommel Strike+1","True Grit"],"picked":"SKIP","floor":18},{"not_picked":["Thunderclap","Twin Strike+1","Run Through"],"picked":"SKIP","floor":21},{"not_picked":["Headbutt+1","Pommel Strike+1","Replay:Undeath\u0027s Touch"],"picked":"SKIP","floor":22},{"not_picked":["Shrug It Off+1","Offering"],"picked":"Entrench+1","floor":23},{"not_picked":["Heavy Blade+1","Thunderclap"],"picked":"Cleave","floor":29},{"not_picked":["Dropkick+1","Iron Wave+1","Cleave"],"picked":"SKIP","floor":30},{"not_picked":["conspire:Charge+1","Sword Boomerang+1","Rampage+1"],"picked":"SKIP","floor":35},{"not_picked":["Thunderclap","Sever Soul"],"picked":"Body Slam+1","floor":36},{"not_picked":["Thunderclap","Headbutt+1","Uppercut+1"],"picked":"SKIP","floor":41},{"not_picked":["Carnage","Disarm+1","Replay:Undeath\u0027s Touch+1"],"picked":"SKIP","floor":43},{"not_picked":["Twin Strike","Fiend Fire","Sword Boomerang"],"picked":"SKIP","floor":46},{"not_picked":["Thunderclap+1","Pommel Strike+1"],"picked":"Inflame+1","floor":48},{"not_picked":["Warcry","Clash+1"],"picked":"Body Slam+1","floor":49},{"not_picked":["Wild Strike+1","Clash+1","Pommel Strike+1"],"picked":"SKIP","floor":50},{"not_picked":["Massacre","True Grit","Feel No Pain+1"],"picked":"SKIP","floor":54}],"player_experience":1233864,"relics_obtained":[{"floor":1,"key":"SalivaCoin"},{"floor":4,"key":"ForgetMeNow"},{"floor":5,"key":"Dead Branch"},{"floor":6,"key":"Omamori"},{"floor":7,"key":"Whetstone"},{"floor":7,"key":"testmod-ArcanaOfDestiny"},{"floor":8,"key":"Lizard Tail"},{"floor":8,"key":"conspire:Boomerang"},{"floor":9,"key":"Dream Catcher"},{"floor":12,"key":"Replay:Wax Seal"},{"floor":12,"key":"Blue Doll"},{"floor":16,"key":"testmod-EqualTreatment"},{"floor":18,"key":"Bag of Preparation"},{"floor":18,"key":"Centennial Puzzle"},{"floor":21,"key":"Frozen Egg 2"},{"floor":22,"key":"King of Hearts"},{"floor":22,"key":"Grinning Jar"},{"floor":23,"key":"vexMod:ScavengeHelm"},{"floor":23,"key":"Juzu Bracelet"},{"floor":24,"key":"DoctorsRemote"},{"floor":24,"key":"Vajra"},{"floor":26,"key":"Iron Hammer"},{"floor":26,"key":"HowToJump"},{"floor":29,"key":"Smiling Mask"},{"floor":30,"key":"Ancient Tea Set"},{"floor":35,"key":"Art of War"},{"floor":36,"key":"GuppysHead"},{"floor":36,"key":"Red Skull"},{"floor":41,"key":"Blue Candle"},{"floor":41,"key":"testmod-AssaultLearning"},{"floor":43,"key":"Toy Ornithopter"},{"floor":43,"key":"Replay:Mystery Machine"},{"floor":45,"key":"MealTicket"},{"floor":45,"key":"War Paint"},{"floor":46,"key":"testmod-ObsoleteBoomerang"},{"floor":46,"key":"Simple Rune"},{"floor":47,"key":"testmod-HeartOfStrike"},{"floor":47,"key":"conspire:Dentures"},{"floor":48,"key":"Boot"},{"floor":49,"key":"ReplayTheSpireMod:TigerMarble"},{"floor":50,"key":"BelialBook"},{"floor":54,"key":"Sundial"},{"floor":54,"key":"TheBean"}],"event_choices":[{"damage_healed":0,"gold_gain":0,"player_choice":"Leave","damage_taken":0,"max_hp_gain":0,"max_hp_loss":0,"event_name":"conspire:Investor","floor":2,"gold_loss":0},{"damage_healed":0,"gold_gain":0,"player_choice":"Success","damage_taken":3,"relics_obtained":["Mercury Hourglass"],"max_hp_gain":0,"max_hp_loss":0,"event_name":"Scrap Ooze","floor":3,"gold_loss":0},{"damage_healed":0,"gold_gain":0,"player_choice":"Ignored","damage_taken":0,"max_hp_gain":0,"max_hp_loss":0,"event_name":"给自己的盒子","floor":11,"gold_loss":0},{"cards_removed":["Strike_R"],"damage_healed":0,"gold_gain":0,"player_choice":"Elegance","damage_taken":0,"max_hp_gain":0,"max_hp_loss":0,"event_name":"Back to Basics","floor":19,"gold_loss":0},{"damage_healed":0,"gold_gain":0,"player_choice":"Read","damage_taken":0,"max_hp_gain":0,"max_hp_loss":0,"event_name":"The Library","floor":20,"gold_loss":0,"cards_obtained":["Body Slam"]},{"damage_healed":0,"gold_gain":0,"player_choice":"Obtained Relic","damage_taken":0,"relics_obtained":["ReplayTheSpireMod:Spearhead"],"max_hp_gain":0,"max_hp_loss":0,"event_name":"Addict","floor":27,"gold_loss":85},{"damage_healed":0,"gold_gain":400,"player_choice":"Sell","damage_taken":0,"max_hp_gain":0,"max_hp_loss":0,"event_name":"恩洛斯的盘子","floor":31,"relics_lost":["testmod-TestBox"],"gold_loss":0},{"damage_healed":0,"gold_gain":0,"player_choice":"Fight","damage_taken":0,"max_hp_gain":0,"max_hp_loss":0,"event_name":"Mysterious Sphere","floor":36,"gold_loss":0},{"damage_healed":0,"gold_gain":0,"player_choice":"Ignored","damage_taken":0,"max_hp_gain":0,"max_hp_loss":0,"event_name":"Tomb of Lord Red Mask","floor":38,"gold_loss":0},{"damage_healed":0,"gold_gain":0,"player_choice":"Fight","damage_taken":0,"max_hp_gain":0,"max_hp_loss":0,"event_name":"MindBloom","floor":47,"gold_loss":0}],"is_beta":false,"boss_relics":[{"not_picked":["vexMod:MysteryBossChallenge","Fusion Hammer"],"picked":"SlaversCollar"},{"not_picked":[]},{"not_picked":["Electric Blood","Runic Cube"],"picked":"Replay:Bronze Core"},{"not_picked":[]}],"items_purged_floors":[14,17,34,37,53],"is_endless":false,"potions_floor_spawned":[1,5,6,16,29,33,48,49,50],"ascension_level":-20}}