{"host":"xodzlm10r37577ou","time":1608384660,"event":{"mods":["Act Like it!","BaseMod","Gensokyo","Koishi","KomeijiMod","Marisa£¨ìFÓê¡¡Ä§ÀíÉ³£©","Minty Spire (QoL Compilation)","Reimu£¨²©ÀöÁéÃÎ£©","Remilia£¨ÀÙÃ×ÀòÑÇ£©","Replay The Spire","StSLib","The Administrix","The Servant 0.9.4","Youmu£¨»êÆÇÑýÃÎ£©","¡¾¶«·½¶þ´Î´´×÷¡¿°ËÔÆ×Ïmod"],"gold_per_floor":[115,115,115,115,136,136,149,169,247,247,260,284,62,98,98,228,228,246,271,171,171,111,151,164,164,164],"floor_reached":25,"playtime":2052,"items_purged":["Strike_Lin:ReiMu","Decay"],"score":223,"play_id":"5b410473-ab84-40f1-aea6-994ddeccb3fc","local_time":"20201219213100","is_ascension_mode":false,"campfire_choices":[{"data":"Conquer:ReiMu","floor":6.0,"key":"SMITH"},{"data":"MikOfLucky:ReiMu","floor":15.0,"key":"SMITH"}],"circlet_count":0,"master_deck":["Defend_Lin:ReiMu","NB:ReiMu","Stagnation:ReiMu","CardOfSanctity:ReiMu+1","Pot Of Greed","Conquer:ReiMu+1","Pot Of Greed","FineLineFantasy:ReiMu","SubcavityInstant:ReiMu","Iron Wave","MikOfLucky:ReiMu+1","Gathering:ReiMu","KamiRite:ReiMu","CardOfSanctity:ReiMu","RunawayExorcism:ReiMu","Replay:Hysterical Blindness","SpringWay:ReiMu+1","FineLineFantasy:ReiMu","Pot Of Greed","RainPray2:ReiMu","Enchanting:ReiMu+1"],"relics":["FlyPower:ReiMu","NeowsBlessing","Golden Idol","Grinning Jar","Replay:WaspNest","ScarletDevilRocket","Kintsugi","Turnip"],"acts_visited":["Exordium","TheCity"],"potions_floor_usage":[23,23,25],"damage_taken":[{"damage":0.0,"enemies":"2 Louse","floor":1.0,"turns":1.0},{"damage":0.0,"enemies":"Jaw Worm","floor":5.0,"turns":1.0},{"damage":0.0,"enemies":"Cultist","floor":7.0,"turns":1.0},{"damage":0.0,"enemies":"2 Fungi Beasts","floor":8.0,"turns":2.0},{"damage":5.0,"enemies":"Looter","floor":11.0,"turns":3.0},{"damage":5.0,"enemies":"Large Slime","floor":12.0,"turns":5.0},{"damage":9.0,"enemies":"Gremlin Nob","floor":14.0,"turns":4.0},{"damage":12.0,"enemies":"Hexaghost","floor":16.0,"turns":6.0},{"damage":9,"enemies":"3 Byrds","floor":18,"turns":3},{"damage":7,"enemies":"Chosen","floor":19,"turns":6},{"damage":23,"enemies":"Slavers","floor":23,"turns":5},{"damage":5,"enemies":"Snecko","floor":24,"turns":7},{"damage":33,"enemies":"Centurion and Healer","floor":25,"turns":5}],"seed_played":"-5685360167982506845","potions_obtained":[{"floor":1.0,"key":"SkillPotion"},{"floor":5.0,"key":"MagicPotion:ReiMu"},{"floor":14.0,"key":"Regen Potion"},{"floor":23,"key":"HakureiPotion:ReiMu"}],"is_trial":false,"path_per_floor":["M","?","?","T","M","R","M","M","T","?","M","M","$","E","R","B",null,"M","M","$","?","?","E","M","M"],"character_chosen":"REIMU","items_purchased":["KamiRite:ReiMu"],"campfire_rested":0,"item_purchase_floors":[13],"current_hp_per_floor":[65,49,49,49,49,49,49,49,49,49,44,39,39,30,30,18,65,56,49,49,49,49,26,21,0,0],"gold":164,"neow_bonus":"THREE_ENEMY_KILL","is_daily":false,"chose_seed":false,"campfire_upgraded":2,"win_rate":0.0,"timestamp":1608384660,"path_taken":["M","?","?","?","M","R","M","?","T","?","M","M","$","E","R","BOSS","M","M","$","?","?","E","M","M"],"items_purchased_type":["Card"],"build_version":"2020-12-13","purchased_purges":2,"victory":false,"max_hp_per_floor":[65,65,65,65,65,65,65,65,65,65,65,65,65,65,65,65,65,65,65,65,65,65,65,65,65,65],"card_choices":[{"not_picked":["AirManeuver:ReiMu","Meditation:ReiMu"],"picked":"Conquer:ReiMu","floor":1.0},{"not_picked":["SafetyPray:ReiMu","SubAcupoint:ReiMu"],"picked":"Conquer:ReiMu","floor":5.0},{"not_picked":["SafetyPray:ReiMu","Amulet:ReiMu"],"picked":"FineLineFantasy:ReiMu","floor":7.0},{"not_picked":["PhosphorusFlame:ReiMu","MountainWay:ReiMu"],"picked":"SubcavityInstant:ReiMu","floor":8.0},{"not_picked":["CollectionFlower2:ReiMu","SubcavityInstant:ReiMu"],"picked":"MikOfLucky:ReiMu","floor":11.0},{"not_picked":["WonderfulDomain:ReiMu","TakeOff:ReiMu"],"picked":"Gathering:ReiMu","floor":12.0},{"not_picked":["SafetyPray:ReiMu","AlertArray:ReiMu"],"picked":"CardOfSanctity:ReiMu","floor":14.0},{"not_picked":["KamiRite:ReiMu","Dreaming:ReiMu"],"picked":"RunawayExorcism:ReiMu","floor":16.0},{"not_picked":["OrbThrow:ReiMu","WonderfulDomain:ReiMu"],"picked":"SpringWay:ReiMu+1","floor":18},{"not_picked":["Meditation:ReiMu+1","Mountainwind:ReiMu+1"],"picked":"FineLineFantasy:ReiMu","floor":19},{"not_picked":["YinYangSign:ReiMu+1","LearningPray:ReiMu+1"],"picked":"RainPray2:ReiMu","floor":23},{"not_picked":["RainPray2:ReiMu","Amulet:ReiMu"],"picked":"Enchanting:ReiMu+1","floor":24}],"player_experience":909323,"relics_obtained":[{"floor":4.0,"key":"Grinning Jar"},{"floor":9.0,"key":"Replay:WaspNest"},{"floor":14.0,"key":"ScarletDevilRocket"},{"floor":23,"key":"Turnip"}],"event_choices":[{"damage_healed":0.0,"max_hp_gain":0.0,"max_hp_loss":0.0,"gold_gain":0.0,"event_name":"Golden Idol","player_choice":"Take Damage","floor":2.0,"gold_loss":0.0,"damage_taken":16.0,"relics_obtained":["Golden Idol"]},{"cards_removed":["Defend_Lin:ReiMu"],"damage_healed":0.0,"max_hp_gain":0.0,"max_hp_loss":0.0,"gold_gain":0.0,"event_name":"NoteForYourself","player_choice":"Took Card","floor":10.0,"gold_loss":0.0,"damage_taken":0.0,"cards_obtained":["Iron Wave"]}],"is_beta":false,"boss_relics":[{"not_picked":["Replay:Ancient Bell","Busted Crown"],"picked":"Kintsugi"}],"items_purged_floors":[13,20],"is_endless":false,"potions_floor_spawned":[1,5,14,16,23],"killed_by":"Centurion and Healer","ascension_level":0}}