{"host":"pbf6u3tyx46snqc7","time":1608393680,"event":{"mods":["AchievementEnabler","BaseMod","Colored Map","Marisa£¨Ùöéë¡¡Øª×âÞÞ£©","Minty Spire (QoL Compilation)","Rare Cards Sparkle","Shop Mod","SuperFastMode"],"gold_per_floor":[110,71,83,233,158,185,202,202,202,213,213,231,241,252,252,252,252],"floor_reached":16,"playtime":504,"items_purged":[],"score":226,"play_id":"2d98c5c2-fb12-4bdd-abe4-722a1131fc4c","local_time":"20201220010120","is_ascension_mode":true,"campfire_choices":[{"data":"Fusion","floor":11,"key":"SMITH"},{"data":"Chaos","floor":15,"key":"SMITH"}],"circlet_count":0,"master_deck":["AscendersBane","Strike_B","Strike_B","Strike_B","Defend_B","Defend_B","Defend_B","Defend_B","Zap","Dualcast","Fusion+1","Loop","Melter","Chaos+1","Coolheaded","Redo","Loop"],"relics":["Cracked Core","NeowsBlessing","Vajra","Meat on the Bone"],"acts_visited":["Exordium"],"potions_floor_usage":[14,16],"damage_taken":[{"damage":0,"enemies":"Cultist","floor":1,"turns":1},{"damage":0,"enemies":"2 Louse","floor":3,"turns":1},{"damage":0,"enemies":"3 Sentries","floor":6,"turns":2},{"damage":2,"enemies":"Small Slimes","floor":7,"turns":4},{"damage":5,"enemies":"3 Louse","floor":10,"turns":3},{"damage":27,"enemies":"Exordium Wildlife","floor":12,"turns":5},{"damage":13,"enemies":"Looter","floor":13,"turns":4},{"damage":3,"enemies":"3 Louse","floor":14,"turns":3},{"damage":49,"enemies":"Hexaghost","floor":16,"turns":12}],"seed_played":"4411124497263723478","potions_obtained":[{"floor":1,"key":"BlessingOfTheForge"},{"floor":3,"key":"Explosive Potion"}],"is_trial":false,"path_per_floor":["M","$","M","?","?","E","M","?","T","M","R","M","M","M","R","B"],"character_chosen":"DEFECT","items_purchased":["Loop"],"campfire_rested":0,"item_purchase_floors":[2],"current_hp_per_floor":[64,64,64,64,64,64,62,55,55,50,50,35,34,43,43,0,0],"gold":252,"neow_bonus":"THREE_ENEMY_KILL","is_daily":false,"chose_seed":false,"campfire_upgraded":2,"win_rate":0.0,"timestamp":1608393680,"path_taken":["M","$","M","?","?","E","M","?","T","M","R","M","M","M","R","BOSS"],"items_purchased_type":["Card"],"build_version":"2020-12-13","purchased_purges":0,"victory":false,"max_hp_per_floor":[71,71,71,71,71,71,71,71,71,71,71,71,71,71,71,71,71],"card_choices":[{"not_picked":["Hologram","Cold Snap"],"picked":"Fusion","floor":1},{"not_picked":["Reprogram","Hello World"],"picked":"Melter","floor":3},{"not_picked":["Ball Lightning","Leap"],"picked":"Chaos","floor":6},{"not_picked":["Auto Shields","Redo","Static Discharge"],"picked":"SKIP","floor":7},{"not_picked":["Auto Shields","Redo","Static Discharge"],"picked":"SKIP","floor":7},{"not_picked":["Beam Cell","Fission","Reprogram"],"picked":"SKIP","floor":10},{"not_picked":["Beam Cell","Fission","Reprogram"],"picked":"SKIP","floor":10},{"not_picked":["Sweeping Beam","Blizzard"],"picked":"Coolheaded","floor":12},{"not_picked":["Leap","Static Discharge"],"picked":"Redo","floor":13},{"not_picked":["Stack","Sweeping Beam"],"picked":"Loop","floor":14}],"player_experience":282092,"relics_obtained":[{"floor":6,"key":"Vajra"},{"floor":9,"key":"Meat on the Bone"}],"event_choices":[{"damage_healed":0,"gold_gain":150,"player_choice":"AGREE","damage_taken":0,"max_hp_gain":0,"max_hp_loss":0,"event_name":"Liars Game","floor":4,"gold_loss":0,"cards_obtained":["Doubt"]},{"cards_removed":["Strike_B"],"damage_healed":0,"gold_gain":0,"player_choice":"Card Removal","damage_taken":0,"max_hp_gain":0,"max_hp_loss":0,"event_name":"The Cleric","floor":5,"gold_loss":75},{"cards_removed":["Doubt"],"damage_healed":0,"gold_gain":0,"player_choice":"Card Removal","damage_taken":7,"max_hp_gain":0,"max_hp_loss":0,"event_name":"Golden Wing","floor":8,"gold_loss":0}],"is_beta":false,"boss_relics":[],"items_purged_floors":[],"is_endless":false,"potions_floor_spawned":[1,3,12,13],"killed_by":"Hexaghost","ascension_level":15}}