{"host":"w811868i7dqaax32","time":1608419397,"event":{"mods":["BaseMod","Infinite Spire","Minty Spire (QoL Compilation)","Replay The Spire","StSLib","The Poker Player"],"gold_per_floor":[109,109,284,284,53,53,69,104,104,104,134,155,165,94,94,195,195,212,212,238,15,204,216,216,216],"floor_reached":23,"playtime":1675,"items_purged":["Doubt"],"score":286,"play_id":"d3058838-b39c-46ea-aaec-5bd3767b604b","local_time":"20201220000957","is_ascension_mode":true,"metric_token":402,"campfire_choices":[{"floor":6,"key":"RECALL"},{"data":"PokerPlayerMod:TrumpStrike","floor":10,"key":"SMITH"},{"floor":15,"key":"DIG"}],"circlet_count":0,"master_deck":["PokerPlayerMod:Diamond2","PokerPlayerMod:Diamond3","PokerPlayerMod:Diamond4","PokerPlayerMod:Diamond5","PokerPlayerMod:Spade2","PokerPlayerMod:Spade4","PokerPlayerMod:Spade4","PokerPlayerMod:Club2","PokerPlayerMod:Heart2","PokerPlayerMod:TrumpStrike+1","PokerPlayerMod:BadJoker","PokerPlayerMod:Mulligan","PokerPlayerMod:Promotion","PokerPlayerMod:ClubStrike","PokerPlayerMod:SpadeStrike","PokerPlayerMod:Manipulation","PokerPlayerMod:Club8","PokerPlayerMod:WildCard","PokerPlayerMod:ClubsClub","PokerPlayerMod:Diamond9","PokerPlayerMod:TheDieIsCast","CurseOfTheBell","PokerPlayerMod:Diamond10+","PokerPlayerMod:CardBurn","PokerPlayerMod:Spade2","PokerPlayerMod:PoorCopy+1","PokerPlayerMod:ClubShade","Replay:Parry+1","Forethought"],"relics":["PokerPlayerMod:DeckCase","Replay:Bandana","Toolbox","Oddly Smooth Stone","PokerPlayerMod:CoolBox","Blue Doll","Mirror","Calling Bell","Pet Ghost","Snack Pack","Calipers","CeramicFish"],"acts_visited":["Exordium","TheCity"],"potions_floor_usage":[23,23,23],"damage_taken":[{"damage":0,"enemies":"Jaw Worm","floor":1,"turns":2},{"damage":0,"enemies":"2 Louse","floor":7,"turns":2},{"damage":11,"enemies":"Gremlin Nob","floor":8,"turns":3},{"damage":0,"enemies":"3 Sentries","floor":11,"turns":5},{"damage":0,"enemies":"infinitespire:Voidling","floor":12,"turns":3},{"damage":0,"enemies":"Exordium Wildlife","floor":13,"turns":2},{"damage":0,"enemies":"Slime Boss","floor":16,"turns":5},{"damage":0,"enemies":"3 Byrds","floor":18,"turns":2},{"damage":5,"enemies":"2 Thieves","floor":20,"turns":3},{"damage":27,"enemies":"Nightmare","floor":23,"turns":3}],"seed_played":"7837138199626669065","potions_obtained":[{"floor":7,"key":"Strength Potion"},{"floor":8,"key":"SpeedPotion"},{"floor":12,"key":"Fire Potion"},{"floor":18,"key":"Languid Potion"},{"floor":20,"key":"Strength Potion"}],"is_trial":false,"path_per_floor":["M","?","?","?","$","R","M","E","T","R","E","M","M","$","R","B",null,"M","?","M","$","?","NM"],"character_chosen":"THE_POKER_PLAYER","items_purchased":["Toolbox","PokerPlayerMod:Diamond9","CeramicFish","PokerPlayerMod:ClubShade","Replay:Parry+1"],"campfire_rested":0,"item_purchase_floors":[5,14,21,21,21],"current_hp_per_floor":[40,40,40,40,40,40,43,35,35,35,39,41,41,41,41,43,52,52,52,47,47,22,0,0,0],"gold":216,"neow_bonus":"TRANSFORM_TWO_CARDS","is_daily":false,"chose_seed":false,"campfire_upgraded":1,"win_rate":0.0,"timestamp":1608419397,"path_taken":["M","?","?","?","?","R","M","E","T","R","E","?","M","$","R","BOSS","M","?","M","$","?","NM"],"items_purchased_type":["Relic","Card","Relic","Card","Card"],"build_version":"2020-12-13","purchased_purges":1,"victory":false,"max_hp_per_floor":[52,52,52,52,52,52,52,52,52,52,52,52,52,52,52,52,52,52,52,52,52,52,52,52,52],"card_choices":[{"not_picked":["PokerPlayerMod:HeartStrike","PokerPlayerMod:CloakAndDiamond"],"picked":"PokerPlayerMod:ClubStrike","floor":1},{"not_picked":["PokerPlayerMod:CardPrinter","PokerPlayerMod:HotShotCut"],"picked":"PokerPlayerMod:SpadeStrike","floor":7},{"not_picked":["PokerPlayerMod:Fold","PokerPlayerMod:Diamond1"],"picked":"PokerPlayerMod:Manipulation","floor":8},{"not_picked":["PokerPlayerMod:Spade4","PokerPlayerMod:Club2"],"picked":"PokerPlayerMod:Club8","floor":11},{"not_picked":["PokerPlayerMod:Spade3","PokerPlayerMod:Club1"],"picked":"PokerPlayerMod:WildCard","floor":12},{"not_picked":["PokerPlayerMod:Club1","PokerPlayerMod:SpadeStrike"],"picked":"PokerPlayerMod:ClubsClub","floor":13},{"not_picked":["PokerPlayerMod:Club10+","PokerPlayerMod:Spade7"],"picked":"PokerPlayerMod:TheDieIsCast","floor":16},{"not_picked":["PokerPlayerMod:DartThrow","PokerPlayerMod:Diamond3"],"picked":"PokerPlayerMod:Diamond10+","floor":18},{"not_picked":["PokerPlayerMod:Extraction","PokerPlayerMod:FillThePot"],"picked":"PokerPlayerMod:PoorCopy+1","floor":20}],"player_experience":757443,"relics_obtained":[{"floor":4,"key":"Replay:Bandana"},{"floor":8,"key":"Oddly Smooth Stone"},{"floor":9,"key":"PokerPlayerMod:CoolBox"},{"floor":11,"key":"Blue Doll"},{"floor":15,"key":"Mirror"},{"floor":17,"key":"Pet Ghost"},{"floor":17,"key":"Snack Pack"},{"floor":17,"key":"Calipers"}],"event_choices":[{"damage_healed":0,"gold_gain":175,"player_choice":"AGREE","damage_taken":0,"max_hp_gain":0,"max_hp_loss":0,"event_name":"Liars Game","floor":3,"gold_loss":0,"cards_obtained":["Doubt"]},{"damage_healed":0,"gold_gain":0,"cards_transformed":["PokerPlayerMod:Club1","PokerPlayerMod:Spade1"],"player_choice":"Became Test Subject","damage_taken":0,"max_hp_gain":0,"max_hp_loss":0,"event_name":"Drug Dealer","floor":19,"gold_loss":0,"cards_obtained":["PokerPlayerMod:CardBurn","PokerPlayerMod:Spade2"]},{"damage_healed":0,"gold_gain":180,"player_choice":"CARD GOLD GOLD ","damage_taken":25,"max_hp_gain":0,"max_hp_loss":0,"event_name":"Knowing Skull","floor":22,"potions_obtained":[],"gold_loss":0,"cards_obtained":["Forethought"]}],"is_beta":false,"boss_relics":[{"not_picked":["PokerPlayerMod:AceCard","ChewingGum"],"picked":"Calling Bell"}],"items_purged_floors":[5],"is_endless":false,"potions_floor_spawned":[7,8,12,18,20],"killed_by":"Nightmare","ascension_level":1}}