{"host":"csp9nt53rootlkah","time":1608384859,"event":{"mods":["Act Like it!","BaseMod","Colored Powertips","Friendly Minions","Gensokyo","Highlight Path","Marisa（F雨　魔理沙）","Minty Spire (QoL Compilation)","Quick Restart","Replay The Spire","StSLib","TestMod","The Factory","The Jungle","UnlockEverythingMod"],"gold_per_floor":[115,115,40,57,57,57,91,91,91,91,91,129,129,149,149,266,266,266,266,266,266,119,119,119,119,119,119,119,119,119,119,119,119,119,119,119,119,119,119,119,119,119,119,119,119,119,119,119,119,119],"floor_reached":51,"playtime":2555,"items_purged":["Strike_MRS","Defend_MRS"],"score":886,"play_id":"f7eaf92f-a702-4dfa-8482-79281df5583b","local_time":"20201219213419","is_ascension_mode":true,"campfire_choices":[{"data":"UpSweep","floor":6.0,"key":"SMITH"},{"data":"EarthLightRay","floor":8.0,"key":"SMITH"},{"data":"PowerUp","floor":10.0,"key":"SMITH"},{"floor":15.0,"key":"DIG"},{"data":"Gensokyo:MenInBlack","floor":29.0,"key":"SMITH"},{"data":"MilkyWay","floor":40.0,"key":"SMITH"},{"data":"Amnesia","floor":49,"key":"PURGE"}],"circlet_count":0,"master_deck":["Strike_MRS","Strike_MRS","Strike_MRS","Defend_MRS","Defend_MRS","Defend_MRS","UpSweep+1","PowerUp+1","Parasite","Parasite","MilkyWay+1","UnstableBomb+1","Gensokyo:MenInBlack+1","AsteroidBelt+1","MilkyWay","EarthLightRay+1","UnstableBomb","PropBag+1"],"relics":["MiniHakkero","testmod-IntensifyImprint","NeowsBlessing","Happy Flower","Replay:Bandana","Golden Egg","Gensokyo:MarisaImprobabilityPotion","ShroomBag","Vajra","Ectoplasm","Gensokyo:ConquerorOfFear","Replay:Bottled Flurry","testmod-Hope","testmod-Justice","testmod-SaigiyounoYou","ReplayTheSpireMod:Ring of Sloth","Ring of Misfortune","Centennial Puzzle","testmod-TurbochargingSystem","Toy Ornithopter"],"acts_visited":["Gensokyo:Gensokyo","Gensokyo:Gensokyoer","TheBeyond"],"potions_floor_usage":[41],"damage_taken":[{"damage":0.0,"enemies":"Gensokyo:2_Kodama","floor":1.0,"turns":1.0},{"damage":0.0,"enemies":"Gensokyo:Gryphon","floor":4.0,"turns":1.0},{"damage":0.0,"enemies":"Gensokyo:Cirno","floor":7.0,"turns":2.0},{"damage":9.0,"enemies":"Gensokyo:Aya","floor":12.0,"turns":5.0},{"damage":1.0,"enemies":"Gensokyo:Python","floor":14.0,"turns":3.0},{"damage":8.0,"enemies":"Gensokyo:Yukari","floor":16.0,"turns":8.0},{"damage":0.0,"enemies":"Gensokyo:Chomper","floor":18.0,"turns":3.0},{"damage":11.0,"enemies":"Gensokyo:3_Dogs","floor":19.0,"turns":5.0},{"damage":42.0,"enemies":"Gensokyo:Koishi","floor":23.0,"turns":7.0},{"damage":16.0,"enemies":"Gensokyo:Tenshi","floor":25.0,"turns":2.0},{"damage":0.0,"enemies":"Gensokyo:Wraith","floor":31.0,"turns":2.0},{"damage":26.0,"enemies":"Gensokyo:Eternal_Rivals","floor":33.0,"turns":9.0},{"damage":0.0,"enemies":"3 Shapes","floor":35.0,"turns":5.0},{"damage":10.0,"enemies":"Orb Walker","floor":36.0,"turns":3.0},{"damage":3.0,"enemies":"4 Shapes","floor":37.0,"turns":4.0},{"damage":9,"enemies":"Nemesis","floor":41,"turns":5},{"damage":2,"enemies":"Maw","floor":42,"turns":4},{"damage":17,"enemies":"R_Hoarder","floor":44,"turns":3},{"damage":0,"enemies":"Sphere and 2 Shapes","floor":45,"turns":3},{"damage":0,"enemies":"Transient","floor":46,"turns":5},{"damage":0,"enemies":"Spire Growth","floor":47,"turns":4},{"damage":3,"enemies":"Awakened One","floor":50,"turns":7}],"seed_played":"-5775726497950264265","potions_obtained":[{"floor":1.0,"key":"Fire Potion"},{"floor":7.0,"key":"testmod-SpacePotion"},{"floor":16.0,"key":"Languid Potion"},{"floor":23.0,"key":"PowerPotion"},{"floor":31.0,"key":"ColorlessPotion"},{"floor":41,"key":"SkillPotion"},{"floor":46,"key":"Energy Potion"}],"is_trial":false,"path_per_floor":["M","?","$","M","$","R","E","R","T","R","?","E","?","M","R","B",null,"M","M","?","?","$","E","R","E","T","?","?","R","?","M","R","B",null,"M","M","M","?","?","R","E","M","T","E","M","M","M","$","R","B",null],"character_chosen":"MARISA","items_purchased":["AsteroidBelt"],"campfire_rested":0,"item_purchase_floors":[22],"current_hp_per_floor":[75,75,75,75,75,75,75,75,75,75,75,66,66,69,69,65,75,75,64,64,64,64,26,26,14,14,14,14,14,14,16,36,14,68,68,66,65,65,68,68,67,68,68,58,68,68,68,68,68,68],"gold":119,"neow_bonus":"THREE_ENEMY_KILL","is_daily":false,"chose_seed":false,"campfire_upgraded":5,"win_rate":0.0,"timestamp":1608384859,"path_taken":["M","?","?","?","$","R","E","R","T","R","?","E","?","M","R","BOSS","M","M","?","?","$","E","R","E","T","?","?","R","?","?","R","BOSS","M","M","M","?","?","R","E","M","T","E","M","M","M","$","R","BOSS"],"items_purchased_type":["Card"],"build_version":"2020-12-13","purchased_purges":2,"victory":true,"max_hp_per_floor":[75,75,75,75,75,75,75,75,75,75,75,75,75,75,75,75,75,75,75,68,68,68,68,68,68,68,68,68,68,68,68,68,68,68,68,68,68,68,68,68,68,68,68,68,68,68,68,68,68,68],"card_choices":[{"not_picked":["DarkSpark","ShootingEcho"],"picked":"PowerUp","floor":1.0},{"not_picked":["GravityBeat","GasGiant","IllusionStar"],"picked":"SKIP","floor":4.0},{"not_picked":["PulseMagic","LuminesStrike"],"picked":"EarthLightRay","floor":7.0},{"not_picked":["6A","AsteroidBelt"],"picked":"MilkyWay","floor":12.0},{"not_picked":["ChargingUp","Acceleration","EventHorizon"],"picked":"SKIP","floor":14.0},{"not_picked":["WitchOfGreed+1","GrandCross","MagicAbsorber"],"picked":"SKIP","floor":18.0},{"not_picked":["WitchLeyline+1","ShootTheMoon+1"],"picked":"UnstableBomb","floor":19.0},{"not_picked":["Gensokyo:SpontaneousHumanCombustion","Gensokyo:SevenSchoolMysteries"],"picked":"Gensokyo:MenInBlack","floor":20.0},{"not_picked":["GravityBeat","EscapeVelocity"],"picked":"MilkyWay","floor":23.0},{"not_picked":["EnergyFlow","OrrerysSun+1","GrandCross"],"picked":"SKIP","floor":25.0},{"not_picked":["DC","MagicAbsorber","ChargeUpSpray"],"picked":"SKIP","floor":31.0},{"not_picked":["OortCloud+1","Acceleration","DC"],"picked":"SKIP","floor":35.0},{"not_picked":["NonDirectionalLaser+1","MilkyWay+1"],"picked":"EarthLightRay+1","floor":36.0},{"not_picked":["MilkyWay","OrrerysSun","6A"],"picked":"SKIP","floor":37.0},{"not_picked":["CollectingQuirk","DarkMatter","Acceleration+1"],"picked":"SKIP","floor":41},{"not_picked":["GasGiant","PulseMagic"],"picked":"UnstableBomb","floor":42},{"not_picked":["WitchLeyline+1","DarkMatter+1"],"picked":"PropBag+1","floor":44},{"not_picked":["GrandCross","DeepEcoloBomb","Orbital+1"],"picked":"SKIP","floor":45},{"not_picked":["GasGiant+1","LuminesStrike","Occultation+1"],"picked":"SKIP","floor":46},{"not_picked":["GalacticHalo","OrrerysSun","DoubleSpark+1"],"picked":"SKIP","floor":47}],"player_experience":111465,"relics_obtained":[{"floor":7.0,"key":"Replay:Bandana"},{"floor":9.0,"key":"Golden Egg"},{"floor":12.0,"key":"ShroomBag"},{"floor":15.0,"key":"Vajra"},{"floor":23.0,"key":"Gensokyo:ConquerorOfFear"},{"floor":23.0,"key":"Replay:Bottled Flurry"},{"floor":25.0,"key":"testmod-Hope"},{"floor":26.0,"key":"testmod-Justice"},{"floor":38.0,"key":"ReplayTheSpireMod:Ring of Sloth"},{"floor":38.0,"key":"Ring of Misfortune"},{"floor":41,"key":"Centennial Puzzle"},{"floor":43,"key":"testmod-TurbochargingSystem"},{"floor":44,"key":"Toy Ornithopter"}],"event_choices":[{"damage_healed":0.0,"max_hp_gain":0.0,"max_hp_loss":0.0,"gold_gain":400.0,"event_name":"恩洛斯的盘子","player_choice":"Sell","floor":28.0,"relics_lost":["testmod-TestBox"],"gold_loss":0.0,"damage_taken":0.0},{"damage_healed":0.0,"max_hp_gain":0.0,"max_hp_loss":0.0,"gold_gain":0.0,"event_name":"给自己的盒子","player_choice":"Ignored","floor":30.0,"gold_loss":0.0,"damage_taken":0.0},{"damage_healed":3.0,"max_hp_gain":0.0,"max_hp_loss":0.0,"gold_gain":0.0,"event_name":"Wheel of Change","player_choice":"Full Heal","floor":39.0,"gold_loss":0.0,"damage_taken":0.0}],"is_beta":false,"boss_relics":[{"not_picked":["Runic Dome","Abe\u0027s Treasure"],"picked":"Ectoplasm"},{"not_picked":["Black Star","ExperimentalFamiliar"],"picked":"testmod-SaigiyounoYou"}],"items_purged_floors":[3,22],"is_endless":false,"potions_floor_spawned":[1,7,16,23,31,41,46],"ascension_level":1}}