{"host":"y0wkltgt9g64tmdy","time":1608392127,"event":{"mods":["BaseMod","Marisa£®ÏF”Í°°ƒß¿Ì…≥£©","Minty Spire (QoL Compilation)","Reimu£®≤©¿ˆ¡È√Œ£©","Remilia£®¿Ÿ√◊¿Ú—«£©","Replay The Spire","Shop Mod","StSLib","The Bug Knight","The Gatherer","Waifu the Spire","Youmu£®ªÍ∆«—˝√Œ£©","[µÿæ´ ◊¡Ï≈¿À˛]The Maniac"],"gold_per_floor":[115,115,195,195,211,211,241,241,268,144,159,234,234,247,247,342,342,355,277,277,277,125,125,137,137,137,137,169,169,197,208,208,208,208],"floor_reached":33,"playtime":1280,"items_purged":[],"score":293,"play_id":"741f9e61-10d9-4e1b-89ac-3d3c4e3eb2e7","local_time":"20201219233527","is_ascension_mode":true,"campfire_choices":[{"floor":6,"key":"REST"},{"floor":8,"key":"REST"},{"floor":15,"key":"REST"},{"floor":23,"key":"REST"},{"floor":25,"key":"REST"},{"data":"MysteriousBeam","floor":27,"key":"SMITH"},{"floor":32,"key":"REST"}],"circlet_count":0,"master_deck":["Strike_MRS","Strike_MRS","Strike_MRS","Defend_MRS","Defend_MRS","Defend_MRS","Defend_MRS","MasterSpark","UpSweep","6A","Redo","Chaos","Redo","AsteroidBelt","PowerUp","Singularity","GrandCross","PulseMagic","StarDustReverie","Singularity","GrandCross","Decay","MysteriousBeam+1","SuperPerseids","OortCloud+1","StarBarrage+1"],"relics":["m_SpellCore","ReplayFunnel","Kunai","Happy Flower","Darkstone Periapt","Painkiller Herb","MutagenicStrength","Tiny Chest","Replay:WaspNest","Mummified Hand","Divine Protection","Nunchaku"],"acts_visited":["Exordium","TheCity"],"potions_floor_usage":[30,33,33,33],"damage_taken":[{"damage":6,"enemies":"2 Louse","floor":1,"turns":2},{"damage":6,"enemies":"Jaw Worm","floor":5,"turns":2},{"damage":28,"enemies":"Lagavulin","floor":7,"turns":8},{"damage":0,"enemies":"Small Slimes","floor":11,"turns":4},{"damage":5,"enemies":"2 Fungi Beasts","floor":14,"turns":3},{"damage":31,"enemies":"Fading Forest","floor":16,"turns":11},{"damage":10,"enemies":"Chosen","floor":18,"turns":6},{"damage":6,"enemies":"Spheric Guardian","floor":24,"turns":4},{"damage":31,"enemies":"Slavers","floor":28,"turns":6},{"damage":53,"enemies":"Gremlin Leader","floor":30,"turns":7},{"damage":0,"enemies":"Snecko","floor":31,"turns":5},{"damage":47,"enemies":"Automaton","floor":33,"turns":6}],"seed_played":"6858987266503780055","potions_obtained":[{"floor":11,"key":"GrandPatriotsElixir:ReiMu"},{"floor":16,"key":"Toxic Potion"},{"floor":28,"key":"Elixir"},{"floor":30,"key":"Doom Potion"}],"is_trial":false,"path_per_floor":["M","?","?","?","M","R","E","R","T","$","M","?","?","M","R","B",null,"?","T","?","?","T","T","?","T","T","T","E","T","E","?","T","B"],"character_chosen":"MARISA","items_purchased":["PowerUp","Singularity","GrandCross","BottledSpark","Tiny Chest"],"campfire_rested":6,"item_purchase_floors":[10,10,19,19,22],"current_hp_per_floor":[76,76,44,44,38,62,34,58,58,58,58,47,44,39,63,56,82,72,72,78,78,78,88,82,88,88,88,57,57,4,4,30,0,0],"gold":208,"neow_bonus":"TEN_PERCENT_HP_BONUS","is_daily":false,"chose_seed":false,"campfire_upgraded":1,"win_rate":0.0,"timestamp":1608392127,"path_taken":["M","?","?","?","M","R","E","R","T","?","M","?","?","M","R","BOSS","?","T","?","?","T","T","?","T","T","T","E","?","E","?","T","BOSS"],"items_purchased_type":["Card","Card","Card","Potion","Relic"],"build_version":"2020-12-13","purchased_purges":0,"victory":false,"max_hp_per_floor":[82,82,82,82,82,82,82,82,82,82,82,82,82,82,82,82,82,82,82,88,88,88,88,88,88,88,88,88,88,88,88,88,88,88],"card_choices":[{"not_picked":["LuminesStrike","OrrerysSun"],"picked":"6A","floor":1},{"not_picked":["Streamline","NonDirectionalLaser"],"picked":"Redo","floor":3},{"not_picked":["OpenUniverse","DragonMeteor"],"picked":"Chaos","floor":3},{"not_picked":["Beam Cell","Zap"],"picked":"Redo","floor":5},{"not_picked":["Steam Power","FairyDestructionRay"],"picked":"AsteroidBelt","floor":7},{"not_picked":["MachineGunSpark","AsteroidBelt"],"picked":"GrandCross","floor":11},{"not_picked":["Acceleration","BinaryStars"],"picked":"PulseMagic","floor":14},{"not_picked":["CollectingQuirk","SuperNova"],"picked":"StarDustReverie","floor":16},{"not_picked":["GravityBeat","WitchLeyline"],"picked":"Singularity","floor":18},{"not_picked":["MagicChant","EventHorizon"],"picked":"MysteriousBeam","floor":24},{"not_picked":["EarthLightRay","FairyDestructionRay"],"picked":"SuperPerseids","floor":28},{"not_picked":["Occultation","GravityBeat"],"picked":"OortCloud+1","floor":30},{"not_picked":["CollectingQuirk","WitchLeyline"],"picked":"StarBarrage+1","floor":31}],"player_experience":85874,"relics_obtained":[{"floor":3,"key":"ReplayFunnel"},{"floor":7,"key":"Kunai"},{"floor":9,"key":"Happy Flower"},{"floor":26,"key":"Replay:WaspNest"},{"floor":28,"key":"Mummified Hand"},{"floor":29,"key":"Divine Protection"},{"floor":30,"key":"Nunchaku"}],"event_choices":[{"damage_healed":0,"gold_gain":75,"player_choice":"Gather Gold","damage_taken":11,"max_hp_gain":0,"max_hp_loss":0,"event_name":"World of Goop","floor":12,"gold_loss":0},{"damage_healed":0,"gold_gain":0,"player_choice":"Success","damage_taken":3,"relics_obtained":["Darkstone Periapt"],"max_hp_gain":0,"max_hp_loss":0,"event_name":"Scrap Ooze","floor":13,"gold_loss":0},{"damage_healed":0,"gold_gain":0,"player_choice":"Smashed Altar","damage_taken":0,"max_hp_gain":0,"max_hp_loss":0,"event_name":"Forgotten Altar","floor":20,"gold_loss":0,"cards_obtained":["Decay"]},{"damage_healed":0,"gold_gain":0,"player_choice":"Inject Mutagens","damage_taken":0,"relics_obtained":["MutagenicStrength"],"max_hp_gain":0,"max_hp_loss":0,"event_name":"Drug Dealer","floor":21,"gold_loss":0}],"is_beta":false,"boss_relics":[{"not_picked":["Replay:Wanted Poster","Busted Crown"],"picked":"Painkiller Herb"}],"items_purged_floors":[],"is_endless":false,"potions_floor_spawned":[11,16,28,30,31],"killed_by":"Automaton","ascension_level":1}}