{"host":"9pqy5lt7vda52ebm","time":1608414697,"event":{"mods":["BaseMod","Minty Spire (QoL Compilation)","Optimize The Spire","Quick Restart","StSLib","The Marked"],"gold_per_floor":[119,119,137,150,168,197,197,228,281,87,87,121,121,148,148,246,246,201,201,201,201,201,201,201,201,201,201,201,201,201,201,201,201,201,201,201,201,101,101,101,101,101,101,101,101,101,101,101,101,101,101,101,101,101,101],"floor_reached":56,"playtime":6553,"items_purged":["theMarked:Strike","theMarked:Strike"],"score":1540,"play_id":"39e893d3-2a34-4f3b-bcad-b8ce18d46e23","local_time":"20201219165137","is_ascension_mode":true,"campfire_choices":[{"data":"theMarked:TurnInvisible","floor":7,"key":"SMITH"},{"data":"theMarked:MaelstromOfLightning","floor":11,"key":"SMITH"},{"data":"theMarked:Electrocute","floor":15,"key":"SMITH"},{"data":"theMarked:StartUp","floor":24,"key":"SMITH"},{"data":"theMarked:Panic","floor":27,"key":"SMITH"},{"data":"theMarked:SoldierOfQuellstein","floor":29,"key":"SMITH"},{"data":"theMarked:Panic","floor":32,"key":"SMITH"},{"data":"theMarked:Levitate","floor":40,"key":"SMITH"},{"data":"theMarked:Convert","floor":44,"key":"SMITH"},{"data":"theMarked:Panic","floor":46,"key":"SMITH"},{"floor":49,"key":"RECALL"},{"data":"theMarked:Static","floor":52,"key":"SMITH"}],"circlet_count":0,"master_deck":["theMarked:Strike","theMarked:Defend","theMarked:Defend","theMarked:Defend","theMarked:Defend","theMarked:SoldierOfQuellstein+1","theMarked:TurnInvisible+1","theMarked:EnhanceMovement","theMarked:Panic+1","theMarked:MaelstromOfLightning","theMarked:ReduceFriction","theMarked:Static+1","theMarked:MaelstromOfLightning+1","theMarked:EnhancedHearing","theMarked:Electrocute+1","theMarked:Panic+1","theMarked:EnhanceMovement","Necronomicurse","theMarked:Reabsorb","theMarked:StartUp+1","theMarked:GodGivenPower+1","theMarked:Levitate+1","theMarked:TunnelVision+1","theMarked:Convert+1","theMarked:Panic+1"],"relics":["theMarked:ArtifactOfAir","Matryoshka","Singing Bowl","Bronze Scales","Strawberry","Shuriken","HornCleat","Ectoplasm","Necronomicon","Regal Pillow","Lizard Tail","theMarked:NailFile","Centennial Puzzle","theMarked:Eyepatch","Ornamental Fan","CaptainsWheel","Calipers"],"acts_visited":["Exordium","TheCity","TheBeyond","TheEnding"],"potions_floor_usage":[8,55,55],"damage_taken":[{"damage":0,"enemies":"2 Louse","floor":1,"turns":3},{"damage":0,"enemies":"Cultist","floor":3,"turns":3},{"damage":0,"enemies":"Small Slimes","floor":4,"turns":3},{"damage":0,"enemies":"Gremlin Gang","floor":5,"turns":7},{"damage":10,"enemies":"Lagavulin","floor":6,"turns":7},{"damage":6,"enemies":"Gremlin Nob","floor":8,"turns":3},{"damage":10,"enemies":"3 Sentries","floor":12,"turns":6},{"damage":15,"enemies":"Gremlin Nob","floor":14,"turns":3},{"damage":0,"enemies":"Slime Boss","floor":16,"turns":6},{"damage":1,"enemies":"2 Thieves","floor":18,"turns":3},{"damage":0,"enemies":"Shell Parasite","floor":19,"turns":3},{"damage":4,"enemies":"Shelled Parasite and Fungi","floor":22,"turns":3},{"damage":0,"enemies":"Book of Stabbing","floor":23,"turns":2},{"damage":20,"enemies":"Slavers","floor":25,"turns":4},{"damage":1,"enemies":"Chosen and Byrds","floor":28,"turns":3},{"damage":0,"enemies":"3 Cultists","floor":30,"turns":3},{"damage":0,"enemies":"Snecko","floor":31,"turns":3},{"damage":29,"enemies":"Champ","floor":33,"turns":5},{"damage":1,"enemies":"3 Shapes","floor":35,"turns":2},{"damage":0,"enemies":"Orb Walker","floor":36,"turns":2},{"damage":0,"enemies":"Sphere and 2 Shapes","floor":39,"turns":2},{"damage":0,"enemies":"Nemesis","floor":41,"turns":3},{"damage":0,"enemies":"Jaw Worm Horde","floor":42,"turns":3},{"damage":0,"enemies":"Maw","floor":45,"turns":4},{"damage":0,"enemies":"Giant Head","floor":47,"turns":4},{"damage":12,"enemies":"Donu and Deca","floor":50,"turns":4},{"damage":26,"enemies":"Shield and Spear","floor":54,"turns":4},{"damage":49,"enemies":"The Heart","floor":55,"turns":5}],"seed_played":"4029113157118758345","potions_obtained":[{"floor":3,"key":"Block Potion"},{"floor":8,"key":"FearPotion"},{"floor":12,"key":"BlessingOfTheForge"},{"floor":19,"key":"Dexterity Potion"},{"floor":30,"key":"theMarked:SummonPotion"}],"is_trial":false,"path_per_floor":["M","?","M","M","M","E","R","E","T","$","R","E","?","E","R","B",null,"M","M","?","?","M","E","R","E","T","R","M","R","M","M","R","B",null,"M","M","?","$","M","R","E","M","T","R","M","R","E","$","R","B",null,"R","$","E","B",null],"character_chosen":"THE_DEFAULT","items_purchased":["theMarked:EnhancedHearing","theMarked:Electrocute"],"campfire_rested":0,"item_purchase_floors":[10,10],"current_hp_per_floor":[70,70,70,70,70,60,60,54,61,61,61,53,53,38,38,40,81,80,82,82,66,62,62,62,44,44,44,43,43,45,47,47,18,89,90,92,92,92,92,92,92,94,94,94,94,94,96,96,96,84,97,97,97,73,24],"gold":101,"neow_bonus":"ONE_RANDOM_RARE_CARD","is_daily":false,"chose_seed":false,"campfire_upgraded":11,"win_rate":0.0,"timestamp":1608414697,"path_taken":["M","?","?","?","M","E","R","E","T","$","R","E","?","E","R","BOSS","M","?","?","?","M","E","R","E","T","R","M","R","M","?","R","BOSS","M","M","?","$","M","R","E","M","T","R","M","R","E","?","R","BOSS","R","$","E","BOSS"],"items_purchased_type":["Card","Card"],"build_version":"2020-12-13","purchased_purges":2,"victory":true,"max_hp_per_floor":[70,70,70,70,70,70,70,70,77,77,77,79,79,79,79,81,81,81,83,83,83,83,83,83,85,85,85,85,85,87,89,89,89,89,91,93,93,93,93,93,93,95,95,95,95,95,97,97,97,97,97,97,97,99,99],"card_choices":[{"not_picked":["theMarked:ResourceFulStrike","theMarked:RepellingDischarge"],"picked":"theMarked:EnhanceMovement","floor":1},{"not_picked":["theMarked:HeightenedSenses","theMarked:EmpowerWeapon"],"picked":"theMarked:Panic","floor":3},{"not_picked":["theMarked:Frustration","theMarked:RepellingDischarge"],"picked":"theMarked:MaelstromOfLightning","floor":4},{"not_picked":["theMarked:Reabsorb","theMarked:WastefulDefense"],"picked":"theMarked:ReduceFriction","floor":5},{"not_picked":["theMarked:ResourceFulStrike","theMarked:ChainLightning"],"picked":"theMarked:Static","floor":6},{"not_picked":["theMarked:FavorableWinds","theMarked:Panic"],"picked":"theMarked:MaelstromOfLightning","floor":8},{"not_picked":["theMarked:StartUp","theMarked:HeritageOfTheMarked","theMarked:TwofoldDefense"],"picked":"Singing Bowl","floor":12},{"not_picked":["theMarked:Aftermath","theMarked:BanishingWave"],"picked":"theMarked:Panic","floor":14},{"not_picked":["theMarked:Challenge","theMarked:BindingBlade","theMarked:ChannelForce"],"picked":"Singing Bowl","floor":16},{"not_picked":["theMarked:SelfDefenseTraining+1","theMarked:WardOff+1"],"picked":"theMarked:EnhanceMovement","floor":18},{"not_picked":["theMarked:ChainLightning","theMarked:Electrocute","theMarked:MysticalArsenal"],"picked":"Singing Bowl","floor":19},{"not_picked":["theMarked:Electrocute","theMarked:WastefulDefense"],"picked":"theMarked:Reabsorb","floor":22},{"not_picked":["theMarked:ResourceFulStrike","theMarked:Parkour"],"picked":"theMarked:StartUp","floor":23},{"not_picked":["theMarked:MaelstromOfLightning","theMarked:Opportunist","theMarked:RepellingDischarge"],"picked":"Singing Bowl","floor":25},{"not_picked":["theMarked:Overthink","theMarked:EmpowerWeapon"],"picked":"theMarked:GodGivenPower+1","floor":28},{"not_picked":["theMarked:Static","theMarked:TakeCover","theMarked:CreepingChasm"],"picked":"Singing Bowl","floor":30},{"not_picked":["theMarked:ElectricStrings+1","theMarked:ShockingTouch","theMarked:ChainLightning+1"],"picked":"Singing Bowl","floor":31},{"not_picked":["theMarked:TurnInvisible","theMarked:Challenge"],"picked":"theMarked:Levitate","floor":33},{"not_picked":["theMarked:Parkour+1","theMarked:WastefulAttack","theMarked:RepellingDischarge"],"picked":"Singing Bowl","floor":35},{"not_picked":["theMarked:EnhancedHearing+1","theMarked:ResourceFulStrike+1","theMarked:MysticalArsenal"],"picked":"Singing Bowl","floor":36},{"not_picked":["theMarked:HeightenedSenses+1","theMarked:RepellingDischarge+1"],"picked":"theMarked:TunnelVision+1","floor":39},{"not_picked":["theMarked:RepellingDischarge+1","theMarked:Reabsorb+1"],"picked":"theMarked:Convert","floor":41},{"not_picked":["theMarked:ChainLightning+1","theMarked:HeritageOfTheMarked","theMarked:Indomitable"],"picked":"Singing Bowl","floor":42},{"not_picked":["theMarked:ResourceFulStrike","theMarked:Improvise"],"picked":"theMarked:Panic","floor":45},{"not_picked":["theMarked:StartUp","theMarked:ElectricStrings","theMarked:MysticalArsenal+1"],"picked":"Singing Bowl","floor":47},{"not_picked":["theMarked:ShockingTouch","theMarked:Defy","theMarked:MaelstromOfLightning"],"picked":"Singing Bowl","floor":54}],"player_experience":335609,"relics_obtained":[{"floor":6,"key":"Matryoshka"},{"floor":8,"key":"Singing Bowl"},{"floor":9,"key":"Bronze Scales"},{"floor":9,"key":"Strawberry"},{"floor":12,"key":"Shuriken"},{"floor":14,"key":"HornCleat"},{"floor":21,"key":"Necronomicon"},{"floor":23,"key":"Regal Pillow"},{"floor":25,"key":"Lizard Tail"},{"floor":26,"key":"theMarked:NailFile"},{"floor":26,"key":"Centennial Puzzle"},{"floor":41,"key":"Ornamental Fan"},{"floor":47,"key":"CaptainsWheel"},{"floor":54,"key":"Calipers"}],"event_choices":[{"cards_removed":["theMarked:Strike"],"damage_healed":0,"gold_gain":0,"player_choice":"Purged","damage_taken":0,"max_hp_gain":0,"max_hp_loss":0,"event_name":"Purifier","floor":2,"gold_loss":0},{"cards_removed":["theMarked:Strike"],"damage_healed":0,"gold_gain":0,"player_choice":"Offered Basic","damage_taken":0,"max_hp_gain":0,"max_hp_loss":0,"event_name":"Bonfire Elementals","floor":13,"gold_loss":0},{"damage_healed":0,"gold_gain":0,"player_choice":"Ignored","damage_taken":0,"max_hp_gain":0,"max_hp_loss":0,"event_name":"The Mausoleum","floor":20,"gold_loss":0},{"damage_healed":0,"gold_gain":0,"player_choice":"Obtained Book","damage_taken":16,"max_hp_gain":0,"max_hp_loss":0,"event_name":"Cursed Tome","floor":21,"gold_loss":0},{"damage_healed":0,"gold_gain":0,"player_choice":"Bought 0 Potions","damage_taken":0,"max_hp_gain":0,"max_hp_loss":0,"event_name":"The Woman in Blue","floor":37,"gold_loss":0}],"is_beta":false,"boss_relics":[{"not_picked":["Runic Dome","Calling Bell"],"picked":"Ectoplasm"},{"not_picked":["Philosopher\u0027s Stone","theMarked:SpiritSword"],"picked":"theMarked:Eyepatch"}],"items_purged_floors":[10,38],"is_endless":false,"potions_floor_spawned":[3,8,12,19,23,30,33,35,36,47],"ascension_level":3}}