{"host":"i3w38rq1z4slkels","time":1608383617,"event":{"mods":["2.2 Compatiblity","Act Like it!","BaseMod","Better Match","Better Vampires","BetterRewards","Conspire","Downfall","Minty Spire (QoL Compilation)","Rare Cards Sparkle","Replay The Spire","StSLib"],"gold_per_floor":[99,99,99,24,24,24,24,50,50,50,50,81,75,75,78,94,125,238,238,163,166,41,62,62,62,141,141,170,170],"floor_reached":28,"playtime":1326,"items_purged":[],"score":345,"play_id":"bc9b09ef-fd49-4a49-8019-11c360a9207b","local_time":"20201219201337","is_ascension_mode":true,"campfire_choices":[{"floor":1,"key":"RECALL"},{"data":"sneckomod:Unknown","floor":4,"key":"SMITH"},{"data":"sneckomod:GlitteringGambit","floor":10,"key":"SMITH"},{"data":"sneckomod:SerpentMind","floor":20,"key":"SMITH"},{"data":"sneckomod:UnknownRarePower","floor":25,"key":"SMITH"},{"floor":27,"key":"REST"}],"circlet_count":0,"master_deck":["sneckomod:Strike","sneckomod:Strike","sneckomod:Strike","sneckomod:Defend","sneckomod:Defend","sneckomod:Defend","sneckomod:SnekBite","sneckomod:Unknown+1","sneckomod:Unknown","sneckomod:TrashToTreasure","sneckomod:Transmogrify+1","sneckomod:GlitteringGambit+1","sneckomod:SnakeSap","sneckomod:Restock+1","sneckomod:SerpentMind+1","sneckomod:Cheat","sneckomod:UnknownRarePower+1","hexamod:SixthSeal","sneckomod:UnknownDexterity+1"],"relics":["sneckomod:SneckoSoul","downfall:HeartsMalice","downfall:HeartBlessingRed","downfall:BrokenWingStatue","conspire:GiftBox","StoneCalendar","downfall:HeartBlessingGreen","SlaversCollar","Molten Egg 2"],"acts_visited":["Exordium","TheCity"],"potions_floor_usage":[18,18],"damage_taken":[{"damage":0,"enemies":"Cultist","floor":2,"turns":1},{"damage":0,"enemies":"Gremlin Nob","floor":8,"turns":1},{"damage":0,"enemies":"3 Sentries","floor":12,"turns":1},{"damage":0,"enemies":"downfall:FleeingMerchant","floor":13,"turns":4},{"damage":6,"enemies":"Small Slimes","floor":15,"turns":3},{"damage":12,"enemies":"Jaw Worm","floor":16,"turns":2},{"damage":0,"enemies":"3 Louse","floor":17,"turns":2},{"damage":87,"enemies":"downfall:Ironclad","floor":18,"turns":13},{"damage":0,"enemies":"downfall:FleeingMerchant","floor":21,"turns":4},{"damage":3,"enemies":"downfall:FleeingMerchant","floor":22,"turns":4},{"damage":92,"enemies":"3 Byrds","floor":23,"turns":7},{"damage":76,"enemies":"Slavers","floor":28,"turns":6}],"seed_played":"2570936825037101683","potions_obtained":[{"floor":15,"key":"Fire Potion"},{"floor":16,"key":"ColorlessPotion"},{"floor":18,"key":"Strength Potion"}],"is_trial":false,"path_per_floor":["R","M","?","R","PTL","PTL","?","E","T","R","?","E","$","?","M","M","M","B",null,"R","$","$","M","?","R","T","R","E"],"character_chosen":"THE_SNECKO","items_purchased":["sneckomod:UnknownRarePower"],"campfire_rested":1,"item_purchase_floors":[22],"current_hp_per_floor":[90,90,90,90,90,90,90,100,100,100,100,100,100,100,104,92,92,13,110,110,120,118,37,37,37,37,76,0,0],"gold":170,"neow_bonus":"THREE_ENEMY_KILL","is_daily":false,"chose_seed":false,"campfire_upgraded":4,"win_rate":0.0,"timestamp":1608383617,"path_taken":["R","M","?","R","PTL","PTL","?","E","T","R","?","E","?","?","M","M","M","BOSS","R","?","$","M","?","R","T","R","E"],"items_purchased_type":["Card"],"build_version":"2020-12-13","purchased_purges":0,"victory":false,"max_hp_per_floor":[90,90,90,90,90,90,90,100,100,100,100,100,100,100,110,110,110,110,110,110,120,121,132,132,132,132,132,132,132],"card_choices":[{"not_picked":["sneckomod:UnknownClassRED","sneckomod:UnknownCommonAttack"],"picked":"sneckomod:TrashToTreasure","floor":2},{"not_picked":["sneckomod:UnknownClassSLIMEBOUND","sneckomod:Unknown1Cost"],"picked":"sneckomod:GlitteringGambit","floor":8},{"not_picked":["sneckomod:UnknownStrike","sneckomod:MixItUp"],"picked":"sneckomod:SnakeSap","floor":12},{"not_picked":["sneckomod:Mudshield","sneckomod:Transmogrify"],"picked":"sneckomod:Restock","floor":13},{"not_picked":["sneckomod:SnakeSap","sneckomod:UnknownCommonAttack","sneckomod:UnknownClassSLIMEBOUND"],"picked":"SKIP","floor":13},{"not_picked":["sneckomod:UnknownClassPURPLE","sneckomod:UnknownBlock","sneckomod:QuickBite"],"picked":"SKIP","floor":15},{"not_picked":["sneckomod:Cheat","sneckomod:SoulExchange"],"picked":"sneckomod:SerpentMind","floor":16},{"not_picked":["sneckomod:Unknown0Cost","sneckomod:UnknownColorless","sneckomod:RainOfDice"],"picked":"SKIP","floor":16},{"not_picked":["sneckomod:MixItUp","sneckomod:UnknownClassHEXA_GHOST_PURPLE","sneckomod:UnknownWeak"],"picked":"SKIP","floor":17},{"not_picked":["sneckomod:Mudshield","sneckomod:Transmogrify"],"picked":"sneckomod:Cheat","floor":18},{"not_picked":["sneckomod:Nope","sneckomod:UnknownStrength","sneckomod:DiceBlock"],"picked":"SKIP","floor":21},{"not_picked":["sneckomod:WideSting+1","sneckomod:Mudshield","sneckomod:SnekBeam+1"],"picked":"SKIP","floor":22},{"not_picked":["hexamod:ThirdSeal","hexamod:FirstSeal"],"picked":"hexamod:SixthSeal","floor":23},{"not_picked":["sneckomod:UnknownUncommonPower","sneckomod:RainOfDice"],"picked":"sneckomod:UnknownDexterity+1","floor":23}],"player_experience":436477,"relics_obtained":[{"floor":8,"key":"Pear"},{"floor":9,"key":"Replay:Kaleidoscope"},{"floor":12,"key":"Thread and Needle"},{"floor":13,"key":"conspire:GiftBox"},{"floor":15,"key":"Pear"},{"floor":16,"key":"conspire:GiftBox"},{"floor":17,"key":"StoneCalendar"},{"floor":18,"key":"StoneCalendar"},{"floor":21,"key":"Pear"},{"floor":22,"key":"SlaversCollar"},{"floor":23,"key":"Pear"},{"floor":26,"key":"Molten Egg 2"}],"event_choices":[{"damage_healed":0,"gold_gain":0,"player_choice":"Disagree","damage_taken":0,"max_hp_gain":0,"max_hp_loss":0,"event_name":"conspire:LoneGhost","floor":11,"gold_loss":0},{"damage_healed":0,"gold_gain":0,"player_choice":"Upgraded","damage_taken":0,"max_hp_gain":0,"max_hp_loss":0,"event_name":"Upgrade Shrine","floor":14,"gold_loss":0,"cards_upgraded":["sneckomod:Restock"]}],"is_beta":false,"boss_relics":[{"not_picked":["Fusion Hammer","conspire:SeveredTorchhead"],"picked":"SlaversCollar"}],"items_purged_floors":[],"is_endless":false,"potions_floor_spawned":[15,16,18],"killed_by":"Slavers","ascension_level":2}}