{"host":"fjbqinbax2bs4pe1","time":1608343909,"event":{"mods":["BaseMod","Colored Powertips","GifTheSpireLib","Grow up Mod","GungeonMod","Minty Spire (QoL Compilation)","Replay The Spire","Shop Mod","Small Relic Pack","Spicy Shops","StSLib","The Poker Player","The Servant 0.9.4","[IsaacMod]ÒÔÈö¼âËþ","vexMod","¡¾ÒÅÎï¿¨ÅÆ¡¿REMEMod"],"gold_per_floor":[316,316,76,135,63,148,148,255,255,0,111,225,332,439,439,780,1472,1442,1442],"floor_reached":18,"playtime":658,"items_purged":["SuicideKing"],"score":338,"play_id":"ccec1b71-fb02-4c2a-81ee-351a9098e308","local_time":"20201219101149","daily_mods":["Vintage","Red Cards","Green Cards","Heirloom","Time Dilation","Flight","DeadlyEvents","Elite Swarm","Lethality","Midas"],"is_ascension_mode":true,"campfire_choices":[{"floor":7,"key":"REST"},{"floor":15,"key":"REST"}],"circlet_count":0,"master_deck":["Strike_S","Strike_S","Strike_S","Strike_S","Defend_S","Defend_S","Defend_S","Defend_S","KidneyShot","Exchange","MurderousAura+1","Outmaneuver+1","Brutality","Adrenaline","REME_ACTH","Demon Form"],"relics":["Unceasing Top","HushsDoor","REME_ComplimentaryCards","Replay:Multitool","Golden Idol","BloodBag","Mummified Hand","Replay:Kaleidoscope","BelialBook","Blue Doll","Peace Pipe","MerchantsRug","DemoMod:GnawedKey","Membership Card","Gremlin Horn","Simple Rune","Darkstone Periapt","REME_PuzzleBoxRelic","DemoMod:GlassGuonStoneRelic","vexMod:RockOfEvil","Damocles"],"acts_visited":["Exordium","TheCity"],"potions_floor_usage":[],"damage_taken":[{"damage":14,"enemies":"Jaw Worm","floor":1,"turns":3},{"damage":38,"enemies":"Gremlin Nob","floor":6,"turns":4},{"damage":25,"enemies":"Lagavulin","floor":8,"turns":4},{"damage":41,"enemies":"3 Sentries","floor":11,"turns":7},{"damage":8,"enemies":"Lagavulin","floor":12,"turns":5},{"damage":0,"enemies":"Gremlin Nob","floor":13,"turns":2},{"damage":22,"enemies":"3 Sentries","floor":14,"turns":4},{"damage":33,"enemies":"The Guardian","floor":16,"turns":4},{"damage":7,"enemies":"2 Thieves","floor":18,"turns":1}],"seed_played":"805718104464068180","potions_obtained":[{"floor":6,"key":"Swift Potion"},{"floor":8,"key":"SkillPotion"},{"floor":14,"key":"LiquidMemories"}],"is_trial":true,"path_per_floor":["M","?","$","?","$","E","R","E","T","$","E","E","E","E","R","B",null,"M"],"character_chosen":"THE_SERVANT","items_purchased":["Mummified Hand","vexMod:PaidLearning","MerchantsRug","DemoMod:GnawedKey","Membership Card","Damocles","Demon Form"],"campfire_rested":2,"item_purchase_floors":[3,5,10,10,10,17,17],"current_hp_per_floor":[58,45,61,42,52,24,78,63,73,83,52,54,64,52,130,107,240,0,0],"gold":1442,"neow_bonus":"","is_daily":false,"chose_seed":false,"campfire_upgraded":0,"win_rate":0.0,"timestamp":1608343909,"path_taken":["M","?","$","?","$","E","R","E","T","$","E","?","E","E","R","BOSS","M"],"items_purchased_type":["Relic","Relic","Relic","Relic","Relic","Relic","Card"],"build_version":"2020-12-13","purchased_purges":1,"victory":false,"max_hp_per_floor":[92,102,119,129,139,149,159,169,179,189,199,209,219,229,239,249,240,240,240],"card_choices":[{"not_picked":[],"picked":"SuicideKing","floor":0},{"not_picked":["Battle Trance","Cleave"],"picked":"Outmaneuver","floor":4},{"not_picked":["Initiator","REME_GrazeFinale","Tools of the Trade"],"picked":"SKIP","floor":6},{"not_picked":["REME_CopyPotion","Immolate"],"picked":"Brutality","floor":8},{"not_picked":["Demonic Infusion","Corruption"],"picked":"Adrenaline","floor":11},{"not_picked":["Immolate","ForgedInTime","ReplayTheSpireMod:From All Sides"],"picked":"SKIP","floor":12},{"not_picked":["Deny","Replay:Many Hands"],"picked":"REME_ACTH","floor":13},{"not_picked":["PendulumOfEternity","ForgedInTime","Storm of Steel"],"picked":"SKIP","floor":14}],"player_experience":10649,"relics_obtained":[{"floor":1,"key":"Strawberry"},{"floor":4,"key":"Replay:Kaleidoscope"},{"floor":6,"key":"BelialBook"},{"floor":8,"key":"Blue Doll"},{"floor":9,"key":"Peace Pipe"},{"floor":11,"key":"Gremlin Horn"},{"floor":12,"key":"Simple Rune"},{"floor":13,"key":"Darkstone Periapt"},{"floor":14,"key":"REME_PuzzleBoxRelic"}],"event_choices":[{"damage_healed":0,"gold_gain":0,"player_choice":"Take Damage","damage_taken":23,"relics_obtained":["Golden Idol"],"max_hp_gain":0,"max_hp_loss":0,"event_name":"Golden Idol","floor":2,"gold_loss":0}],"is_beta":false,"boss_relics":[{"not_picked":["SlaversCollar","REME_LowDesire"],"picked":"vexMod:RockOfEvil"},{"not_picked":[]}],"items_purged_floors":[17],"is_endless":true,"potions_floor_spawned":[6,8,14],"killed_by":"2 Thieves","ascension_level":1}}