{"host":"q9718omregw4er46","time":1608406012,"event":{"mods":["BaseMod","Bestiary","Colored Powertips","Minty Spire (QoL Compilation)","Quick Restart","Relic Stats"],"gold_per_floor":[109,123,143,64,64,96,96,124,124,124,49,59,59,91,91,168,168,182,182,182,193,193,193,193,193],"floor_reached":24,"playtime":687,"items_purged":["Strike_B"],"score":474,"play_id":"e66860c3-6723-44fc-9418-19757bd33403","local_time":"20201220002652","is_ascension_mode":true,"campfire_choices":[{"data":"Defragment","floor":7.0,"key":"SMITH"},{"data":"Biased Cognition","floor":10.0,"key":"SMITH"},{"data":"Sunder","floor":13.0,"key":"SMITH"},{"data":"Ball Lightning","floor":15.0,"key":"SMITH"},{"floor":23.0,"key":"REST"}],"circlet_count":0,"master_deck":["AscendersBane","Strike_B","Strike_B","Strike_B","Defend_B","Defend_B","Defend_B","Defend_B","Zap","Dualcast","Cold Snap","Sunder+1","Defragment+1","Biased Cognition+1","Ball Lightning+1","Genetic Algorithm","Core Surge","CurseOfTheBell","Force Field","Ghostly","Ghostly","Ghostly"],"relics":["Velvet Choker","Anchor","Thread and Needle","Frozen Egg 2","Bird Faced Urn","Calling Bell","Bag of Marbles","White Beast Statue","Du-Vu Doll","Nilry\u0027s Codex"],"acts_visited":["Exordium","TheCity"],"potions_floor_usage":[24],"damage_taken":[{"damage":1.0,"enemies":"Cultist","floor":1.0,"turns":4.0},{"damage":5.0,"enemies":"Small Slimes","floor":2.0,"turns":4.0},{"damage":1.0,"enemies":"2 Louse","floor":3.0,"turns":3.0},{"damage":17.0,"enemies":"Lagavulin","floor":6.0,"turns":9.0},{"damage":12.0,"enemies":"Gremlin Nob","floor":8.0,"turns":4.0},{"damage":0.0,"enemies":"Blue Slaver","floor":12.0,"turns":3.0},{"damage":0.0,"enemies":"Lagavulin","floor":14.0,"turns":6.0},{"damage":21.0,"enemies":"Hexaghost","floor":16.0,"turns":8.0},{"damage":13.0,"enemies":"3 Byrds","floor":18.0,"turns":5.0},{"damage":5.0,"enemies":"Shell Parasite","floor":21.0,"turns":3.0},{"damage":24,"enemies":"Book of Stabbing","floor":24,"turns":5}],"seed_played":"8289813194333162398","potions_obtained":[{"floor":1.0,"key":"Block Potion"},{"floor":6.0,"key":"SpeedPotion"},{"floor":16.0,"key":"ColorlessPotion"},{"floor":18.0,"key":"EssenceOfSteel"},{"floor":21.0,"key":"PotionOfCapacity"}],"is_trial":false,"path_per_floor":["M","M","M","$","$","E","R","E","T","R","$","M","R","E","R","B",null,"M","?","?","M","?","R","E"],"character_chosen":"DEFECT","items_purchased":["Defragment"],"campfire_rested":1,"item_purchase_floors":[4],"current_hp_per_floor":[63,58,57,57,57,40,40,28,28,28,28,28,28,28,28,11,56,45,25,4,3,3,14,0,0],"gold":193,"neow_bonus":"BOSS_RELIC","is_daily":false,"chose_seed":false,"campfire_upgraded":4,"win_rate":0.0,"timestamp":1608406012,"path_taken":["M","M","M","?","$","E","R","E","T","R","$","M","R","E","R","BOSS","M","?","?","M","?","R","E"],"items_purchased_type":["Card"],"build_version":"2020-12-13","purchased_purges":1,"victory":false,"max_hp_per_floor":[71,71,71,71,71,71,71,71,71,71,71,71,71,71,71,71,71,71,76,76,76,38,38,38,38],"relic_stats":{"counters":[11,54],"Bird Faced Urn":[16],"obtain_stats":[{"Calling Bell":17,"Du-Vu Doll":17,"Anchor":6,"Nilry\u0027s Codex":20,"Bird Faced Urn":14,"Velvet Choker":0,"Thread and Needle":8,"Bag of Marbles":17,"Frozen Egg 2":9,"Cracked Core":0,"White Beast Statue":17},{"Calling Bell":8,"Du-Vu Doll":8,"Anchor":4,"Nilry\u0027s Codex":9,"Bird Faced Urn":7,"Velvet Choker":0,"Thread and Needle":5,"Bag of Marbles":8,"Frozen Egg 2":5,"Cracked Core":0,"White Beast Statue":8},{"Calling Bell":41,"Du-Vu Doll":41,"Anchor":20,"Nilry\u0027s Codex":46,"Bird Faced Urn":33,"Velvet Choker":0,"Thread and Needle":24,"Bag of Marbles":41,"Frozen Egg 2":24,"Cracked Core":0,"White Beast Statue":41}]},"card_choices":[{"not_picked":["Tempest","Heatsinks"],"picked":"Cold Snap","floor":1.0},{"not_picked":["Compile Driver","Leap"],"picked":"Sunder","floor":2.0},{"not_picked":["Tempest","Turbo","Go for the Eyes"],"picked":"SKIP","floor":3.0},{"not_picked":["Ball Lightning","Rebound"],"picked":"Biased Cognition","floor":6.0},{"not_picked":["Conserve Battery","Stack"],"picked":"Ball Lightning","floor":8.0},{"not_picked":["Gash","Conserve Battery","Redo"],"picked":"SKIP","floor":12.0},{"not_picked":["Barrage","Rebound"],"picked":"Genetic Algorithm","floor":14.0},{"not_picked":["Meteor Strike","Thunder Strike"],"picked":"Core Surge","floor":16.0},{"not_picked":["Streamline","Sweeping Beam","Leap"],"picked":"SKIP","floor":18.0},{"not_picked":["Steam","Reprogram+1"],"picked":"Force Field","floor":21.0}],"player_experience":1063916,"relics_obtained":[{"floor":6.0,"key":"Anchor"},{"floor":8.0,"key":"Thread and Needle"},{"floor":9.0,"key":"Frozen Egg 2"},{"floor":14.0,"key":"Bird Faced Urn"},{"floor":17.0,"key":"Bag of Marbles"},{"floor":17.0,"key":"White Beast Statue"},{"floor":17.0,"key":"Du-Vu Doll"},{"floor":20.0,"key":"Nilry\u0027s Codex"}],"event_choices":[{"damage_healed":0.0,"max_hp_gain":5.0,"max_hp_loss":0.0,"gold_gain":0.0,"event_name":"Forgotten Altar","player_choice":"Shed Blood","floor":19.0,"gold_loss":0.0,"damage_taken":25.0},{"damage_healed":0.0,"max_hp_gain":0.0,"max_hp_loss":0.0,"gold_gain":0.0,"event_name":"Cursed Tome","player_choice":"Obtained Book","floor":20.0,"gold_loss":0.0,"damage_taken":21.0},{"damage_healed":0.0,"max_hp_gain":0.0,"max_hp_loss":38.0,"gold_gain":0.0,"event_name":"Ghosts","player_choice":"Became a Ghost","floor":22.0,"gold_loss":0.0,"damage_taken":0.0,"cards_obtained":["Ghostly","Ghostly","Ghostly"]}],"is_beta":false,"boss_relics":[{"not_picked":["Runic Dome","Tiny House"],"picked":"Calling Bell"}],"items_purged_floors":[11],"is_endless":false,"potions_floor_spawned":[1,6,16,18,21],"killed_by":"Book of Stabbing","ascension_level":20}}