{"host":"gp6kafy53r5vaktt","time":1608388178,"event":{"mods":["BaseMod","Colored Map","Highlight Path","Minty Spire (QoL Compilation)"],"gold_per_floor":[10,10,10,26,39,80,80,120,175,175,198,229,245,264,264,394,394,410,410,424,109,133,133,177,177,231,249,71,71,95,131,131,262,262,275,290,38,38,51,89,126,138,150,181,193,243,279,305,317,329],"floor_reached":51,"playtime":3947,"items_purged":["Strike_R","Strike_R"],"score":966,"play_id":"e8f5b5b9-b26f-4b43-bb53-64742c4991b5","local_time":"20201219162938","is_ascension_mode":true,"campfire_choices":[{"data":"Intimidate","floor":7.0,"key":"SMITH"},{"data":"Armaments","floor":15.0,"key":"SMITH"},{"data":"Iron Wave","floor":23.0,"key":"SMITH"},{"data":"Offering","floor":25.0,"key":"SMITH"},{"data":"True Grit","floor":32.0,"key":"SMITH"},{"data":"Body Slam","floor":42,"key":"SMITH"},{"data":"Battle Trance","floor":49,"key":"SMITH"}],"circlet_count":0,"master_deck":["Strike_R","Defend_R","Defend_R+1","Defend_R+1","Defend_R","Bash","Intimidate+1","Anger","Metallicize","Shrug It Off","Offering+1","Armaments+1","Juggernaut+1","Body Slam+1","Iron Wave+1","Battle Trance+1","Warcry+1","Shrug It Off","True Grit+1","Barricade+1","Metallicize+1","Reaper+1","Bandage Up","Enlightenment","Finesse","Entrench+1","Iron Wave+1","Warcry","Feel No Pain+1","Offering"],"relics":["Burning Blood","Golden Idol","Darkstone Periapt","Nunchaku","Red Skull","Happy Flower","Frozen Egg 2","Black Star","Paper Frog","InkBottle","Eternal Feather","Lantern","Art of War","Incense Burner","Molten Egg 2","Philosopher\u0027s Stone","MawBank","Torii","Boot","Bottled Tornado"],"acts_visited":["Exordium","TheCity","TheBeyond"],"potions_floor_usage":[50,50,50],"damage_taken":[{"damage":1.0,"enemies":"2 Louse","floor":1.0,"turns":4.0},{"damage":0.0,"enemies":"Small Slimes","floor":4.0,"turns":3.0},{"damage":0.0,"enemies":"Jaw Worm","floor":5.0,"turns":3.0},{"damage":14.0,"enemies":"Gremlin Nob","floor":6.0,"turns":4.0},{"damage":7.0,"enemies":"3 Sentries","floor":8.0,"turns":7.0},{"damage":0.0,"enemies":"Gremlin Gang","floor":11.0,"turns":5.0},{"damage":14.0,"enemies":"Gremlin Nob","floor":12.0,"turns":5.0},{"damage":6.0,"enemies":"Looter","floor":13.0,"turns":3.0},{"damage":0.0,"enemies":"Large Slime","floor":14.0,"turns":4.0},{"damage":6.0,"enemies":"The Guardian","floor":16.0,"turns":9.0},{"damage":6.0,"enemies":"Shell Parasite","floor":18.0,"turns":3.0},{"damage":6.0,"enemies":"Spheric Guardian","floor":20.0,"turns":3.0},{"damage":0.0,"enemies":"Snecko","floor":22.0,"turns":4.0},{"damage":11.0,"enemies":"Book of Stabbing","floor":24.0,"turns":5.0},{"damage":23.0,"enemies":"Cultist and Chosen","floor":27.0,"turns":6.0},{"damage":12.0,"enemies":"Sentry and Sphere","floor":30.0,"turns":4.0},{"damage":17.0,"enemies":"Slavers","floor":31.0,"turns":6.0},{"damage":30.0,"enemies":"Collector","floor":33.0,"turns":11.0},{"damage":13,"enemies":"3 Darklings","floor":35,"turns":5},{"damage":6,"enemies":"Orb Walker","floor":36,"turns":4},{"damage":2,"enemies":"Spire Growth","floor":39,"turns":5},{"damage":6,"enemies":"Giant Head","floor":40,"turns":5},{"damage":6,"enemies":"Maw","floor":41,"turns":4},{"damage":6,"enemies":"4 Shapes","floor":44,"turns":5},{"damage":6,"enemies":"Nemesis","floor":46,"turns":5},{"damage":8,"enemies":"Transient","floor":47,"turns":5},{"damage":6,"enemies":"Maw","floor":48,"turns":5},{"damage":6,"enemies":"Donu and Deca","floor":50,"turns":11}],"seed_played":"-3203608702938400462","potions_obtained":[{"floor":4.0,"key":"Explosive Potion"},{"floor":5.0,"key":"SteroidPotion"},{"floor":11.0,"key":"SpeedPotion"},{"floor":12.0,"key":"ColorlessPotion"},{"floor":13.0,"key":"Weak Potion"},{"floor":18.0,"key":"ColorlessPotion"},{"floor":19.0,"key":"Regen Potion"},{"floor":19.0,"key":"Swift Potion"},{"floor":30.0,"key":"ColorlessPotion"},{"floor":33.0,"key":"ElixirPotion"},{"floor":46,"key":"SpeedPotion"},{"floor":47,"key":"SkillPotion"},{"floor":48,"key":"PowerPotion"}],"is_trial":false,"path_per_floor":["M","?","?","M","M","E","R","E","T","?","M","E","M","M","R","B",null,"M","?","M","$","M","R","E","R","T","M","$","?","M","E","R","B",null,"M","M","$","?","M","E","M","R","T","M","?","E","M","M","R","B",null],"character_chosen":"IRONCLAD","items_purchased":["Paper Frog","Shrug It Off","Art of War","Reaper+1"],"campfire_rested":0,"item_purchase_floors":[21,28,28,37],"current_hp_per_floor":[80,60,44,50,56,48,48,47,47,40,46,38,38,44,44,44,80,80,80,80,80,80,80,75,80,80,63,63,63,69,58,70,46,80,73,73,73,63,78,80,80,80,80,80,80,80,80,80,80,80],"gold":341,"neow_bonus":"TRANSFORM_TWO_CARDS","is_daily":false,"chose_seed":false,"campfire_upgraded":7,"win_rate":0.0,"timestamp":1608388178,"path_taken":["M","?","?","M","M","E","R","E","T","?","M","E","M","M","R","BOSS","M","?","M","$","M","R","E","R","T","?","$","?","M","E","R","BOSS","M","M","$","?","M","E","M","R","T","M","?","E","?","M","R","BOSS"],"items_purchased_type":["Relic","Card","Relic","Card"],"build_version":"2020-12-13","purchased_purges":2,"victory":true,"max_hp_per_floor":[80,80,80,80,80,80,80,80,80,80,80,80,80,80,80,80,80,80,80,80,80,80,80,80,80,80,80,80,80,80,80,80,80,80,80,80,80,80,80,80,80,80,80,80,80,80,80,80,80,80],"card_choices":[{"not_picked":["Clash","Clothesline"],"picked":"Metallicize","floor":1.0},{"not_picked":["Anger","Headbutt","Clash"],"picked":"SKIP","floor":4.0},{"not_picked":["Body Slam","Corruption"],"picked":"Shrug It Off","floor":5.0},{"not_picked":["Body Slam","Havoc"],"picked":"Offering","floor":6.0},{"not_picked":["Twin Strike","Uppercut"],"picked":"Armaments","floor":8.0},{"not_picked":["Sword Boomerang","Clash","Heavy Blade"],"picked":"SKIP","floor":11.0},{"not_picked":["Pummel","Ghostly Armor"],"picked":"Juggernaut+1","floor":12.0},{"not_picked":["Heavy Blade","Pommel Strike","Flex"],"picked":"SKIP","floor":13.0},{"not_picked":["Pommel Strike","Clothesline"],"picked":"Body Slam","floor":14.0},{"not_picked":["Warcry","Armaments","Sword Boomerang+1"],"picked":"SKIP","floor":18.0},{"not_picked":["Flex","Armaments"],"picked":"Iron Wave","floor":20.0},{"not_picked":["Clothesline","Pommel Strike"],"picked":"Battle Trance","floor":22.0},{"not_picked":["Twin Strike+1","Spot Weakness"],"picked":"Warcry+1","floor":24.0},{"not_picked":["Sword Boomerang","Dropkick","Thunderclap"],"picked":"SKIP","floor":27.0},{"not_picked":["Searing Blow","Perfected Strike","Clothesline"],"picked":"SKIP","floor":30.0},{"not_picked":["Heavy Blade+1","Flex"],"picked":"True Grit","floor":31.0},{"not_picked":["Reaper+1","Fiend Fire+1"],"picked":"Barricade+1","floor":33.0},{"not_picked":["Flex+1","Twin Strike+1","Sword Boomerang+1"],"picked":"SKIP","floor":35},{"not_picked":["Headbutt+1","Wild Strike+1"],"picked":"Metallicize+1","floor":36},{"not_picked":["Good Instincts","Enlightenment"],"picked":"Bandage Up","floor":38},{"not_picked":["PanicButton","Deep Breath"],"picked":"Enlightenment","floor":38},{"not_picked":["Dark Shackles","Blind"],"picked":"Finesse","floor":38},{"not_picked":["Infernal Blade","Havoc"],"picked":"Entrench+1","floor":39},{"not_picked":["Cleave+1","Headbutt+1","Hemokinesis+1"],"picked":"SKIP","floor":40},{"not_picked":["Havoc+1","Wild Strike+1"],"picked":"Iron Wave+1","floor":41},{"not_picked":["Shrug It Off","Dropkick+1"],"picked":"Warcry","floor":44},{"not_picked":["True Grit","Infernal Blade"],"picked":"Feel No Pain+1","floor":46},{"not_picked":["Hemokinesis+1","Warcry"],"picked":"Offering","floor":47},{"not_picked":["Cleave+1","Wild Strike+1","Spot Weakness"],"picked":"SKIP","floor":48}],"player_experience":57365,"relics_obtained":[{"floor":6.0,"key":"Darkstone Periapt"},{"floor":8.0,"key":"Nunchaku"},{"floor":9.0,"key":"Red Skull"},{"floor":12.0,"key":"Frozen Egg 2"},{"floor":24.0,"key":"InkBottle"},{"floor":24.0,"key":"Eternal Feather"},{"floor":26.0,"key":"Lantern"},{"floor":31.0,"key":"Incense Burner"},{"floor":31.0,"key":"Molten Egg 2"},{"floor":40,"key":"MawBank"},{"floor":43,"key":"Torii"},{"floor":46,"key":"Boot"},{"floor":46,"key":"Bottled Tornado"}],"event_choices":[{"damage_healed":0.0,"max_hp_gain":0.0,"max_hp_loss":0.0,"gold_gain":0.0,"event_name":"Golden Idol","player_choice":"Take Damage","floor":2.0,"gold_loss":0.0,"damage_taken":20.0,"relics_obtained":["Golden Idol"]},{"damage_healed":0.0,"max_hp_gain":0.0,"max_hp_loss":0.0,"gold_gain":0.0,"event_name":"Shining Light","player_choice":"Entered Light","floor":3.0,"gold_loss":0.0,"damage_taken":16.0,"cards_upgraded":["Defend_R","Defend_R"]},{"damage_healed":0.0,"max_hp_gain":0.0,"max_hp_loss":0.0,"gold_gain":0.0,"event_name":"Scrap Ooze","player_choice":"Success","floor":10.0,"gold_loss":0.0,"damage_taken":7.0,"relics_obtained":["Happy Flower"]},{"damage_healed":0.0,"max_hp_gain":0.0,"max_hp_loss":0.0,"gold_gain":0.0,"event_name":"Lab","player_choice":"Got Potions","floor":19.0,"gold_loss":0.0,"damage_taken":0.0},{"damage_healed":0.0,"max_hp_gain":0.0,"max_hp_loss":0.0,"gold_gain":0.0,"event_name":"Ghosts","player_choice":"Ignored","floor":29.0,"gold_loss":0.0,"damage_taken":0.0},{"damage_healed":0,"gold_gain":0,"player_choice":"Memory 3","damage_taken":10,"max_hp_gain":0,"max_hp_loss":0,"event_name":"SensoryStone","floor":38,"gold_loss":0},{"damage_healed":0,"gold_gain":0,"player_choice":"Ignored","damage_taken":0,"max_hp_gain":0,"max_hp_loss":0,"event_name":"NoteForYourself","floor":45,"gold_loss":0}],"is_beta":false,"boss_relics":[{"not_picked":["Runic Dome","Black Blood"],"picked":"Black Star"},{"not_picked":["Snecko Eye","Runic Cube"],"picked":"Philosopher\u0027s Stone"}],"items_purged_floors":[21,37],"is_endless":false,"potions_floor_spawned":[4,5,11,12,13,18,30,33,46,47,48],"ascension_level":1}}