{"host":"bxn2em57qlx5u4i0","time":1608410015,"event":{"mods":["BaseMod","Colored Map","Colored Powertips","Highlight Path","Minty Spire (QoL Compilation)","Random Character Button","Relic Sorter","Relic Stats","StSLib","SuperFastMode"],"gold_per_floor":[109,14,14,32,32,50,90,90,90,15,35,35,76,102,102,182,182,209,232,250,273,273,273,309,309,309,309,332,12,212,244,244,327,327,344,356,379,405,427,453,453,493,571,586,623,290,304,304,304,304,304,304,304,3,3,3],"floor_reached":55,"playtime":2799,"items_purged":["Pain","Strike_G+1"],"score":2464,"play_id":"c384271e-cfb6-446f-bcb7-1c5f5d9c74d7","local_time":"20201219153335","is_ascension_mode":true,"campfire_choices":[{"floor":8.0,"key":"REST"},{"data":"A Thousand Cuts","floor":12.0,"key":"SMITH"},{"data":"Tactician","floor":15.0,"key":"SMITH"},{"data":"After Image","floor":23.0,"key":"SMITH"},{"data":"Reflex","floor":25.0,"key":"SMITH"},{"data":"Cloak And Dagger","floor":27.0,"key":"SMITH"},{"data":"Infinite Blades","floor":32.0,"key":"SMITH"},{"floor":41.0,"key":"RECALL"}],"circlet_count":0,"master_deck":["AscendersBane","Strike_G+1","Strike_G+1","Defend_G+1","Defend_G+1","Defend_G+1","Defend_G+1","Defend_G+1","Survivor","Neutralize","A Thousand Cuts+1","Dagger Throw","Footwork","Dagger Throw","Infinite Blades","Backflip","Infinite Blades+1","Crippling Poison","Tactician+1","After Image+1","PiercingWail","Acrobatics","Skewer","Glass Knife","Cloak And Dagger+1","Reflex+1","Blade Dance","Corpse Explosion","Cloak And Dagger","Well Laid Plans+1","Adrenaline","Burst","PiercingWail+1","Tactician","Blur","After Image+1"],"relics":["Ring of the Snake","WarpedTongs","CeramicFish","Kunai","Potion Belt","Coffee Dripper","FossilizedHelix","Question Card","Bird Faced Urn","Snake Skull","Fusion Hammer","Pocketwatch","TungstenRod","Ancient Tea Set","Membership Card","Lantern","Happy Flower","Bronze Scales","DollysMirror"],"acts_visited":["Exordium","TheCity","TheBeyond","TheEnding"],"potions_floor_usage":[55,55],"damage_taken":[{"damage":0.0,"enemies":"2 Louse","floor":1.0,"turns":4.0},{"damage":5.0,"enemies":"Jaw Worm","floor":4.0,"turns":4.0},{"damage":1.0,"enemies":"Cultist","floor":6.0,"turns":3.0},{"damage":37.0,"enemies":"3 Sentries","floor":7.0,"turns":9.0},{"damage":0.0,"enemies":"Exordium Wildlife","floor":11.0,"turns":4.0},{"damage":0.0,"enemies":"Lagavulin","floor":13.0,"turns":7.0},{"damage":0.0,"enemies":"Large Slime","floor":14.0,"turns":6.0},{"damage":28.0,"enemies":"The Guardian","floor":16.0,"turns":13.0},{"damage":0.0,"enemies":"2 Thieves","floor":18.0,"turns":4.0},{"damage":1.0,"enemies":"Chosen","floor":19.0,"turns":5.0},{"damage":0.0,"enemies":"Snecko","floor":21.0,"turns":5.0},{"damage":1.0,"enemies":"Gremlin Leader","floor":24.0,"turns":7.0},{"damage":0.0,"enemies":"Cultist and Chosen","floor":28.0,"turns":8.0},{"damage":0.0,"enemies":"Book of Stabbing","floor":31.0,"turns":6.0},{"damage":13.0,"enemies":"Automaton","floor":33.0,"turns":9.0},{"damage":0.0,"enemies":"3 Darklings","floor":35.0,"turns":4.0},{"damage":0.0,"enemies":"Orb Walker","floor":36.0,"turns":3.0},{"damage":0.0,"enemies":"4 Shapes","floor":37.0,"turns":4.0},{"damage":0.0,"enemies":"Jaw Worm Horde","floor":38.0,"turns":5.0},{"damage":18.0,"enemies":"3 Darklings","floor":39.0,"turns":5.0},{"damage":0.0,"enemies":"Nemesis","floor":40.0,"turns":7.0},{"damage":0.0,"enemies":"Giant Head","floor":42.0,"turns":7.0},{"damage":0.0,"enemies":"Writhing Mass","floor":44.0,"turns":6.0},{"damage":0.0,"enemies":"Reptomancer","floor":45.0,"turns":6.0},{"damage":0.0,"enemies":"Sphere and 2 Shapes","floor":47.0,"turns":4.0},{"damage":0.0,"enemies":"Donu and Deca","floor":50.0,"turns":6.0},{"damage":0.0,"enemies":"Awakened One","floor":51.0,"turns":21.0},{"damage":71,"enemies":"Shield and Spear","floor":55,"turns":5}],"seed_played":"-6133254444610337674","potions_obtained":[{"floor":4.0,"key":"AttackPotion"},{"floor":7.0,"key":"AttackPotion"},{"floor":16.0,"key":"LiquidMemories"},{"floor":18.0,"key":"CunningPotion"},{"floor":21.0,"key":"SpeedPotion"},{"floor":24.0,"key":"Strength Potion"},{"floor":31.0,"key":"Poison Potion"},{"floor":37.0,"key":"Weak Potion"},{"floor":39.0,"key":"CunningPotion"},{"floor":40.0,"key":"LiquidBronze"},{"floor":47.0,"key":"PowerPotion"}],"is_trial":false,"path_per_floor":["M","$","?","M","?","M","E","R","T","$","M","R","E","M","R","B",null,"M","M","?","M","?","R","E","R","T","R","M","$","?","E","R","B",null,"M","M","M","M","M","E","R","E","T","M","E","$","M","?","R","B","B",null,"R","$","E"],"character_chosen":"THE_SILENT","items_purchased":["Footwork","Dagger Throw","Bird Faced Urn","Membership Card","Lantern","Tactician","Blur","Happy Flower","Bronze Scales","DollysMirror","BlessingOfTheForge","Energy Potion"],"campfire_rested":1,"item_purchase_floors":[2,2,29,46,46,46,46,54,54,54,54,54],"current_hp_per_floor":[59,59,59,54,54,53,16,35,35,35,35,35,35,35,35,7,51,51,50,50,50,50,50,49,49,49,49,49,49,49,57,57,53,63,66,66,66,66,52,64,64,66,66,66,66,66,66,63,63,63,63,63,63,63,0,0],"gold":3,"neow_bonus":"ONE_RANDOM_RARE_CARD","is_daily":false,"chose_seed":false,"campfire_upgraded":6,"win_rate":0.0,"timestamp":1608410015,"path_taken":["M","$","?","M","?","M","E","R","T","$","M","R","E","M","R","BOSS","M","?","?","M","?","R","E","R","T","R","?","$","?","E","R","BOSS","M","?","?","M","M","E","R","E","T","M","E","?","M","?","R","BOSS","BOSS","R","$","E"],"items_purchased_type":["Card","Card","Relic","Relic","Relic","Card","Card","Relic","Relic","Relic","Potion","Potion"],"build_version":"2020-12-13","purchased_purges":2,"victory":false,"max_hp_per_floor":[66,66,66,66,66,66,66,66,66,66,66,66,66,66,66,66,66,66,66,66,66,66,66,66,66,66,66,66,66,66,66,66,66,66,66,66,66,66,66,66,66,66,66,66,66,66,66,63,63,63,63,63,63,63,63,63],"relic_stats":{"Happy Flower":[1],"counters":[28,177],"CeramicFish":189,"Snake Skull":[55],"Question Card":13,"WarpedTongs":[169],"Bird Faced Urn":[42],"Bronze Scales":[36],"Kunai":[142],"obtain_stats":[{"Potion Belt":13,"Lantern":46,"Happy Flower":54,"CeramicFish":7,"Snake Skull":31,"Question Card":26,"Ancient Tea Set":45,"WarpedTongs":5,"DollysMirror":54,"Bird Faced Urn":29,"Bronze Scales":54,"Fusion Hammer":34,"Coffee Dripper":17,"Kunai":9,"Membership Card":46,"FossilizedHelix":24,"TungstenRod":42,"Ring of the Snake":0,"Pocketwatch":40},{"Potion Belt":6,"Lantern":24,"Happy Flower":27,"CeramicFish":4,"Snake Skull":14,"Question Card":12,"Ancient Tea Set":24,"WarpedTongs":2,"DollysMirror":27,"Bird Faced Urn":13,"Bronze Scales":27,"Fusion Hammer":15,"Coffee Dripper":8,"Kunai":4,"Membership Card":24,"FossilizedHelix":12,"TungstenRod":22,"Ring of the Snake":0,"Pocketwatch":21},{"Potion Belt":31,"Lantern":141,"Happy Flower":172,"CeramicFish":20,"Snake Skull":85,"Question Card":71,"Ancient Tea Set":141,"WarpedTongs":8,"DollysMirror":172,"Bird Faced Urn":79,"Bronze Scales":172,"Fusion Hammer":94,"Coffee Dripper":50,"Kunai":20,"Membership Card":141,"FossilizedHelix":71,"TungstenRod":129,"Ring of the Snake":0,"Pocketwatch":122}],"TungstenRod":9,"Ring of the Snake":[56],"Pocketwatch":[0]},"card_choices":[{"not_picked":["Backflip","Underhanded Strike"],"picked":"Dagger Throw","floor":1.0},{"not_picked":["Calculated Gamble","Blur"],"picked":"Infinite Blades","floor":4.0},{"not_picked":["Setup","Prepared","Outmaneuver"],"picked":"SKIP","floor":6.0},{"not_picked":["Masterful Stab","Setup"],"picked":"Backflip","floor":7.0},{"not_picked":["Venomology","Outmaneuver"],"picked":"Infinite Blades","floor":11.0},{"not_picked":["Finisher","Distraction"],"picked":"Crippling Poison","floor":13.0},{"not_picked":["PiercingWail","Underhanded Strike"],"picked":"Tactician","floor":14.0},{"not_picked":["Envenom","Unload"],"picked":"After Image","floor":16.0},{"not_picked":["Crippling Poison","Slice"],"picked":"PiercingWail","floor":18.0},{"not_picked":["Acrobatics","Bane","Slice"],"picked":"SKIP","floor":19.0},{"not_picked":["Bane","Slice"],"picked":"Acrobatics","floor":19.0},{"not_picked":["Quick Slash","Bouncing Flask","Cloak And Dagger"],"picked":"SKIP","floor":21.0},{"not_picked":["Quick Slash","Bouncing Flask"],"picked":"Cloak And Dagger","floor":21.0},{"not_picked":["Bane","Endless Agony"],"picked":"Reflex","floor":24.0},{"not_picked":["Flying Knee","Acrobatics","Riddle With Holes"],"picked":"Blade Dance","floor":28.0},{"not_picked":["Masterful Stab","Expertise","Poisoned Stab","Flying Knee"],"picked":"SKIP","floor":31.0},{"not_picked":["Storm of Steel","Bullet Time","Glass Knife"],"picked":"Corpse Explosion","floor":33.0},{"not_picked":["Prepared","Sucker Punch","Dodge and Roll","Deflect"],"picked":"SKIP","floor":35.0},{"not_picked":["Dagger Throw","Heel Hook","Slice","Quick Slash+1"],"picked":"SKIP","floor":36.0},{"not_picked":["Dash","Prepared","PiercingWail+1"],"picked":"Cloak And Dagger","floor":37.0},{"not_picked":["Sucker Punch","Dagger Spray","Footwork+1"],"picked":"Well Laid Plans+1","floor":38.0},{"not_picked":["Deadly Poison+1","Concentrate","Dagger Spray"],"picked":"Adrenaline","floor":39.0},{"not_picked":["PiercingWail","Dagger Spray","Prepared","Bane"],"picked":"SKIP","floor":40.0},{"not_picked":["Dagger Spray","Blade Dance","Night Terror"],"picked":"Burst","floor":42.0},{"not_picked":["Prepared","Poisoned Stab","Caltrops","Setup"],"picked":"SKIP","floor":44.0},{"not_picked":["Predator","Flying Knee","Well Laid Plans+1"],"picked":"PiercingWail+1","floor":45.0},{"not_picked":["Flying Knee+1","Bane","Underhanded Strike+1","Expertise"],"picked":"SKIP","floor":47.0}],"player_experience":2817354,"relics_obtained":[{"floor":7.0,"key":"CeramicFish"},{"floor":9.0,"key":"Kunai"},{"floor":13.0,"key":"Potion Belt"},{"floor":24.0,"key":"FossilizedHelix"},{"floor":26.0,"key":"Question Card"},{"floor":31.0,"key":"Snake Skull"},{"floor":40.0,"key":"Pocketwatch"},{"floor":42.0,"key":"TungstenRod"},{"floor":45.0,"key":"Ancient Tea Set"}],"event_choices":[{"damage_healed":0.0,"max_hp_gain":0.0,"max_hp_loss":0.0,"gold_gain":0.0,"event_name":"Liars Game","player_choice":"Ignored","floor":3.0,"gold_loss":0.0,"damage_taken":0.0},{"damage_healed":0.0,"max_hp_gain":0.0,"max_hp_loss":0.0,"gold_gain":0.0,"event_name":"Accursed Blacksmith","player_choice":"Rummage","floor":5.0,"gold_loss":0.0,"damage_taken":0.0,"relics_obtained":["WarpedTongs"],"cards_obtained":["Pain"]},{"damage_healed":0.0,"max_hp_gain":0.0,"max_hp_loss":0.0,"gold_gain":0.0,"cards_transformed":["Strike_G","Strike_G"],"event_name":"Drug Dealer","player_choice":"Became Test Subject","floor":20.0,"gold_loss":0.0,"damage_taken":0.0,"cards_obtained":["Skewer","Glass Knife"]},{"damage_healed":0.0,"max_hp_gain":0.0,"max_hp_loss":0.0,"gold_gain":0.0,"event_name":"Back to Basics","player_choice":"Simplicity","floor":22.0,"gold_loss":0.0,"damage_taken":0.0,"cards_upgraded":["Strike_G","Strike_G","Strike_G","Defend_G","Defend_G","Defend_G","Defend_G","Defend_G"]},{"damage_healed":0.0,"max_hp_gain":0.0,"max_hp_loss":0.0,"gold_gain":200.0,"event_name":"Wheel of Change","player_choice":"Gold","floor":30.0,"gold_loss":0.0,"damage_taken":0.0},{"damage_healed":0.0,"max_hp_gain":0.0,"max_hp_loss":3.0,"gold_gain":0.0,"event_name":"Winding Halls","player_choice":"Max HP","floor":48.0,"gold_loss":0.0,"damage_taken":0.0}],"is_beta":false,"boss_relics":[{"not_picked":["Ectoplasm","Runic Pyramid"],"picked":"Coffee Dripper"},{"not_picked":["Philosopher\u0027s Stone","Velvet Choker"],"picked":"Fusion Hammer"}],"items_purged_floors":[10,46],"is_endless":false,"potions_floor_spawned":[4,7,16,18,21,24,31,37,39,40,42,47],"killed_by":"Shield and Spear","ascension_level":20}}