{"host":"44og2uqm53oex657","time":1608336913,"event":{"mods":["AchievementEnabler","Act Like it!","BaseMod","DeckTracker","Gensokyo","Koishi","Marisa????????","Minty Spire (QoL Compilation)","StSLib"],"gold_per_floor":[118,132,132,112,125,152,152,183,183,183,183,197,197,207,207,207,207],"floor_reached":16,"playtime":434,"items_purged":[],"score":240,"play_id":"1a5abdb1-22f4-4758-ab2e-eecee073f28f","local_time":"20201218161513","is_ascension_mode":true,"campfire_choices":[{"data":"MysteriousBeam","floor":7,"key":"SMITH"},{"floor":11,"key":"REST"},{"data":"Singularity","floor":15,"key":"SMITH"}],"circlet_count":0,"master_deck":["AscendersBane","Strike_MRS","Strike_MRS","Strike_MRS","Defend_MRS","Defend_MRS","Defend_MRS","Defend_MRS","MasterSpark","UpSweep","MysteriousBeam+1","6A","Singularity+1"],"relics":["MiniHakkero","Lantern","AmplifyWand","Juzu Bracelet","Gremlin Horn"],"acts_visited":["Exordium"],"potions_floor_usage":[4,6,10],"damage_taken":[{"damage":1,"enemies":"2 Louse","floor":1,"turns":3},{"damage":7,"enemies":"Jaw Worm","floor":2,"turns":2},{"damage":1,"enemies":"Cultist","floor":5,"turns":3},{"damage":15,"enemies":"3 Sentries","floor":6,"turns":8},{"damage":39,"enemies":"Lagavulin","floor":8,"turns":8},{"damage":0,"enemies":"3 Sentries","floor":10,"turns":1},{"damage":4,"enemies":"Exordium Wildlife","floor":12,"turns":3},{"damage":6,"enemies":"Looter","floor":14,"turns":2},{"damage":28,"enemies":"Slime Boss","floor":16,"turns":3}],"seed_played":"-9159171668140388236","potions_obtained":[{"floor":4,"key":"Fruit Juice"},{"floor":5,"key":"SkillPotion"},{"floor":6,"key":"SmokeBomb"},{"floor":12,"key":"CultistPotion"}],"is_trial":false,"path_per_floor":["M","M","?","?","M","E","R","E","T","E","R","M","?","M","R","B"],"character_chosen":"MARISA","items_purchased":[],"campfire_rested":1,"item_purchase_floors":[],"current_hp_per_floor":[62,55,60,65,64,49,49,10,10,10,34,30,23,17,17,0,0],"gold":207,"neow_bonus":"RANDOM_COMMON_RELIC","is_daily":false,"chose_seed":false,"campfire_upgraded":2,"win_rate":0.0,"timestamp":1608336913,"path_taken":["M","M","?","?","?","E","R","E","T","E","R","M","?","M","R","BOSS"],"items_purchased_type":[],"build_version":"2020-12-13","purchased_purges":0,"victory":false,"max_hp_per_floor":[70,70,75,80,80,80,80,80,80,80,80,80,80,80,80,80,80],"card_choices":[{"not_picked":["GrandCross","LuminesStrike"],"picked":"MysteriousBeam","floor":1},{"not_picked":["GravityBeat","SuperPerseids"],"picked":"6A","floor":2},{"not_picked":["GravityBeat","MachineGunSpark","WitchLeyline"],"picked":"SKIP","floor":5},{"not_picked":["ChargeUpSpray","GravityBeat","DoubleSpark"],"picked":"SKIP","floor":6},{"not_picked":["SuperNova","RefractionSpark","GalacticHalo"],"picked":"SKIP","floor":8},{"not_picked":["MysteriousBeam","PowerUp"],"picked":"Singularity","floor":12},{"not_picked":["ChargeUpSpray","IllusionStar","GasGiant"],"picked":"SKIP","floor":14}],"player_experience":670447,"relics_obtained":[{"floor":6,"key":"AmplifyWand"},{"floor":8,"key":"Juzu Bracelet"},{"floor":9,"key":"Gremlin Horn"}],"event_choices":[{"damage_healed":0,"gold_gain":0,"player_choice":"Donut","damage_taken":0,"max_hp_gain":5,"max_hp_loss":0,"event_name":"Big Fish","floor":3,"gold_loss":0},{"damage_healed":0,"gold_gain":0,"player_choice":"Bought 1 Potion","damage_taken":0,"max_hp_gain":0,"max_hp_loss":0,"event_name":"The Woman in Blue","floor":4,"gold_loss":0},{"cards_removed":["Strike_MRS"],"damage_healed":0,"gold_gain":0,"player_choice":"Card Removal","damage_taken":7,"max_hp_gain":0,"max_hp_loss":0,"event_name":"Golden Wing","floor":13,"gold_loss":0}],"is_beta":false,"boss_relics":[],"items_purged_floors":[],"is_endless":false,"potions_floor_spawned":[5,6,10,12],"killed_by":"Slime Boss","ascension_level":20}}