{"host":"qwttrqaysb380yri","time":1608366053,"event":{"mods":["BaseMod","Custom Start","Minty Spire (QoL Compilation)","Permanent Neow","Puzzle Mod","Relic Stats","StSLib","The Cursed","The Hierophant"],"gold_per_floor":[111,124,124,140,140,168,168,202,202,215,243,253,265,265,265,336,336,354,374,103,103,18,18,18,18,42,42,78,106,106,151,151,151,151],"floor_reached":33,"playtime":1026,"items_purged":["Strike_B"],"score":574,"play_id":"e08a3eab-a920-446d-8d4c-ca7abfe0f1f8","local_time":"20201219092053","is_ascension_mode":true,"campfire_choices":[{"data":"Lockon","floor":7,"key":"SMITH"},{"floor":15,"key":"REST"},{"data":"Reprogram","floor":23,"key":"SMITH"},{"data":"Fission","floor":27,"key":"SMITH"},{"floor":30,"key":"REST"},{"data":"Beam Cell","floor":32,"key":"SMITH"}],"circlet_count":0,"master_deck":["AscendersBane","Defend_B","Defend_B+1","Defend_B","Defend_B","Zap","Dualcast","Lockon+1","Sweeping Beam","Steam","Gash","Conserve Battery","Ball Lightning","Steam","Glacier+1","Conserve Battery","Fission+1","Compile Driver+1","Gash+1","Reprogram+1","Beam Cell+1","Buffer","Bite","Bite","Bite","Bite","Bite"],"relics":["Cracked Core","Bag of Preparation","Lizard Tail","Nunchaku","Mummified Hand","Orichalcum","War Paint","Philosopher\u0027s Stone","Toolbox","CeramicFish","Regal Pillow","Gremlin Horn"],"acts_visited":["Exordium","TheCity"],"potions_floor_usage":[16,16,29],"damage_taken":[{"damage":0,"enemies":"2 Louse","floor":1,"turns":2},{"damage":0,"enemies":"Cultist","floor":2,"turns":2},{"damage":0,"enemies":"Small Slimes","floor":4,"turns":2},{"damage":36,"enemies":"Gremlin Nob","floor":6,"turns":4},{"damage":25,"enemies":"3 Sentries","floor":8,"turns":7},{"damage":0,"enemies":"3 Louse","floor":10,"turns":3},{"damage":35,"enemies":"Lagavulin","floor":11,"turns":4},{"damage":3,"enemies":"Blue Slaver","floor":12,"turns":4},{"damage":0,"enemies":"Exordium Wildlife","floor":13,"turns":3},{"damage":0,"enemies":"Slime Boss","floor":16,"turns":7},{"damage":23,"enemies":"3 Byrds","floor":18,"turns":6},{"damage":0,"enemies":"Chosen","floor":19,"turns":4},{"damage":42,"enemies":"Book of Stabbing","floor":28,"turns":7},{"damage":0,"enemies":"3 Cultists","floor":29,"turns":5},{"damage":122,"enemies":"Champ","floor":33,"turns":13}],"seed_played":"5778957952076563404","potions_obtained":[{"floor":1,"key":"Block Potion"},{"floor":4,"key":"DuplicationPotion"},{"floor":8,"key":"FairyPotion"},{"floor":12,"key":"Swift Potion"},{"floor":29,"key":"Explosive Potion"}],"is_trial":false,"path_per_floor":["M","M","$","M","?","E","R","E","T","M","E","M","M","?","R","B",null,"M","M","$","?","?","R","$","?","T","R","E","M","R","?","R","B"],"character_chosen":"DEFECT","items_purchased":["Toolbox","Explosive Potion"],"campfire_rested":2,"item_purchase_floors":[20,20],"current_hp_per_floor":[68,68,68,68,68,34,34,11,11,13,7,6,8,5,27,29,64,43,45,45,45,45,45,45,45,45,45,5,7,44,44,44,0,0],"gold":151,"neow_bonus":"RANDOM_COMMON_RELIC","is_daily":false,"chose_seed":false,"campfire_upgraded":4,"win_rate":0.0,"timestamp":1608366053,"path_taken":["M","M","$","M","?","E","R","E","T","?","E","M","M","?","R","BOSS","M","M","$","?","?","R","?","?","T","R","E","M","R","?","R","BOSS"],"items_purchased_type":["Relic","Potion"],"build_version":"2020-12-13","purchased_purges":1,"victory":false,"max_hp_per_floor":[75,75,75,75,75,75,75,75,75,75,75,75,75,75,75,75,75,75,75,75,75,75,75,75,75,75,75,75,75,75,75,75,75,75],"relic_stats":{"Lizard Tail":37,"Nunchaku":[12],"Regal Pillow":15,"Gremlin Horn":[2,2],"counters":[15,73],"Mummified Hand":[0],"CeramicFish":63,"Bag of Preparation":[30],"Orichalcum":[60],"War Paint":["Glacier","Defend_B"],"obtain_stats":[{"Regal Pillow":26,"Gremlin Horn":28,"CeramicFish":22,"Bag of Preparation":0,"Orichalcum":11,"War Paint":14,"Blood Vial":5,"Lizard Tail":6,"Nunchaku":8,"Mummified Hand":9,"Toolbox":20,"Philosopher\u0027s Stone":17,"Cracked Core":0},{"Regal Pillow":12,"Gremlin Horn":13,"CeramicFish":12,"Bag of Preparation":0,"Orichalcum":7,"War Paint":9,"Blood Vial":3,"Lizard Tail":4,"Nunchaku":5,"Mummified Hand":5,"Toolbox":12,"Philosopher\u0027s Stone":10,"Cracked Core":0},{"Regal Pillow":48,"Gremlin Horn":55,"CeramicFish":48,"Bag of Preparation":0,"Orichalcum":24,"War Paint":31,"Blood Vial":6,"Lizard Tail":10,"Nunchaku":17,"Mummified Hand":17,"Toolbox":48,"Philosopher\u0027s Stone":38,"Cracked Core":0}]},"card_choices":[{"not_picked":["Hologram","Coolheaded"],"picked":"Lockon","floor":1},{"not_picked":["Blizzard","Go for the Eyes"],"picked":"Sweeping Beam","floor":2},{"not_picked":["Steam Power","Capacitor"],"picked":"Steam","floor":4},{"not_picked":["Tempest","Redo"],"picked":"Gash","floor":6},{"not_picked":["Melter","Go for the Eyes"],"picked":"Conserve Battery","floor":8},{"not_picked":["Cold Snap","Reprogram"],"picked":"Ball Lightning","floor":10},{"not_picked":["Hyperbeam","Leap"],"picked":"Steam","floor":11},{"not_picked":["Turbo","Stack"],"picked":"Glacier","floor":12},{"not_picked":["Hyperbeam","Stack"],"picked":"Conserve Battery","floor":13},{"not_picked":["Machine Learning","Amplify"],"picked":"Fission","floor":16},{"not_picked":["Leap","Barrage"],"picked":"Compile Driver+1","floor":18},{"not_picked":["Conserve Battery","Skim"],"picked":"Gash+1","floor":19},{"not_picked":["Sweeping Beam","Capacitor"],"picked":"Beam Cell","floor":28},{"not_picked":["Rebound","Sunder+1"],"picked":"Buffer","floor":29}],"player_experience":1890694,"relics_obtained":[{"floor":6,"key":"Lizard Tail"},{"floor":8,"key":"Nunchaku"},{"floor":9,"key":"Mummified Hand"},{"floor":11,"key":"Orichalcum"},{"floor":26,"key":"Regal Pillow"},{"floor":28,"key":"Gremlin Horn"}],"event_choices":[{"damage_healed":0,"gold_gain":0,"player_choice":"Gave Potion","damage_taken":0,"relics_obtained":["Blood Vial"],"max_hp_gain":0,"max_hp_loss":0,"event_name":"WeMeetAgain","floor":5,"gold_loss":0},{"damage_healed":0,"gold_gain":0,"player_choice":"Success","damage_taken":3,"relics_obtained":["War Paint"],"max_hp_gain":0,"max_hp_loss":0,"event_name":"Scrap Ooze","floor":14,"gold_loss":0},{"damage_healed":0,"gold_gain":0,"player_choice":"Read","damage_taken":0,"max_hp_gain":0,"max_hp_loss":0,"event_name":"The Library","floor":21,"gold_loss":0,"cards_obtained":["Reprogram"]},{"damage_healed":0,"gold_gain":0,"player_choice":"Obtained Relic","damage_taken":0,"relics_obtained":["CeramicFish"],"max_hp_gain":0,"max_hp_loss":0,"event_name":"Addict","floor":22,"gold_loss":85},{"damage_healed":0,"gold_gain":0,"player_choice":"Ignored","damage_taken":0,"max_hp_gain":0,"max_hp_loss":0,"event_name":"Ghosts","floor":25,"gold_loss":0},{"damage_healed":0,"gold_gain":0,"player_choice":"Became a vampire (Vial)","damage_taken":0,"max_hp_gain":0,"max_hp_loss":0,"event_name":"Vampires","floor":31,"relics_lost":["Blood Vial"],"gold_loss":0,"cards_obtained":["Bite","Bite","Bite","Bite","Bite"]}],"is_beta":false,"boss_relics":[{"not_picked":["Snecko Eye","Runic Dome"],"picked":"Philosopher\u0027s Stone"}],"items_purged_floors":[20],"is_endless":false,"potions_floor_spawned":[1,4,8,12,29],"killed_by":"Champ","ascension_level":13}}