{"host":"e1hsr9gtjq2d74pi","time":1608340029,"event":{"mods":["Act Like it!","BaseMod","Beaked The Cultist","BetterRewards","Clockwork Mod","Conspire","Downfall","Hermit","Hero for Fun","Hubris","Marisa????????","Minty Spire (QoL Compilation)","Shop Mod","Spicy Shops","StSLib","The Animator","The Construct","The Cursed","The Servant 0.9.4","UnlockEverythingMod"],"gold_per_floor":[113,113,130,146,146,146,46,46,125,125,137,137,157,157,157,258,258,258,258,258,258,27,27,27,27,27,27,27,27,27,27,27,27,27,27,27,27,27,27,27],"floor_reached":39,"playtime":1284,"items_purged":["Writhe"],"score":416,"play_id":"18154267-ba38-4a7f-9ea1-6ca690ca83da","local_time":"20201218170709","is_ascension_mode":false,"campfire_choices":[{"data":"construct:Hazardproof","floor":6,"key":"SMITH"},{"data":"construct:Hazardproof+1","floor":10,"key":"SMITH"},{"data":"construct:ClusterMines","floor":12,"key":"SMITH"},{"data":"construct:ClusterMines+1","floor":15,"key":"SMITH"},{"data":"construct:Synchronize","floor":23,"key":"SMITH"},{"data":"construct:Synchronize+1","floor":24,"key":"SMITH"},{"data":"construct:Reserves","floor":25,"key":"SMITH"},{"floor":32,"key":"REST"}],"circlet_count":0,"master_deck":["construct:Strike_Gold","construct:Strike_Gold","construct:Strike_Gold","construct:Strike_Gold","construct:Defend_Gold","construct:Defend_Gold","construct:Defend_Gold","construct:Defend_Gold","construct:Defend_Gold","construct:DefenseMode","construct:ShiftStrike","construct:ClusterMines+2","construct:Reserves+1","construct:Synchronize+2","hubris:DuctTapeCard","construct:GatlingGun","construct:MetalShell"],"relics":["construct:ClockworkPhoenix","Shuriken","hubris:Towel","Ectoplasm","Bag of Marbles","Orichalcum","hubris:NiceRug","Kunai","Strange Spoon","conspire:BottledYoYo","WingedGreaves","TheAbacus","hubris:DuctTape","Anchor","Philosopher\u0027s Stone"],"acts_visited":["Exordium","TheCity","TheBeyond"],"potions_floor_usage":[22,33,33],"damage_taken":[{"damage":0,"enemies":"2 Louse","floor":1,"turns":3},{"damage":0,"enemies":"Cultist","floor":3,"turns":3},{"damage":10,"enemies":"conspire:RoseBush","floor":4,"turns":2},{"damage":5,"enemies":"Exordium Thugs","floor":11,"turns":5},{"damage":3,"enemies":"Looter","floor":13,"turns":2},{"damage":25,"enemies":"The Guardian","floor":16,"turns":8},{"damage":0,"enemies":"Spheric Guardian","floor":18,"turns":2},{"damage":8,"enemies":"Shell Parasite","floor":19,"turns":5},{"damage":21,"enemies":"conspire:HollyBat","floor":21,"turns":6},{"damage":38,"enemies":"hubris:Merchant","floor":22,"turns":5},{"damage":0,"enemies":"conspire:Head Lice","floor":28,"turns":3},{"damage":0,"enemies":"Centurion and Healer","floor":29,"turns":2},{"damage":8,"enemies":"Shelled Parasite and Fungi","floor":31,"turns":3},{"damage":32,"enemies":"Collector","floor":33,"turns":4},{"damage":1,"enemies":"3 Shapes","floor":35,"turns":2},{"damage":8,"enemies":"3 Darklings","floor":37,"turns":2},{"damage":27,"enemies":"Spire Growth","floor":38,"turns":4},{"damage":0,"enemies":"Sphere and 2 Shapes","floor":39,"turns":2}],"seed_played":"-7566891889368513824","potions_obtained":[{"floor":3,"key":"PowerPotion"},{"floor":11,"key":"GamblersBrew"},{"floor":13,"key":"Explosive Potion"},{"floor":18,"key":"BlessingOfTheForge"},{"floor":22,"key":"Strength Potion"},{"floor":33,"key":"construct:ShiftPotion"},{"floor":35,"key":"Guardian:BlockOnCardUsePotion"}],"is_trial":false,"path_per_floor":["M","?","M","M","?","R","$","?","T","R","M","R","M","?","R","B",null,"M","M","?","M","$","R","R","R","T","?","E","M","?","M","R","B",null,"M","?","M","M","M"],"character_chosen":"THE_CONSTRUCT_MOD","items_purchased":["construct:ClusterMines","Orichalcum"],"campfire_rested":1,"item_purchase_floors":[7,22],"current_hp_per_floor":[85,85,85,75,75,75,75,75,75,75,70,70,67,67,67,42,85,85,77,77,56,18,18,18,18,18,18,18,18,18,10,35,3,85,84,84,76,49,49,49],"gold":27,"neow_bonus":"TRANSFORM_CARD","is_daily":false,"chose_seed":false,"campfire_upgraded":7,"win_rate":0.0,"timestamp":1608340029,"path_taken":["M","?","M","?","?","R","?","?","T","R","M","R","?","?","R","BOSS","M","M","?","M","$","R","R","R","T","?","E","M","?","?","R","BOSS","M","?","?","M","M"],"items_purchased_type":["Card","Relic"],"build_version":"2020-12-13","purchased_purges":1,"victory":false,"max_hp_per_floor":[85,85,85,85,85,85,85,85,85,85,85,85,85,85,85,85,85,85,85,85,85,85,85,85,85,85,85,85,85,85,85,85,85,85,85,85,85,85,85,85],"card_choices":[{"not_picked":["construct:CreateCores","construct:SuppressiveFire","construct:Dampening"],"picked":"SKIP","floor":1},{"not_picked":["construct:FierceBash","construct:Versatility"],"picked":"construct:Hazardproof","floor":3},{"not_picked":["construct:Boost","construct:BatteryAcid","construct:Versatility"],"picked":"SKIP","floor":4},{"not_picked":["construct:VentSteam","construct:Anticipate","construct:FocusedBeam"],"picked":"SKIP","floor":11},{"not_picked":["construct:PhosphorStorm","construct:SuppressiveFire","construct:ClusterMines"],"picked":"SKIP","floor":13},{"not_picked":["construct:Multistage","construct:Bunker"],"picked":"construct:Reserves","floor":16},{"not_picked":["construct:SweepLaser","construct:Analyze","construct:Accumulate+1"],"picked":"SKIP","floor":18},{"not_picked":["construct:ElectricArmor","construct:Forcefield","construct:Rollout"],"picked":"SKIP","floor":19},{"not_picked":["construct:NuclearCore","construct:FocusedBeam+1","construct:Agitation"],"picked":"SKIP","floor":21},{"not_picked":[],"picked":"construct:Synchronize","floor":22},{"not_picked":["construct:HeavyBolt"],"picked":"SKIP","floor":22},{"not_picked":["construct:UnbalancingBlast"],"picked":"SKIP","floor":22},{"not_picked":["construct:CreateCores"],"picked":"SKIP","floor":22},{"not_picked":["construct:Reinforce"],"picked":"SKIP","floor":22},{"not_picked":["expansioncontent:PolyBeam"],"picked":"SKIP","floor":22},{"not_picked":["Magnetism"],"picked":"SKIP","floor":22},{"not_picked":["construct:FlammableFog","construct:ScrapCannon","construct:ShiftingStance"],"picked":"SKIP","floor":28},{"not_picked":["construct:ChargeShot","construct:Disrupt","construct:CripplingShot"],"picked":"SKIP","floor":29},{"not_picked":["construct:PhosphorStorm","construct:Rollout","construct:HeavyBolt"],"picked":"SKIP","floor":31},{"not_picked":["construct:HyperBeam","construct:ShiftingStance"],"picked":"construct:GatlingGun","floor":33},{"not_picked":["construct:VentSteam","construct:ScrapCannon+1","construct:DarkFlames"],"picked":"SKIP","floor":35},{"not_picked":["construct:Disrupt+1","construct:Dampening"],"picked":"construct:MetalShell","floor":37},{"not_picked":["construct:FierceBash","construct:CreateCores+1","construct:Versatility"],"picked":"SKIP","floor":38}],"player_experience":447357,"relics_obtained":[{"floor":9,"key":"Shuriken"},{"floor":22,"key":"Kunai"},{"floor":22,"key":"Strange Spoon"},{"floor":22,"key":"conspire:BottledYoYo"},{"floor":22,"key":"WingedGreaves"},{"floor":22,"key":"TheAbacus"},{"floor":26,"key":"hubris:DuctTape"},{"floor":28,"key":"Anchor"}],"event_choices":[{"cards_removed":["construct:Strike_Gold"],"damage_healed":0,"gold_gain":0,"player_choice":"Purged","damage_taken":0,"max_hp_gain":0,"max_hp_loss":0,"event_name":"Purifier","floor":2,"gold_loss":0},{"damage_healed":0,"gold_gain":0,"player_choice":"0 cards matched","damage_taken":0,"max_hp_gain":0,"max_hp_loss":0,"event_name":"Match and Keep!","floor":5,"gold_loss":0,"cards_obtained":[]},{"damage_healed":0,"gold_gain":0,"player_choice":"Leave","damage_taken":0,"max_hp_gain":0,"max_hp_loss":0,"event_name":"The Cleric","floor":8,"gold_loss":0},{"damage_healed":0,"gold_gain":0,"player_choice":"Opened","damage_taken":0,"relics_obtained":["Bag of Marbles"],"max_hp_gain":0,"max_hp_loss":0,"event_name":"The Mausoleum","floor":20,"gold_loss":0,"cards_obtained":["Writhe"]},{"damage_healed":0,"gold_gain":99,"player_choice":"Stole From Cult","damage_taken":0,"max_hp_gain":0,"max_hp_loss":0,"event_name":"Nest","floor":27,"gold_loss":0},{"damage_healed":0,"gold_gain":0,"player_choice":"Ignored","damage_taken":0,"max_hp_gain":0,"max_hp_loss":0,"event_name":"Vampires","floor":30,"gold_loss":0},{"damage_healed":0,"gold_gain":100,"player_choice":"Pray","damage_taken":0,"max_hp_gain":0,"max_hp_loss":0,"event_name":"Golden Shrine","floor":36,"gold_loss":0}],"is_beta":false,"boss_relics":[{"not_picked":["conspire:SpecialSausage","conspire:SlowCooker"],"picked":"Ectoplasm"},{"not_picked":["construct:ClawGrip","hubris:Backtick"],"picked":"Philosopher\u0027s Stone"}],"items_purged_floors":[22],"is_endless":false,"potions_floor_spawned":[3,11,13,18,21,28,29,33,35],"killed_by":"Sphere and 2 Shapes","ascension_level":0}}