{"host":"jgyoyy5iuhtvyvtg","time":1608346615,"event":{"mods":["2.2 Compatiblity","BaseMod","Challenge The Spire","Colored Map","Conspire","Downfall","Hermit","Highlight Path","Infinite Spire","Lobotomy","LobotomyExtend","Minty Spire (QoL Compilation)","Quick Restart","Replay The Spire","Spikes Relics","StSLib","The Construct","The Disciple","The Jungle","Yuri Mod"],"gold_per_floor":[109,109,120,134,152,152,167,167,191,224,224,259,259,277,277,378,378,394,394,394,412,412,412,445,445,472,5,15,15,15,15,15,110,110,124,136,136,151,169,169,197,197,197,207,207,226,244,262,262,262,262],"floor_reached":52,"playtime":2702,"items_purged":["Voices","sneckomod:Bewildered"],"score":839,"play_id":"db86cbf7-1056-449a-aab0-250bf303e725","local_time":"20201218185655","is_ascension_mode":false,"campfire_choices":[{"data":"LikeWater","floor":6,"key":"SMITH"},{"data":"SashWhip","floor":8,"key":"SMITH"},{"data":"Fasting2","floor":11,"key":"SMITH"},{"data":"Eruption","floor":13,"key":"SMITH"},{"data":"Collect","floor":15,"key":"SMITH"},{"data":"Replay:Vibes","floor":23,"key":"SMITH"},{"data":"FlyingSleeves","floor":25,"key":"SMITH"},{"data":"Nirvana","floor":32,"key":"SMITH"},{"data":"Weave","floor":40,"key":"SMITH"},{"data":"Weave","floor":42,"key":"SMITH"},{"data":"ClearTheMind","floor":49,"key":"SMITH"}],"circlet_count":0,"master_deck":["Strike_P","Strike_P","Strike_P","Strike_P","Defend_P","Defend_P","Defend_P","Defend_P","Eruption+1","Vigilance","LikeWater+1","ThirdEye","UniverseFragment","ClearTheMind+1","SashWhip+1","Fasting2+1","Collect+1","ConjureBlade+1","FlyingSleeves+1","Replay:Vibes+1","CarveReality","Woodsman","Consecrate+1","Nirvana+1","Weave+1","Weave+1","DevaForm","JustLucky+1","DeceiveReality+1"],"relics":["PureWater","CogitoBucket","RabbitCall","LetterFromLob","Juzu Bracelet","Lantern","Blue Doll","AspirationHeart","Cursed Key","Centennial Puzzle","Regal Pillow","GoldenEye","SkinProphecy","conspire:SpecialSausage","construct:WeddingRing","Meat on the Bone","AtMidnight","HornCleat","RoseTintedShades","BicycleWheel"],"acts_visited":["Exordium","Exordium","TheBeyond"],"potions_floor_usage":[10,10,10,16,44,50],"damage_taken":[{"damage":0,"enemies":"2 Louse","floor":1,"turns":4},{"damage":0,"enemies":"Cultist","floor":3,"turns":4},{"damage":11,"enemies":"Jaw Worm","floor":4,"turns":4},{"damage":0,"enemies":"Exordium Wildlife","floor":5,"turns":4},{"damage":5,"enemies":"2 Fungi Beasts","floor":7,"turns":5},{"damage":0,"enemies":"3 Sentries","floor":10,"turns":4},{"damage":0,"enemies":"Lagavulin","floor":12,"turns":7},{"damage":6,"enemies":"Lots of Slimes","floor":14,"turns":7},{"damage":0,"enemies":"The Guardian","floor":16,"turns":13},{"damage":12,"enemies":"Shell Parasite","floor":18,"turns":5},{"damage":4,"enemies":"theJungle:MUSHROOMGANG","floor":21,"turns":5},{"damage":17,"enemies":"theJungle:Cassacara","floor":24,"turns":6},{"damage":43,"enemies":"theJungle:JungleHuntersEncounter","floor":28,"turns":3},{"damage":7,"enemies":"theJungle:QueenSpyder","floor":33,"turns":9},{"damage":19,"enemies":"3 Darklings","floor":35,"turns":6},{"damage":7,"enemies":"Orb Walker","floor":36,"turns":4},{"damage":14,"enemies":"4 Shapes","floor":38,"turns":7},{"damage":12,"enemies":"Jaw Worm Horde","floor":39,"turns":10},{"damage":56,"enemies":"Giant Head","floor":41,"turns":9},{"damage":5,"enemies":"Sphere and 2 Shapes","floor":44,"turns":4},{"damage":5,"enemies":"Maw","floor":46,"turns":8},{"damage":0,"enemies":"Writhing Mass","floor":47,"turns":8},{"damage":4,"enemies":"3 Darklings","floor":48,"turns":7},{"damage":22,"enemies":"conspire:OrnateMirror","floor":50,"turns":9}],"seed_played":"-7366342833056929080","potions_obtained":[{"floor":3,"key":"GamblersBrew"},{"floor":4,"key":"AttackPotion"},{"floor":5,"key":"Adrenaline Potion"},{"floor":12,"key":"Fire Potion"},{"floor":28,"key":"Weak Potion"},{"floor":33,"key":"Fire Potion"},{"floor":38,"key":"SteroidPotion"},{"floor":41,"key":"Explosive Potion"},{"floor":46,"key":"DuplicationPotion"}],"is_trial":false,"path_per_floor":["M","?","M","M","M","R","M","R","T","E","R","E","R","M","R","B",null,"M","M","?","M","?","R","E","R","T","$","M","AVR","?","?","R","B",null,"M","M","?","M","M","R","E","R","T","M","AVR","M","M","M","R","B",null,null],"character_chosen":"WATCHER","items_purchased":["GoldenEye","Nirvana","Weave"],"campfire_rested":0,"item_purchase_floors":[27,27,27],"current_hp_per_floor":[72,72,72,61,61,61,56,56,56,56,56,56,56,60,60,60,82,70,82,82,78,78,78,61,61,61,61,24,24,24,24,24,37,84,79,74,74,80,94,94,52,52,52,61,61,58,60,70,70,58,58],"gold":262,"neow_bonus":"","is_daily":false,"chose_seed":false,"campfire_upgraded":11,"win_rate":0.0,"timestamp":1608346615,"path_taken":["M","?","M","M","M","R","M","R","T","E","R","E","R","M","R","BOSS","M","M","?","M","?","R","E","R","T","?","M","AVR","?","?","R","BOSS","M","M","?","M","M","R","E","R","T","M","AVR","M","M","M","R","BOSS"],"items_purchased_type":["Relic","Card","Card"],"build_version":"2020-12-13","purchased_purges":2,"victory":true,"max_hp_per_floor":[72,72,72,72,72,72,72,72,72,72,72,72,72,82,82,82,82,82,82,82,82,82,82,82,82,82,82,82,82,82,82,82,84,84,86,88,88,90,94,94,96,96,96,98,98,100,102,104,104,108,108],"card_choices":[{"not_picked":["LongBird","HeroicMonk","PunishingBird"],"picked":"Singing Bowl","floor":1},{"not_picked":["Replay:Anticipation","JustLucky"],"picked":"LikeWater","floor":1},{"not_picked":["GreedKing","MHz","ShyLook"],"picked":"Singing Bowl","floor":3},{"not_picked":["Meditate","Collect"],"picked":"ThirdEye","floor":3},{"not_picked":["Variant","PunishingBird"],"picked":"UniverseFragment","floor":4},{"not_picked":["FlurryOfBlows","Replay:BluntJabs","MentalFortress"],"picked":"SKIP","floor":4},{"not_picked":["WallGazer","Mercenary","Scorched"],"picked":"Singing Bowl","floor":5},{"not_picked":["Establishment","Halt"],"picked":"ClearTheMind","floor":5},{"not_picked":["OSAHOGD","Bloodbath","BlackSwan"],"picked":"Singing Bowl","floor":7},{"not_picked":["Protect","Halt"],"picked":"SashWhip","floor":7},{"not_picked":["PunishingBird","WallGazer","DespairKnight"],"picked":"Singing Bowl","floor":10},{"not_picked":["JustLucky","ClearTheMind"],"picked":"Fasting2","floor":10},{"not_picked":["FairyFestival","OldLady","Scorched"],"picked":"Singing Bowl","floor":12},{"not_picked":["WheelKick","CutThroughFate"],"picked":"Collect","floor":12},{"not_picked":["GalaxyChild","FieryBird","Bloodbath"],"picked":"Singing Bowl","floor":14},{"not_picked":["BowlingBash","Study","CutThroughFate"],"picked":"SKIP","floor":14},{"not_picked":["ShyLook","QueenBee","MeatLantern"],"picked":"Singing Bowl","floor":16},{"not_picked":["Establishment","Omniscience"],"picked":"ConjureBlade","floor":16},{"not_picked":["GreedKing","SingingMachine","FieryBird"],"picked":"Singing Bowl","floor":18},{"not_picked":["SignatureMove","WheelKick"],"picked":"FlyingSleeves","floor":18},{"not_picked":["QueenOfHatred","VoidDream","QueenBee"],"picked":"Singing Bowl","floor":21},{"not_picked":["EmptyFist","WreathOfFlame"],"picked":"Replay:Vibes","floor":21},{"not_picked":["SpiderBud","HeroicMonk","LittleHelper"],"picked":"Singing Bowl","floor":24},{"not_picked":["Scarecrow","MHz"],"picked":"Woodsman","floor":24},{"not_picked":["WreathOfFlame","CrushJoints"],"picked":"Consecrate+1","floor":24},{"not_picked":["WallGazer","Murderer","QueenOfHatred"],"picked":"Singing Bowl","floor":28},{"not_picked":["MentalFortress","JustLucky"],"picked":"Weave","floor":28},{"not_picked":["CrumblingArmor","SnowQueen","BigBadWolf"],"picked":"Singing Bowl","floor":33},{"not_picked":["Replay:LoomingThreat","Devotion"],"picked":"DevaForm","floor":33},{"not_picked":["CherryBlossoms","PunishingBird","BlackSwan"],"picked":"Singing Bowl","floor":35},{"not_picked":["FlurryOfBlows","SashWhip"],"picked":"JustLucky+1","floor":35},{"not_picked":["MeatLantern","Scorched","SingingMachine"],"picked":"Singing Bowl","floor":36},{"not_picked":["EmptyFist+1","CrushJoints+1","Replay:AtTheReady+1"],"picked":"SKIP","floor":36},{"not_picked":["Laetitia","Variant","OSAHOGD"],"picked":"Singing Bowl","floor":38},{"not_picked":["Adaptation+1","Alpha","Worship"],"picked":"SKIP","floor":38},{"not_picked":["Funeral","BigBadWolf","GreedKing"],"picked":"Singing Bowl","floor":39},{"not_picked":["ClearTheMind","FlurryOfBlows","Halt+1"],"picked":"SKIP","floor":39},{"not_picked":["NothingThere","MeltingLove","NakedNest"],"picked":"Singing Bowl","floor":41},{"not_picked":["ClearTheMind+1","CrushJoints","EmptyBody"],"picked":"SKIP","floor":41},{"not_picked":["LittleHelper","NakedNest","GreedKing"],"picked":"Singing Bowl","floor":44},{"not_picked":["Protect","SashWhip"],"picked":"DeceiveReality+1","floor":44},{"not_picked":["DespairKnight","GalaxyChild","Alriune"],"picked":"Singing Bowl","floor":46},{"not_picked":["DeceiveReality","MentalFortress+1","CrushJoints"],"picked":"SKIP","floor":46},{"not_picked":["LittlePrince","BlackArmy","GalaxyChild"],"picked":"Singing Bowl","floor":47},{"not_picked":["FlyingSleeves","Perseverance+1","ConjureBlade"],"picked":"SKIP","floor":47},{"not_picked":["Freischutz","Variant","GalaxyChild"],"picked":"Singing Bowl","floor":48},{"not_picked":["WreathOfFlame","SignatureMove+1","BattleHymn"],"picked":"SKIP","floor":48}],"player_experience":3164397,"relics_obtained":[{"floor":1,"key":"LetterFromLob"},{"floor":9,"key":"Juzu Bracelet"},{"floor":10,"key":"Lantern"},{"floor":12,"key":"Blue Doll"},{"floor":24,"key":"Centennial Puzzle"},{"floor":26,"key":"Regal Pillow"},{"floor":39,"key":"AtMidnight"},{"floor":41,"key":"HornCleat"},{"floor":43,"key":"RoseTintedShades"}],"event_choices":[{"damage_healed":0,"gold_gain":0,"player_choice":"Ignored","damage_taken":0,"max_hp_gain":0,"max_hp_loss":0,"event_name":"NoteForYourself","floor":2,"gold_loss":0},{"damage_healed":0,"gold_gain":0,"player_choice":"Upgraded","damage_taken":0,"max_hp_gain":0,"max_hp_loss":0,"event_name":"Upgrade Shrine","floor":20,"gold_loss":0,"cards_upgraded":["ConjureBlade"]},{"damage_healed":0,"gold_gain":0,"player_choice":"1 cards matched","damage_taken":0,"max_hp_gain":0,"max_hp_loss":0,"event_name":"Match and Keep!","floor":22,"gold_loss":0,"cards_obtained":["CarveReality"]},{"damage_healed":0,"gold_gain":0,"player_choice":"Leave","damage_taken":0,"max_hp_gain":0,"max_hp_loss":0,"event_name":"conspire:Investor","floor":31,"gold_loss":0},{"damage_healed":0,"gold_gain":0,"player_choice":"Gave Potion","damage_taken":0,"relics_obtained":["Meat on the Bone"],"max_hp_gain":0,"max_hp_loss":0,"event_name":"WeMeetAgain","floor":37,"gold_loss":0}],"is_beta":false,"boss_relics":[{"not_picked":["Painkiller Herb","Black Star"],"picked":"Cursed Key"},{"not_picked":["Astrolabe","conspire:SeveredTorchhead"],"picked":"construct:WeddingRing"}],"items_purged_floors":[27,45],"is_endless":false,"potions_floor_spawned":[3,4,5,12,28,33,38,41,46,48],"ascension_level":0}}