{"host":"26mrfot5w7uj2ebc","time":1608395059,"event":{"mods":["AchievementEnabler","BaseMod","Colored Map","Minty Spire (QoL Compilation)"],"gold_per_floor":[116,116,135,135,153,153,168,168,195,213,388,406,406,38,38,135,135,150,75,86,104,104,129,129,139,219,318,330,24,35,52,52,148,148,168,180,262,262,278,278,278,278,278,293,293,293],"floor_reached":45,"playtime":1541,"items_purged":[],"score":629,"play_id":"805d19bf-72d3-49ec-bba8-156d9ad62727","local_time":"20201220012419","is_ascension_mode":false,"campfire_choices":[{"data":"Eruption","floor":6.0,"key":"SMITH"},{"data":"FlurryOfBlows","floor":8.0,"key":"SMITH"},{"data":"TalkToTheHand","floor":15.0,"key":"SMITH"},{"data":"Alpha","floor":24,"key":"SMITH"},{"floor":32,"key":"REST"},{"floor":40,"key":"REST"},{"floor":41,"key":"DIG"}],"circlet_count":0,"master_deck":["Strike_P","Strike_P","Defend_P","Eruption+1","Vigilance","FlurryOfBlows","Conclude","Protect","FlurryOfBlows+1","Prostrate","Doubt","EmptyBody","TalkToTheHand+1","Alpha+1","FlurryOfBlows+1","FlurryOfBlows+1","ClearTheMind+1","Swivel","EmptyMind+1","DeusExMachina","Study+1","SandsOfTime","CutThroughFate+1","FollowUp+1","DevaForm","DeusExMachina","EmptyFist+1","FearNoEvil+1","Pain","Pain","FlyingSleeves+1","Writhe","Shame","Worship"],"relics":["PureWater","NeowsBlessing","Centennial Puzzle","Shuriken","WingedGreaves","Astrolabe","Happy Flower","Molten Egg 2","Shovel","Cursed Key","Yang","WarpedTongs","Strawberry"],"acts_visited":["Exordium","TheCity","TheBeyond"],"potions_floor_usage":[23,23,23,36,39,45,45],"damage_taken":[{"damage":0.0,"enemies":"Jaw Worm","floor":1.0,"turns":1.0},{"damage":0.0,"enemies":"Cultist","floor":3.0,"turns":1.0},{"damage":0.0,"enemies":"Small Slimes","floor":5.0,"turns":1.0},{"damage":6.0,"enemies":"Exordium Wildlife","floor":7.0,"turns":2.0},{"damage":0.0,"enemies":"Blue Slaver","floor":10.0,"turns":2.0},{"damage":2.0,"enemies":"2 Fungi Beasts","floor":12.0,"turns":2.0},{"damage":24.0,"enemies":"Hexaghost","floor":16.0,"turns":8.0},{"damage":0.0,"enemies":"Spheric Guardian","floor":18.0,"turns":2.0},{"damage":15.0,"enemies":"2 Thieves","floor":20.0,"turns":4.0},{"damage":9,"enemies":"Centurion and Healer","floor":21,"turns":3},{"damage":0,"enemies":"Book of Stabbing","floor":23,"turns":3},{"damage":15,"enemies":"Sentry and Sphere","floor":25,"turns":4},{"damage":6,"enemies":"Cultist and Chosen","floor":28,"turns":4},{"damage":4,"enemies":"Centurion and Healer","floor":30,"turns":5},{"damage":0,"enemies":"Snecko","floor":31,"turns":4},{"damage":26,"enemies":"Automaton","floor":33,"turns":5},{"damage":10,"enemies":"Orb Walker","floor":35,"turns":2},{"damage":9,"enemies":"3 Shapes","floor":36,"turns":4},{"damage":39,"enemies":"Writhing Mass","floor":39,"turns":5},{"damage":56,"enemies":"3 Darklings","floor":44,"turns":6},{"damage":6,"enemies":"Transient","floor":45,"turns":3}],"seed_played":"384255571795969576","potions_obtained":[{"floor":1.0,"key":"Regen Potion"},{"floor":7.0,"key":"Strength Potion"},{"floor":16.0,"key":"LiquidBronze"},{"floor":20.0,"key":"Weak Potion"},{"floor":25,"key":"Explosive Potion"},{"floor":28,"key":"GamblersBrew"},{"floor":31,"key":"BlessingOfTheForge"},{"floor":44,"key":"Explosive Potion"}],"is_trial":false,"path_per_floor":["M","?","M","?","M","R","M","R","T","M","?","M","T","$","R","B",null,"M","?","M","M","?","E","R","M","T","?","M","$","M","M","R","B",null,"M","M","T","?","M","R","R","?","T","M","M"],"character_chosen":"WATCHER","items_purchased":["WingedGreaves","TalkToTheHand","Shovel"],"campfire_rested":2,"item_purchase_floors":[14,14,29],"current_hp_per_floor":[72,65,65,65,65,65,59,59,59,59,59,57,57,57,57,33,72,72,72,57,48,48,57,57,42,42,42,36,36,32,32,53,27,72,62,53,53,53,14,35,42,62,62,6,0,0],"gold":293,"neow_bonus":"THREE_ENEMY_KILL","is_daily":false,"chose_seed":false,"campfire_upgraded":4,"win_rate":0.0,"timestamp":1608395059,"path_taken":["M","?","M","?","?","R","M","R","T","M","?","M","?","?","R","BOSS","M","?","M","M","?","E","R","M","T","?","?","$","M","?","R","BOSS","M","?","?","?","?","R","R","?","T","M","M"],"items_purchased_type":["Relic","Card","Relic"],"build_version":"2020-12-13","purchased_purges":0,"victory":false,"max_hp_per_floor":[72,72,72,72,72,72,72,72,72,72,72,72,72,72,72,72,72,72,72,72,72,72,72,72,72,72,72,72,72,72,72,72,72,72,72,72,72,72,72,72,79,79,79,79,79,79],"card_choices":[{"not_picked":["Meditate","ReachHeaven"],"picked":"FlurryOfBlows","floor":1.0},{"not_picked":["Crescendo","Wireheading"],"picked":"Conclude","floor":3.0},{"not_picked":["Wireheading","BowlingBash"],"picked":"Protect","floor":5.0},{"not_picked":["InnerPeace","EmptyBody"],"picked":"FlurryOfBlows","floor":7.0},{"not_picked":["Pray","PathToVictory"],"picked":"Prostrate","floor":10.0},{"not_picked":["Crescendo","FlurryOfBlows"],"picked":"EmptyBody","floor":12.0},{"not_picked":["Blasphemy","ConjureBlade"],"picked":"Alpha","floor":16.0},{"not_picked":["ClearTheMind","Crescendo"],"picked":"Swivel","floor":18.0},{"not_picked":["Halt+1","Prostrate+1"],"picked":"EmptyMind+1","floor":20.0},{"not_picked":["Protect","CutThroughFate"],"picked":"DeusExMachina","floor":21},{"not_picked":["ForeignInfluence","FollowUp"],"picked":"Study+1","floor":23},{"not_picked":["SignatureMove+1","FlyingSleeves"],"picked":"SandsOfTime","floor":25},{"not_picked":["Sanctity","Weave+1"],"picked":"CutThroughFate+1","floor":28},{"not_picked":["FearNoEvil+1","Perseverance"],"picked":"FollowUp+1","floor":30},{"not_picked":["LikeWater","ClearTheMind+1"],"picked":"DevaForm","floor":31},{"not_picked":["ConjureBlade","Judgement"],"picked":"DeusExMachina","floor":33},{"not_picked":["Vengeance","FollowUp+1"],"picked":"EmptyFist+1","floor":35},{"not_picked":["Crescendo","CrushJoints+1"],"picked":"FearNoEvil+1","floor":36},{"not_picked":["Wallop+1","WreathOfFlame+1"],"picked":"FlyingSleeves+1","floor":39},{"not_picked":["Prostrate","EmptyFist+1"],"picked":"Worship","floor":44}],"player_experience":191937,"relics_obtained":[{"floor":9.0,"key":"Centennial Puzzle"},{"floor":13.0,"key":"Shuriken"},{"floor":23,"key":"Happy Flower"},{"floor":26,"key":"Molten Egg 2"},{"floor":37,"key":"Yang"},{"floor":41,"key":"Strawberry"}],"event_choices":[{"cards_removed":["Defend_P"],"damage_healed":0.0,"max_hp_gain":0.0,"max_hp_loss":0.0,"gold_gain":0.0,"event_name":"Golden Wing","player_choice":"Card Removal","floor":2.0,"gold_loss":0.0,"damage_taken":7.0},{"damage_healed":0.0,"max_hp_gain":0.0,"max_hp_loss":0.0,"gold_gain":0.0,"event_name":"The Woman in Blue","player_choice":"Bought 0 Potions","floor":4.0,"gold_loss":0.0,"damage_taken":0.0},{"damage_healed":0.0,"max_hp_gain":0.0,"max_hp_loss":0.0,"gold_gain":175.0,"event_name":"Liars Game","player_choice":"AGREE","floor":11.0,"gold_loss":0.0,"damage_taken":0.0,"cards_obtained":["Doubt"]},{"cards_removed":["Defend_P"],"damage_healed":0.0,"max_hp_gain":0.0,"max_hp_loss":0.0,"gold_gain":0.0,"event_name":"Beggar","player_choice":"Gave Gold","floor":19.0,"gold_loss":75.0,"damage_taken":0.0},{"damage_healed":0,"gold_gain":0,"player_choice":"Ignored","damage_taken":0,"max_hp_gain":0,"max_hp_loss":0,"event_name":"Ghosts","floor":22,"gold_loss":0},{"damage_healed":0,"gold_gain":99,"player_choice":"Stole From Cult","damage_taken":0,"max_hp_gain":0,"max_hp_loss":0,"event_name":"Nest","floor":27,"gold_loss":0},{"damage_healed":0,"gold_gain":0,"player_choice":"Rummage","damage_taken":0,"relics_obtained":["WarpedTongs"],"max_hp_gain":0,"max_hp_loss":0,"event_name":"Accursed Blacksmith","floor":38,"gold_loss":0,"cards_obtained":["Pain"]},{"damage_healed":20,"gold_gain":0,"player_choice":"Writhe","damage_taken":0,"max_hp_gain":0,"max_hp_loss":0,"event_name":"Winding Halls","floor":42,"gold_loss":0,"cards_obtained":["Writhe"]}],"is_beta":false,"boss_relics":[{"not_picked":["Black Star","Runic Dome"],"picked":"Astrolabe"},{"not_picked":["Philosopher\u0027s Stone","Snecko Eye"],"picked":"Cursed Key"}],"items_purged_floors":[],"is_endless":false,"potions_floor_spawned":[1,7,16,20,25,28,31,35,44],"killed_by":"Transient","ascension_level":0}}