{"host":"ow9msrs9p2ctkx99","time":1608414143,"event":{"mods":["AchievementEnabler","BaseMod","Colored Map","Colored Powertips","Minty Spire (QoL Compilation)","Permanent Neow","Quick Restart","SuperFastMode"],"gold_per_floor":[219,219,219,236,73,101,101,101,181,205,218,251,216,239,239,239,239],"floor_reached":16,"playtime":300,"items_purged":["Strike_G"],"score":198,"play_id":"52eae5ca-3789-45cf-9eaf-f29950a2a086","local_time":"20201219224223","is_ascension_mode":true,"campfire_choices":[{"floor":8.0,"key":"REST"},{"data":"Footwork","floor":15,"key":"SMITH"}],"circlet_count":0,"master_deck":["AscendersBane","Strike_G","Strike_G","Strike_G","Defend_G","Defend_G","Defend_G","Defend_G","Defend_G","Survivor","Neutralize","Skewer+1","Footwork+1","Acrobatics","Bouncing Flask+1","Tactician+1"],"relics":["Ring of the Snake","Regal Pillow","Golden Idol","Letter Opener","Toxic Egg 2"],"acts_visited":["Exordium"],"potions_floor_usage":[12],"damage_taken":[{"damage":0.0,"enemies":"Jaw Worm","floor":1.0,"turns":5.0},{"damage":4.0,"enemies":"Small Slimes","floor":4.0,"turns":3.0},{"damage":39.0,"enemies":"Gremlin Nob","floor":6.0,"turns":6.0},{"damage":3.0,"enemies":"2 Louse","floor":10.0,"turns":4.0},{"damage":2.0,"enemies":"Large Slime","floor":11.0,"turns":7.0},{"damage":18,"enemies":"3 Sentries","floor":12,"turns":12},{"damage":7,"enemies":"Blue Slaver","floor":14,"turns":5},{"damage":27,"enemies":"Slime Boss","floor":16,"turns":3}],"seed_played":"-1691287356384791541","potions_obtained":[{"floor":4.0,"key":"Ancient Potion"},{"floor":10.0,"key":"Ancient Potion"},{"floor":11.0,"key":"SneckoOil"}],"is_trial":false,"path_per_floor":["M","?","?","M","$","E","?","R","T","M","M","E","?","M","R","B"],"character_chosen":"THE_SILENT","items_purchased":["Footwork"],"campfire_rested":1,"item_purchase_floors":[5],"current_hp_per_floor":[59,59,52,48,48,9,9,42,42,39,37,19,34,27,27,0,0],"gold":239,"neow_bonus":"HUNDRED_GOLD","is_daily":false,"chose_seed":false,"campfire_upgraded":1,"win_rate":0.0,"timestamp":1608414143,"path_taken":["M","?","?","M","$","E","?","R","T","?","M","E","?","M","R","BOSS"],"items_purchased_type":["Card"],"build_version":"2020-12-13","purchased_purges":1,"victory":false,"max_hp_per_floor":[66,66,66,66,66,66,60,60,60,60,60,60,60,60,60,60,60],"card_choices":[{"not_picked":["Flying Knee","Outmaneuver"],"picked":"Skewer","floor":1.0},{"not_picked":["Flying Knee","Backflip","Reflex"],"picked":"SKIP","floor":4.0},{"not_picked":["Quick Slash","Caltrops","Riddle With Holes"],"picked":"SKIP","floor":6.0},{"not_picked":["Concentrate","Slice","Flying Knee"],"picked":"SKIP","floor":10.0},{"not_picked":["Accuracy","Cloak And Dagger"],"picked":"Acrobatics","floor":11.0},{"not_picked":["Finisher","Acrobatics+1"],"picked":"Bouncing Flask+1","floor":12},{"not_picked":["Concentrate+1","Blade Dance+1"],"picked":"Tactician+1","floor":14}],"player_experience":1096626,"relics_obtained":[{"floor":6.0,"key":"Regal Pillow"},{"floor":9.0,"key":"Letter Opener"},{"floor":12,"key":"Toxic Egg 2"}],"event_choices":[{"damage_healed":0.0,"max_hp_gain":0.0,"max_hp_loss":0.0,"gold_gain":0.0,"event_name":"Living Wall","player_choice":"Grow","floor":2.0,"gold_loss":0.0,"damage_taken":0.0,"cards_upgraded":["Skewer"]},{"cards_removed":["Strike_G"],"damage_healed":0.0,"max_hp_gain":0.0,"max_hp_loss":0.0,"gold_gain":0.0,"event_name":"Golden Wing","player_choice":"Card Removal","floor":3.0,"gold_loss":0.0,"damage_taken":7.0},{"damage_healed":0.0,"max_hp_gain":0.0,"max_hp_loss":6.0,"gold_gain":0.0,"event_name":"Golden Idol","player_choice":"Lose Max HP","floor":7.0,"gold_loss":0.0,"damage_taken":0.0,"relics_obtained":["Golden Idol"]},{"damage_healed":15,"gold_gain":0,"player_choice":"Healed","damage_taken":0,"max_hp_gain":0,"max_hp_loss":0,"event_name":"The Cleric","floor":13,"gold_loss":35}],"is_beta":false,"boss_relics":[],"items_purged_floors":[5],"is_endless":false,"potions_floor_spawned":[4,10,11],"killed_by":"Slime Boss","ascension_level":16}}