{"host":"sav7uxregyirlf69","time":1608364139,"event":{"mods":["AchievementEnabler","BaseMod","Colored Map","DeckTracker","Keyboard Shortcuts","Minty Spire (QoL Compilation)","READ ME - Guardian Mod","StSLib","SuperFastMode"],"gold_per_floor":[19,19,43,43,43,81,104,104,104,120,141,159,159,234,234,360,360,385,385,156,169,169,169,210,210,285,321,346,367,367,381,381,510,510,525,549,549,564,117,160,174,212,259,259,299,41,54,70,70,70,70,70,8,41,41],"floor_reached":56,"playtime":1578,"items_purged":["Strike_G","Strike_G","Strike_G"],"score":1956,"play_id":"fc5da8d3-3c57-4fd7-939c-8abf4859db34","local_time":"20201219164859","is_ascension_mode":true,"campfire_choices":[{"floor":8,"key":"REST"},{"data":"Bouncing Flask","floor":15,"key":"SMITH"},{"data":"Corpse Explosion","floor":23,"key":"SMITH"},{"data":"Tactician","floor":25,"key":"SMITH"},{"data":"Prepared","floor":30,"key":"SMITH"},{"data":"Ghostly","floor":32,"key":"SMITH"},{"floor":49,"key":"RECALL"},{"data":"Burst","floor":52,"key":"SMITH"}],"circlet_count":0,"master_deck":["AscendersBane","Defend_G","Defend_G","Defend_G","Survivor","Neutralize","Reflex","Dash","Dagger Spray","Bouncing Flask+1","Dagger Throw","Die Die Die","PiercingWail","Backflip","Corpse Explosion+1","Ghostly+1","Ghostly","Ghostly","Ghostly","Ghostly","Ghostly","Footwork+1","Slice","PiercingWail","Tactician+1","Prepared+1","Caltrops+1","Burst+1","Tactician+1","Catalyst+1","Acrobatics+1","Escape Plan","Crippling Poison+1","Acrobatics","Prepared+1","Escape Plan"],"relics":["Ring of the Snake","Golden Idol","Meat on the Bone","Vajra","Coffee Dripper","DollysMirror","The Courier","InkBottle","Bag of Marbles","Runic Pyramid","Lantern","Mango","Blue Candle","Akabeko","Oddly Smooth Stone","TheAbacus","Blood Vial"],"acts_visited":["Exordium","TheCity","TheBeyond","TheEnding"],"potions_floor_usage":[16,16,33,55,55,55],"damage_taken":[{"damage":0,"enemies":"2 Louse","floor":1,"turns":4},{"damage":1,"enemies":"Cultist","floor":3,"turns":4},{"damage":43,"enemies":"Gremlin Nob","floor":6,"turns":6},{"damage":0,"enemies":"Jaw Worm","floor":7,"turns":5},{"damage":0,"enemies":"Large Slime","floor":10,"turns":3},{"damage":0,"enemies":"Exordium Wildlife","floor":11,"turns":3},{"damage":3,"enemies":"Blue Slaver","floor":12,"turns":3},{"damage":21,"enemies":"Hexaghost","floor":16,"turns":8},{"damage":3,"enemies":"Chosen","floor":18,"turns":4},{"damage":4,"enemies":"Shell Parasite","floor":21,"turns":6},{"damage":2,"enemies":"Gremlin Leader","floor":24,"turns":7},{"damage":8,"enemies":"Book of Stabbing","floor":27,"turns":7},{"damage":2,"enemies":"Centurion and Healer","floor":28,"turns":6},{"damage":5,"enemies":"Cultist and Chosen","floor":29,"turns":6},{"damage":3,"enemies":"3 Cultists","floor":31,"turns":3},{"damage":5,"enemies":"Collector","floor":33,"turns":10},{"damage":4,"enemies":"3 Darklings","floor":35,"turns":3},{"damage":2,"enemies":"3 Shapes","floor":36,"turns":2},{"damage":1,"enemies":"Transient","floor":38,"turns":5},{"damage":1,"enemies":"Giant Head","floor":40,"turns":7},{"damage":1,"enemies":"4 Shapes","floor":41,"turns":4},{"damage":2,"enemies":"Reptomancer","floor":42,"turns":5},{"damage":0,"enemies":"Giant Head","floor":45,"turns":7},{"damage":2,"enemies":"3 Darklings","floor":47,"turns":4},{"damage":6,"enemies":"Spire Growth","floor":48,"turns":5},{"damage":1,"enemies":"Awakened One","floor":50,"turns":13},{"damage":0,"enemies":"Shield and Spear","floor":54,"turns":4},{"damage":31,"enemies":"The Heart","floor":55,"turns":8}],"seed_played":"8508242878442344834","potions_obtained":[{"floor":6,"key":"Strength Potion"},{"floor":10,"key":"BlessingOfTheForge"},{"floor":11,"key":"SmokeBomb"},{"floor":16,"key":"FearPotion"},{"floor":21,"key":"PowerPotion"},{"floor":24,"key":"ColorlessPotion"},{"floor":33,"key":"Ancient Potion"},{"floor":41,"key":"Dexterity Potion"}],"is_trial":false,"path_per_floor":["M","?","M","$","?","E","M","R","T","M","M","M","?","?","R","B",null,"M","?","$","M","?","R","E","R","T","E","M","M","R","M","R","B",null,"M","M","?","M","$","E","M","E","T","?","E","$","M","M","R","B",null,"R","$","E","B",null],"character_chosen":"THE_SILENT","items_purchased":["DollysMirror","Lantern","Mango","TheAbacus","Acrobatics","Escape Plan"],"campfire_rested":1,"item_purchase_floors":[20,39,39,46,46,53],"current_hp_per_floor":[63,46,45,45,45,2,14,35,35,47,47,44,49,38,38,29,64,61,37,37,33,33,33,31,31,31,23,21,28,28,25,25,20,33,29,27,27,26,40,39,38,36,36,51,51,51,49,43,43,42,49,49,49,49,32],"gold":41,"neow_bonus":"TRANSFORM_TWO_CARDS","is_daily":false,"chose_seed":false,"campfire_upgraded":6,"win_rate":0.0,"timestamp":1608364139,"path_taken":["M","?","M","$","?","E","?","R","T","M","M","M","?","?","R","BOSS","M","?","$","M","?","R","E","R","T","E","M","M","R","M","R","BOSS","M","M","?","M","$","E","M","E","T","?","E","$","M","M","R","BOSS","R","$","E","BOSS"],"items_purchased_type":["Relic","Relic","Relic","Relic","Card","Card"],"build_version":"2020-12-13","purchased_purges":3,"victory":true,"max_hp_per_floor":[70,70,70,70,70,70,70,70,70,70,70,70,75,75,75,75,75,75,37,37,37,37,37,37,37,37,37,37,37,37,37,37,37,37,37,37,37,37,51,51,51,51,51,51,51,51,51,51,51,51,51,51,51,51,51],"card_choices":[{"not_picked":["Sucker Punch","PiercingWail"],"picked":"Dagger Spray","floor":1},{"not_picked":["Skewer","Heel Hook"],"picked":"Bouncing Flask","floor":3},{"not_picked":["Bane","Cloak And Dagger","Acrobatics"],"picked":"SKIP","floor":6},{"not_picked":["Slice","Deflect"],"picked":"Dagger Throw","floor":7},{"not_picked":["PiercingWail","Backflip"],"picked":"Die Die Die","floor":10},{"not_picked":["Quick Slash","Bouncing Flask"],"picked":"PiercingWail","floor":11},{"not_picked":["Acrobatics","Underhanded Strike"],"picked":"Backflip","floor":12},{"not_picked":["Phantasmal Killer","Adrenaline"],"picked":"Corpse Explosion","floor":16},{"not_picked":["Acrobatics","Sucker Punch+1","Predator"],"picked":"SKIP","floor":18},{"not_picked":["Dagger Throw","Masterful Stab"],"picked":"Footwork+1","floor":21},{"not_picked":["Dodge and Roll","Heel Hook+1"],"picked":"Tactician","floor":24},{"not_picked":["Tools of the Trade","Blade Dance"],"picked":"Prepared","floor":27},{"not_picked":["PiercingWail+1","Deadly Poison"],"picked":"Caltrops+1","floor":28},{"not_picked":["Dagger Spray+1","Quick Slash","Blade Dance"],"picked":"SKIP","floor":29},{"not_picked":["Glass Knife","PiercingWail","Quick Slash"],"picked":"SKIP","floor":31},{"not_picked":["Tools of the Trade","Die Die Die"],"picked":"Burst","floor":33},{"not_picked":["Deadly Poison+1","Flying Knee"],"picked":"Tactician+1","floor":35},{"not_picked":["Endless Agony+1","Predator","PiercingWail"],"picked":"SKIP","floor":36},{"not_picked":["Expertise","Masterful Stab+1"],"picked":"Catalyst+1","floor":38},{"not_picked":["Dodge and Roll","Dagger Spray"],"picked":"Acrobatics+1","floor":40},{"not_picked":["Dodge and Roll","Underhanded Strike","PiercingWail"],"picked":"SKIP","floor":41},{"not_picked":["Blade Dance","Deadly Poison"],"picked":"Escape Plan","floor":42},{"not_picked":["Distraction+1","Heel Hook"],"picked":"Crippling Poison+1","floor":45},{"not_picked":["Deflect","Bane+1","All Out Attack+1"],"picked":"SKIP","floor":47},{"not_picked":["All Out Attack","Dagger Spray"],"picked":"Prepared+1","floor":48},{"not_picked":["Eviscerate","Outmaneuver+1","Escape Plan"],"picked":"SKIP","floor":54}],"player_experience":953144,"relics_obtained":[{"floor":6,"key":"Meat on the Bone"},{"floor":9,"key":"Vajra"},{"floor":24,"key":"The Courier"},{"floor":26,"key":"InkBottle"},{"floor":27,"key":"Bag of Marbles"},{"floor":40,"key":"Blue Candle"},{"floor":42,"key":"Akabeko"},{"floor":45,"key":"Oddly Smooth Stone"},{"floor":54,"key":"Blood Vial"}],"event_choices":[{"damage_healed":0,"gold_gain":0,"player_choice":"Take Damage","damage_taken":17,"relics_obtained":["Golden Idol"],"max_hp_gain":0,"max_hp_loss":0,"event_name":"Golden Idol","floor":2,"gold_loss":0},{"damage_healed":0,"gold_gain":0,"player_choice":"Ignored","damage_taken":0,"max_hp_gain":0,"max_hp_loss":0,"event_name":"NoteForYourself","floor":5,"gold_loss":0},{"damage_healed":0,"gold_gain":0,"player_choice":"Donut","damage_taken":0,"max_hp_gain":5,"max_hp_loss":0,"event_name":"Big Fish","floor":13,"gold_loss":0},{"damage_healed":0,"gold_gain":75,"player_choice":"Gather Gold","damage_taken":11,"max_hp_gain":0,"max_hp_loss":0,"event_name":"World of Goop","floor":14,"gold_loss":0},{"damage_healed":0,"gold_gain":0,"player_choice":"Became a Ghost","damage_taken":0,"max_hp_gain":0,"max_hp_loss":38,"event_name":"Ghosts","floor":19,"gold_loss":0,"cards_obtained":["Ghostly","Ghostly","Ghostly","Ghostly","Ghostly"]},{"damage_healed":0,"gold_gain":0,"cards_transformed":["Strike_G","Defend_G"],"player_choice":"Became Test Subject","damage_taken":0,"max_hp_gain":0,"max_hp_loss":0,"event_name":"Drug Dealer","floor":22,"gold_loss":0,"cards_obtained":["Slice","PiercingWail"]},{"damage_healed":0,"gold_gain":0,"player_choice":"Ignored","damage_taken":0,"max_hp_gain":0,"max_hp_loss":0,"event_name":"Tomb of Lord Red Mask","floor":37,"gold_loss":0},{"damage_healed":15,"gold_gain":0,"player_choice":"Full Heal","damage_taken":0,"max_hp_gain":0,"max_hp_loss":0,"event_name":"Wheel of Change","floor":44,"gold_loss":0}],"is_beta":false,"boss_relics":[{"not_picked":["Snecko Eye","Busted Crown"],"picked":"Coffee Dripper"},{"not_picked":["SacredBark","HoveringKite"],"picked":"Runic Pyramid"}],"items_purged_floors":[20,39,46],"is_endless":false,"potions_floor_spawned":[6,10,11,16,21,24,27,29,33,36,41,42,48],"ascension_level":10}}