{"host":"87fdiiwflhrwsj8a","time":1608354103,"event":{"mods":["Aspiration","BaseMod","Better Match","Better Third Choice","BetterRewards","Colored Map","Downfall","GifTheSpireLib","Infinite Spire","Minty Spire (QoL Compilation)","Relic Sorter","Replay The Spire","Robot Space Explorer","StSLib","Stuff the Spire","The Cursed"],"gold_per_floor":[114,127,127,137,137,165,165,165,165,194,205,205,224,253,253,349,349,369,369,383,383,403,403,418,418,444,218,237,237,249,274,286,401,413,443,470,482,494,567,644,457,521,521,573,643,696,773,837,837,837,837,837,585,652,652],"floor_reached":56,"playtime":2787,"items_purged":[],"score":2749,"play_id":"63554696-2f68-4d40-9988-f8f9614f25c4","local_time":"20201219000143","is_ascension_mode":true,"campfire_choices":[{"floor":8.0,"key":"DIG"},{"floor":12.0,"key":"DIG"},{"floor":15.0,"key":"DIG"},{"data":"TheCursedMod:StunningStrike","floor":23.0,"key":"SMITH"},{"data":"TheCursedMod:NeowsMight","floor":30.0,"key":"SMITH"},{"floor":32.0,"key":"DIG"},{"floor":49,"key":"RECALL"},{"floor":52,"key":"DIG"}],"circlet_count":0,"master_deck":["TheCursedMod:Strike_TheCursed","TheCursedMod:Strike_TheCursed","TheCursedMod:Strike_TheCursed","TheCursedMod:Strike_TheCursed","TheCursedMod:Defend_TheCursed","TheCursedMod:Defend_TheCursed+1","TheCursedMod:Defend_TheCursed","TheCursedMod:Defend_TheCursed","TheCursedMod:CursedWand","TheCursedMod:CleanUpWorkshop","TheCursedMod:CursedSpellbook","TheCursedMod:RapidMovement+1","TheCursedMod:Obscuration","TheCursedMod:CursedBlade","Regret","TheCursedMod:SpitefulPlan","TheCursedMod:DemonSword","TheCursedMod:SpitefulStrike","TheCursedMod:StunningStrike+1","TheCursedMod:VitalStrike+1","Shame","TheCursedMod:SpitefulStrike","TheCursedMod:CollectTribute","TheCursedMod:NeowsMight+1","TheCursedMod:VoidForm","TheCursedMod:CursedMace+1","TheCursedMod:SoulCrush+1","TheCursedMod:OutForBlood","ReplayUltimateDefense","TheCursedMod:AbyssShockwave+1","TheCursedMod:OutForBlood","Parasite","TheCursedMod:DemonSword+1","TheCursedMod:Stigma+1","Chrysalis","Chrysalis","TheCursedMod:CursedMace+1","TheCursedMod:RavingStaff+1","TheCursedMod:DoubleShield+1"],"relics":["TheCursedMod:BlackMagicAdvanced","StrikeDummy","ReplayTheSpireMod:Ring of Challenge","ReplayTheSpireMod:Ring of Collecting","Divine Protection","Lee\u0027s Waffle","Gremlin Food","Shovel","TheCursedMod:CrystalBall","Incense Burner","Bronze Scales","infinitespire:CursedDice","CaptainsWheel","StuffTheSpire:RedRose","Pear","infinitespire:Lychee Nut","aspiration:SeaSaltIceCream","NeowsBlessing","Akabeko","ReplayTheSpireMod:TigerMarble","Thread and Needle","Ring of Searing","Membership Card","MawBank","Ancient Tea Set","Snecko Eye","Fusion Hammer","StuffTheSpire:Experiment12","infinitespire:EvilPickle","Toy Ornithopter","ReplayTheSpireMod:Lightbulb","PreservedInsect","Ring of Fangs","Blue Doll","Molten Egg 2","War Paint","Gremlin Horn","Iron Hammer","Bottled Tornado"],"acts_visited":["Exordium","TheCity","TheBeyond","TheEnding"],"potions_floor_usage":[50,55,55],"damage_taken":[{"damage":0.0,"enemies":"Jaw Worm","floor":1.0,"turns":2.0},{"damage":0.0,"enemies":"Cultist","floor":2.0,"turns":3.0},{"damage":0.0,"enemies":"Small Slimes","floor":4.0,"turns":2.0},{"damage":4.0,"enemies":"Gremlin Nob","floor":6.0,"turns":4.0},{"damage":0.0,"enemies":"3 Sentries","floor":10.0,"turns":1.0},{"damage":0.0,"enemies":"Looter","floor":11.0,"turns":1.0},{"damage":0.0,"enemies":"Large Slime","floor":13.0,"turns":1.0},{"damage":3.0,"enemies":"Gremlin Nob","floor":14.0,"turns":4.0},{"damage":30.0,"enemies":"Fading Forest","floor":16.0,"turns":11.0},{"damage":0.0,"enemies":"Spheric Guardian","floor":18.0,"turns":3.0},{"damage":0.0,"enemies":"Chosen","floor":20.0,"turns":3.0},{"damage":0.0,"enemies":"Sentry and Sphere","floor":22.0,"turns":3.0},{"damage":0.0,"enemies":"Centurion and Healer","floor":24.0,"turns":4.0},{"damage":2.0,"enemies":"Snecko","floor":28.0,"turns":3.0},{"damage":0.0,"enemies":"Chosen and Byrds","floor":31.0,"turns":2.0},{"damage":33.0,"enemies":"Pondfish","floor":33.0,"turns":7.0},{"damage":8.0,"enemies":"3 Shapes","floor":35.0,"turns":4.0},{"damage":0.0,"enemies":"3 Darklings","floor":36.0,"turns":2.0},{"damage":12.0,"enemies":"R_Hoarder","floor":40.0,"turns":5.0},{"damage":0.0,"enemies":"Reptomancer","floor":42.0,"turns":3.0},{"damage":2,"enemies":"Writhing Mass","floor":44,"turns":4},{"damage":0,"enemies":"Giant Head","floor":45,"turns":5},{"damage":0,"enemies":"Jaw Worm Horde","floor":46,"turns":2},{"damage":17,"enemies":"R_Hoarder","floor":47,"turns":4},{"damage":2,"enemies":"4 Shapes","floor":48,"turns":3},{"damage":48,"enemies":"Donu and Deca","floor":50,"turns":6},{"damage":12,"enemies":"Shield and Spear","floor":54,"turns":4},{"damage":0,"enemies":"The Heart","floor":55,"turns":5}],"seed_played":"-12147493648989961","potions_obtained":[{"floor":2.0,"key":"BlessingOfTheForge"},{"floor":4.0,"key":"SkillPotion"},{"floor":13.0,"key":"SkillPotion"},{"floor":14.0,"key":"SpeedPotion"},{"floor":16.0,"key":"FearPotion"},{"floor":20.0,"key":"Block Potion"},{"floor":35.0,"key":"SteroidPotion"},{"floor":44,"key":"Regen Potion"}],"is_trial":false,"path_per_floor":["M","M","?","M","?","E","?","R","T","E","M","R","M","E","R","B",null,"M","?","M","?","M","R","M","?","T","$","M","AVR","R","M","R","B",null,"M","M","AVR","?","?","E","$","E","T","M","E","M","E","M","R","B",null,"R","$","E","B",null],"character_chosen":"THE_CURSED","items_purchased":["Lee\u0027s Waffle","Divine Protection","TheCursedMod:CursedSpellbook","StrikeDummy","TheCursedMod:CrystalBall","Bronze Scales","TheCursedMod:RapidMovement","Membership Card","TheCursedMod:NeowsMight","TheCursedMod:OutForBlood","ReplayUltimateDefense","TheCursedMod:AbyssShockwave+1","Chrysalis","Iron Hammer","TheCursedMod:CursedMace+1","TheCursedMod:RavingStaff+1","Guardian:BlockOnCardUsePotion"],"campfire_rested":0,"item_purchase_floors":[0,0,0,0,0,0,0,27,27,41,41,41,53,53,53,53,53],"current_hp_per_floor":[82,82,82,82,82,88,92,69,69,69,69,69,69,67,67,47,64,69,69,69,69,69,69,69,69,69,69,67,67,67,69,69,37,61,61,64,64,64,47,41,41,46,46,50,56,61,50,53,53,40,63,63,63,57,71],"gold":652,"neow_bonus":"","is_daily":false,"chose_seed":false,"campfire_upgraded":2,"win_rate":0.0,"timestamp":1608354103,"path_taken":["M","M","?","?","?","E","?","R","T","E","M","R","M","E","R","BOSS","M","?","M","?","?","R","M","?","T","$","M","AVR","R","?","R","BOSS","M","M","AVR","?","?","E","?","E","T","M","E","M","E","M","R","BOSS","R","$","E","BOSS"],"items_purchased_type":["Relic","Relic","Card","Relic","Relic","Relic","Card","Relic","Card","Card","Card","Card","Card","Relic","Card","Card","Potion"],"build_version":"2020-12-13","purchased_purges":0,"victory":true,"max_hp_per_floor":[82,82,82,82,82,92,92,69,69,69,69,69,69,69,69,69,69,69,69,69,69,69,69,69,69,69,69,69,69,69,69,69,69,69,71,71,71,71,71,71,71,71,71,71,71,71,71,71,71,71,71,71,71,71,71],"card_choices":[{"not_picked":["TheCursedMod:CursedShiv","TheCursedMod:ReleasedKnowledge"],"picked":"TheCursedMod:Obscuration","floor":1.0},{"not_picked":["TheCursedMod:CursedMace","TheCursedMod:SmokeScreen"],"picked":"TheCursedMod:CursedBlade","floor":2.0},{"not_picked":["TheCursedMod:CircleOfAmplification","TheCursedMod:BloodBarrier","TheCursedMod:ManaBullet"],"picked":"SKIP","floor":4.0},{"not_picked":["TheCursedMod:Wield","TheCursedMod:SurpriseAttack"],"picked":"TheCursedMod:SpitefulPlan","floor":6.0},{"not_picked":["TheCursedMod:CursedMace","TheCursedMod:ReleasedStrength"],"picked":"TheCursedMod:DemonSword","floor":10.0},{"not_picked":["TheCursedMod:RapidMovement","TheCursedMod:SpreadPlague","TheCursedMod:Torture"],"picked":"SKIP","floor":11.0},{"not_picked":["TheCursedMod:Torture","TheCursedMod:CircleOfBlood","TheCursedMod:SpitefulPlan"],"picked":"SKIP","floor":13.0},{"not_picked":["TheCursedMod:Torture","TheCursedMod:Stretching"],"picked":"TheCursedMod:SpitefulStrike","floor":14.0},{"not_picked":["TheCursedMod:UltimatePain","TheCursedMod:ForbiddenAlchemy"],"picked":"TheCursedMod:StunningStrike","floor":16.0},{"not_picked":["TheCursedMod:RavingStaff","TheCursedMod:Torture"],"picked":"TheCursedMod:VitalStrike+1","floor":18.0},{"not_picked":["TheCursedMod:HellsGateOpen+1","TheCursedMod:AshesToAshes","TheCursedMod:Stigma"],"picked":"SKIP","floor":20.0},{"not_picked":["TheCursedMod:CursedShiv+1","TheCursedMod:RavingStaff"],"picked":"TheCursedMod:SpitefulStrike","floor":22.0},{"not_picked":["TheCursedMod:Wield","TheCursedMod:SmokeScreen"],"picked":"TheCursedMod:CollectTribute","floor":24.0},{"not_picked":["TheCursedMod:Obscuration","TheCursedMod:Stretching+1","TheCursedMod:CircleOfBlood+1"],"picked":"SKIP","floor":28.0},{"not_picked":["TheCursedMod:CursedAmulet","TheCursedMod:EmpowerCircles","TheCursedMod:Wield+1"],"picked":"SKIP","floor":31.0},{"not_picked":["TheCursedMod:CursedAmulet","TheCursedMod:EmpowerCircles","TheCursedMod:Wield+1"],"picked":"SKIP","floor":31.0},{"not_picked":["TheCursedMod:CollectTribute","TheCursedMod:StunningStrike"],"picked":"TheCursedMod:VoidForm","floor":33.0},{"not_picked":["TheCursedMod:CircleOfWindfury","TheCursedMod:Obscuration"],"picked":"TheCursedMod:CursedMace+1","floor":35.0},{"not_picked":["TheCursedMod:TacticalStrike","TheCursedMod:RavingStaff"],"picked":"TheCursedMod:SoulCrush+1","floor":36.0},{"not_picked":["TheCursedMod:SmokeScreen","TheCursedMod:ReleasedKnowledge+1","TheCursedMod:CursedBlade"],"picked":"SKIP","floor":40.0},{"not_picked":["TheCursedMod:Wield","TheCursedMod:SmokeScreen"],"picked":"TheCursedMod:OutForBlood","floor":42.0},{"not_picked":["TheCursedMod:RapidMovement","TheCursedMod:CircleOfBlood","TheCursedMod:WearCloak"],"picked":"SKIP","floor":44},{"not_picked":["TheCursedMod:Evocation+1","TheCursedMod:CircleOfWindfury+1","TheCursedMod:CursedBlade+1"],"picked":"SKIP","floor":45},{"not_picked":["TheCursedMod:CursedArmor","TheCursedMod:RapidMovement"],"picked":"TheCursedMod:DemonSword+1","floor":46},{"not_picked":["TheCursedMod:HellfireBreathing","TheCursedMod:Evocation+1","TheCursedMod:CursedBlade+1"],"picked":"SKIP","floor":47},{"not_picked":["TheCursedMod:Mangle+1","TheCursedMod:FleshFromBone"],"picked":"TheCursedMod:Stigma+1","floor":48},{"not_picked":["TheCursedMod:CursedMace+1","TheCursedMod:SpitefulPlan"],"picked":"TheCursedMod:DoubleShield+1","floor":54}],"player_experience":2584862,"relics_obtained":[{"floor":6.0,"key":"Pear"},{"floor":8.0,"key":"infinitespire:Lychee Nut"},{"floor":9.0,"key":"aspiration:SeaSaltIceCream"},{"floor":10.0,"key":"Akabeko"},{"floor":12.0,"key":"ReplayTheSpireMod:TigerMarble"},{"floor":14.0,"key":"Thread and Needle"},{"floor":15.0,"key":"Gremlin Food"},{"floor":19.0,"key":"ReplayTheSpireMod:Ring of Challenge"},{"floor":19.0,"key":"ReplayTheSpireMod:Ring of Collecting"},{"floor":26.0,"key":"Ring of Searing"},{"floor":32.0,"key":"Ancient Tea Set"},{"floor":39.0,"key":"Toy Ornithopter"},{"floor":40.0,"key":"ReplayTheSpireMod:Lightbulb"},{"floor":42.0,"key":"PreservedInsect"},{"floor":43.0,"key":"Ring of Fangs"},{"floor":43.0,"key":"Blue Doll"},{"floor":45,"key":"Molten Egg 2"},{"floor":47,"key":"War Paint"},{"floor":52,"key":"Gremlin Horn"},{"floor":54,"key":"Bottled Tornado"}],"event_choices":[{"damage_healed":0.0,"max_hp_gain":0.0,"max_hp_loss":0.0,"gold_gain":0.0,"event_name":"WeMeetAgain","player_choice":"Gave Potion","floor":3.0,"gold_loss":0.0,"damage_taken":0.0,"relics_obtained":["CaptainsWheel"]},{"cards_removed":["Guardian:Aged"],"damage_healed":0.0,"max_hp_gain":0.0,"max_hp_loss":0.0,"gold_gain":0.0,"event_name":"Purifier","player_choice":"Purged","floor":21.0,"gold_loss":0.0,"damage_taken":0.0},{"damage_healed":0.0,"max_hp_gain":0.0,"max_hp_loss":0.0,"gold_gain":0.0,"event_name":"Wheel of Change","player_choice":"Full Heal","floor":25.0,"gold_loss":0.0,"damage_taken":0.0},{"damage_healed":0.0,"max_hp_gain":0.0,"max_hp_loss":0.0,"gold_gain":0.0,"event_name":"Tomb of Lord Red Mask","player_choice":"Ignored","floor":38.0,"gold_loss":0.0,"damage_taken":0.0}],"is_beta":false,"boss_relics":[{"not_picked":["ReplayTheSpireMod:DimensionalGlitch","StuffTheSpire:Kangaroo"],"picked":"TheCursedMod:BlackMagicAdvanced"},{"not_picked":["Abe\u0027s Treasure","Runic Dome"],"picked":"Snecko Eye"}],"items_purged_floors":[],"is_endless":false,"potions_floor_spawned":[2,4,13,14,16,20,24,28,31,35,36,44,45,48,54],"ascension_level":9}}