{"host":"sabve5zmqufxyc5o","time":1608358518,"event":{"mods":["2.2 Compatiblity","AchievementEnabler","Act Like it!","BaseMod","Block Reminder","Colored Map","Colored Powertips","DeckTracker","KOR Keyword Fix","Keyboard Shortcuts","Minty Spire (QoL Compilation)","Quick Restart","Rare Cards Sparkle","Relic Stats","StSLib","SuperFastMode"],"gold_per_floor":[115,34,48,68,68,112,112,137,137,152,185,185,199,240,240,331,331,347,365,30,30,30],"floor_reached":21,"playtime":377,"items_purged":[],"score":402,"play_id":"b259de66-5331-4c42-bc37-c5e2641ef09f","local_time":"20201219151518","is_ascension_mode":true,"campfire_choices":[{"floor":12.0,"key":"REST"},{"floor":15.0,"key":"REST"}],"circlet_count":0,"master_deck":["AscendersBane","Strike_B","Strike_B","Strike_B","Defend_B","Defend_B","Defend_B","Defend_B","Zap","Dualcast","Machine Learning","White Noise","BootSequence","Cold Snap","Streamline","Go for the Eyes","Sweeping Beam","Sweeping Beam+1","Defragment","Beam Cell+1","Melter+1","Electrodynamics","Compile Driver+1","Stack","Gash+1"],"relics":["Cracked Core","Golden Idol","Pantograph","Molten Egg 2","Bottled Lightning","Smiling Mask","Inserter","White Beast Statue"],"acts_visited":["Exordium","TheCity"],"potions_floor_usage":[21],"damage_taken":[{"damage":2.0,"enemies":"Cultist","floor":1.0,"turns":4.0},{"damage":0.0,"enemies":"Jaw Worm","floor":3.0,"turns":3.0},{"damage":3.0,"enemies":"Small Slimes","floor":4.0,"turns":4.0},{"damage":24.0,"enemies":"3 Sentries","floor":6.0,"turns":8.0},{"damage":0.0,"enemies":"Red Slaver","floor":8.0,"turns":4.0},{"damage":1.0,"enemies":"Blue Slaver","floor":10.0,"turns":4.0},{"damage":25.0,"enemies":"Lagavulin","floor":11.0,"turns":6.0},{"damage":0.0,"enemies":"2 Fungi Beasts","floor":13.0,"turns":2.0},{"damage":9.0,"enemies":"3 Sentries","floor":14.0,"turns":4.0},{"damage":36.0,"enemies":"Hexaghost","floor":16.0,"turns":9.0},{"damage":39.0,"enemies":"Chosen","floor":18.0,"turns":5.0},{"damage":1.0,"enemies":"Spheric Guardian","floor":19.0,"turns":3.0},{"damage":8,"enemies":"Snake Plant","floor":21,"turns":3}],"seed_played":"-408527724396604774","potions_obtained":[{"floor":3.0,"key":"ColorlessPotion"},{"floor":6.0,"key":"Dexterity Potion"},{"floor":8.0,"key":"Explosive Potion"},{"floor":14.0,"key":"SneckoOil"},{"floor":16.0,"key":"Dexterity Potion"}],"is_trial":false,"path_per_floor":["M","$","M","M","?","E","?","M","T","M","E","R","M","E","R","B",null,"M","M","$","M"],"character_chosen":"DEFECT","items_purchased":["BootSequence","White Beast Statue","Gash+1"],"campfire_rested":2,"item_purchase_floors":[2,20,20],"current_hp_per_floor":[62,62,62,59,59,35,35,35,35,34,9,28,28,19,38,27,55,16,15,15,7,7],"gold":30,"neow_bonus":"ONE_RANDOM_RARE_CARD","is_daily":false,"chose_seed":false,"campfire_upgraded":0,"win_rate":0.0,"timestamp":1608358518,"path_taken":["M","?","?","M","?","E","?","M","T","M","E","R","?","E","R","BOSS","M","?","$","M"],"items_purchased_type":["Card","Relic","Card"],"build_version":"2020-12-13","purchased_purges":0,"victory":false,"max_hp_per_floor":[71,71,71,71,64,64,64,64,64,64,64,64,64,64,64,64,64,64,64,64,64,64],"relic_stats":{"Inserter":[5],"counters":[13,59],"Golden Idol":60,"Pantograph":25,"Smiling Mask":0,"obtain_stats":[{"Inserter":17,"Golden Idol":5,"Pantograph":6,"Molten Egg 2":9,"Bottled Lightning":11,"Cracked Core":0,"Smiling Mask":14,"White Beast Statue":20},{"Inserter":10,"Golden Idol":3,"Pantograph":4,"Molten Egg 2":5,"Bottled Lightning":7,"Cracked Core":0,"Smiling Mask":9,"White Beast Statue":12},{"Inserter":48,"Golden Idol":11,"Pantograph":19,"Molten Egg 2":23,"Bottled Lightning":33,"Cracked Core":0,"Smiling Mask":39,"White Beast Statue":56}]},"card_choices":[{"not_picked":["Rebound","Skim"],"picked":"White Noise","floor":1.0},{"not_picked":["Leap","Stack"],"picked":"Cold Snap","floor":3.0},{"not_picked":["Lockon","Creative AI"],"picked":"Streamline","floor":4.0},{"not_picked":["Scrape","Darkness"],"picked":"Go for the Eyes","floor":6.0},{"not_picked":["Gash","Chaos"],"picked":"Sweeping Beam","floor":8.0},{"not_picked":["Conserve Battery","Go for the Eyes+1"],"picked":"Sweeping Beam+1","floor":10.0},{"not_picked":["Undo","Seek"],"picked":"Defragment","floor":11.0},{"not_picked":["Force Field","Doom and Gloom+1"],"picked":"Beam Cell+1","floor":13.0},{"not_picked":["Hyperbeam+1","Steam Power"],"picked":"Melter+1","floor":14.0},{"not_picked":["Multi-Cast","Hyperbeam+1"],"picked":"Electrodynamics","floor":16.0},{"not_picked":["Sweeping Beam+1","Streamline+1"],"picked":"Compile Driver+1","floor":18.0},{"not_picked":["Coolheaded","Hologram"],"picked":"Stack","floor":19.0}],"player_experience":789363,"relics_obtained":[{"floor":6.0,"key":"Pantograph"},{"floor":9.0,"key":"Molten Egg 2"},{"floor":11.0,"key":"Bottled Lightning"},{"floor":14.0,"key":"Smiling Mask"}],"event_choices":[{"damage_healed":0.0,"max_hp_gain":0.0,"max_hp_loss":7.0,"gold_gain":0.0,"event_name":"Golden Idol","player_choice":"Lose Max HP","floor":5.0,"gold_loss":0.0,"damage_taken":0.0,"relics_obtained":["Golden Idol"]},{"cards_removed":["Strike_B"],"damage_healed":0.0,"max_hp_gain":0.0,"max_hp_loss":0.0,"gold_gain":0.0,"event_name":"Bonfire Elementals","player_choice":"Offered Basic","floor":7.0,"gold_loss":0.0,"damage_taken":0.0}],"is_beta":false,"boss_relics":[{"not_picked":["Snecko Eye","Calling Bell"],"picked":"Inserter"}],"items_purged_floors":[],"is_endless":false,"potions_floor_spawned":[3,6,8,14,16],"killed_by":"Snake Plant","ascension_level":20}}