{"host":"hbwa3kjetxrogfq8","time":1608390601,"event":{"mods":["AchievementEnabler","BaseMod","Block Reminder","Colored Map","Colored Powertips","Highlight Path","Minty Spire (QoL Compilation)","Rare Cards Sparkle","Relic Stats","StSLib"],"gold_per_floor":[366,13,25,38,55,55,80,80,80,80,80,112,125,125,125,125,125],"floor_reached":16,"playtime":1060,"items_purged":["Strike_G"],"score":149,"play_id":"cbcd4c05-12fd-4e3b-a08d-77148afd605b","local_time":"20201219161001","is_ascension_mode":true,"campfire_choices":[{"data":"Eviscerate","floor":6,"key":"SMITH"},{"floor":8,"key":"REST"},{"data":"Backstab","floor":11,"key":"SMITH"},{"data":"Underhanded Strike","floor":15,"key":"SMITH"}],"circlet_count":0,"master_deck":["Strike_G","Strike_G","Strike_G","Strike_G","Defend_G","Defend_G","Defend_G","Defend_G","Defend_G","Survivor","Neutralize","Eviscerate+1","Underhanded Strike+1","All Out Attack","Dagger Throw","Backstab+1","Backflip","Dash"],"relics":["Ring of the Snake","Membership Card","Unceasing Top","Bag of Preparation","Blue Candle","The Specimen"],"acts_visited":["Exordium"],"potions_floor_usage":[12,12],"damage_taken":[{"damage":1,"enemies":"Jaw Worm","floor":1,"turns":5},{"damage":0,"enemies":"Small Slimes","floor":3,"turns":2},{"damage":1,"enemies":"Cultist","floor":4,"turns":4},{"damage":8,"enemies":"Red Slaver","floor":5,"turns":5},{"damage":17,"enemies":"Lagavulin","floor":7,"turns":5},{"damage":1,"enemies":"3 Sentries","floor":12,"turns":3},{"damage":3,"enemies":"Gremlin Gang","floor":13,"turns":2},{"damage":55,"enemies":"Slime Boss","floor":16,"turns":9}],"seed_played":"-3969178842156177124","potions_obtained":[{"floor":1,"key":"PowerPotion"},{"floor":7,"key":"PowerPotion"}],"is_trial":false,"path_per_floor":["M","$","M","M","M","R","E","R","T","?","R","E","M","?","R","B"],"character_chosen":"THE_SILENT","items_purchased":["Membership Card","Unceasing Top","Underhanded Strike"],"campfire_rested":1,"item_purchase_floors":[2,2,2],"current_hp_per_floor":[62,62,62,61,53,53,36,54,54,54,54,53,50,55,55,0,0],"gold":125,"neow_bonus":"TWO_FIFTY_GOLD","is_daily":false,"chose_seed":false,"campfire_upgraded":3,"win_rate":0.0,"timestamp":1608390601,"path_taken":["M","$","M","M","M","R","E","R","T","?","R","E","M","?","R","BOSS"],"items_purchased_type":["Relic","Relic","Card"],"build_version":"2020-12-13","purchased_purges":1,"victory":false,"max_hp_per_floor":[63,63,63,63,63,63,63,63,63,63,63,63,63,68,68,68,68],"relic_stats":{"counters":[8,35],"Blue Candle":[0],"Bag of Preparation":[6],"obtain_stats":[{"The Specimen":12,"Blue Candle":9,"Bag of Preparation":7,"Membership Card":2,"Unceasing Top":2,"Ring of the Snake":0},{"The Specimen":6,"Blue Candle":5,"Bag of Preparation":5,"Membership Card":1,"Unceasing Top":1,"Ring of the Snake":0},{"The Specimen":24,"Blue Candle":21,"Bag of Preparation":21,"Membership Card":5,"Unceasing Top":5,"Ring of the Snake":0}],"Unceasing Top":[4],"Ring of the Snake":[16]},"card_choices":[{"not_picked":["PiercingWail","Dodge and Roll"],"picked":"Eviscerate","floor":1},{"not_picked":["Backflip","Poisoned Stab","Deflect"],"picked":"SKIP","floor":3},{"not_picked":["Deflect","Deadly Poison"],"picked":"All Out Attack","floor":4},{"not_picked":["Dagger Spray","Escape Plan"],"picked":"Dagger Throw","floor":5},{"not_picked":["Distraction","Terror"],"picked":"Backstab","floor":7},{"not_picked":["Bane","Underhanded Strike"],"picked":"Backflip","floor":12},{"not_picked":["Doppelganger","Flying Knee"],"picked":"Dash","floor":13}],"player_experience":597841,"relics_obtained":[{"floor":7,"key":"Bag of Preparation"},{"floor":9,"key":"Blue Candle"},{"floor":12,"key":"The Specimen"}],"event_choices":[{"damage_healed":0,"gold_gain":0,"player_choice":"Ignored","damage_taken":0,"max_hp_gain":0,"max_hp_loss":0,"event_name":"Golden Idol","floor":10,"gold_loss":0},{"damage_healed":0,"gold_gain":0,"player_choice":"Donut","damage_taken":0,"max_hp_gain":5,"max_hp_loss":0,"event_name":"Big Fish","floor":14,"gold_loss":0}],"is_beta":false,"boss_relics":[],"items_purged_floors":[2],"is_endless":false,"potions_floor_spawned":[1,7],"killed_by":"Slime Boss","ascension_level":7}}