{"host":"41o2x9tazfds4ymf","time":1608392285,"event":{"mods":["Act Like it!","BaseMod","Better Vampires","Colored Powertips","Gensokyo","Hallownest","Lobotomy","LobotomyExtend","Minty Spire (QoL Compilation)","Remilia（蕾米莉亚）","Shop Mod","StSLib","TestMod","Waifu the Spire","WarShipGirlsR/战舰少女R mod","[IsaacMod]以撒尖塔","【东方二次创作】八云紫mod"],"gold_per_floor":[109,127,144,144,144,144,156,182,182,182,215,231,305,339,339,339,339],"floor_reached":16,"playtime":725,"items_purged":[],"score":279,"play_id":"a6dc0d20-1e26-44f2-acdf-c7394d3e41c8","local_time":"20201219233805","is_ascension_mode":true,"campfire_choices":[{"floor":6,"key":"REST"},{"data":"ScarletDevil","floor":10,"key":"SMITH"},{"floor":15,"key":"REST"}],"circlet_count":0,"master_deck":["AscendersBane","Strike_RM","Strike_RM","Strike_RM","Strike_RM","ScarletShoot","Bloodbath","ScarletImprint","VoidDream","DiffusionOfMisfortune","QueenOfHatred","EndlessAdversity","Hallownest:skillSlugHide","Hallownest:skillSlugHide","Hallownest:skillSlugHide","Hallownest:skillSlugHide","Hallownest:skillSlugHide","BloodAndWine","SpiderBud","ScarletImprint","CherryBlossoms","ScarletDevil+1","DemonKingCradle","UniverseFragment","VampirishNight","OSAHOGD","BloodAndWine"],"relics":["ScarletHat","testmod-TestBox","HushsDoor","testmod-BatchProcessingSystem","Chaos","CogitoBucket","LetterFromLob","RottenBaby","Dream Catcher","testmod-Temperance","Sozu","D6","BehaviorAdjustment","Orichalcum"],"acts_visited":["Hallownest:Greenpath"],"potions_floor_usage":[12],"damage_taken":[{"damage":5,"enemies":"Hallownest:2_MossCreeps","floor":1,"turns":6},{"damage":11,"enemies":"Hallownest:2_Baldur","floor":2,"turns":6},{"damage":0,"enemies":"Hallownest:monsterHuskGuard","floor":3,"turns":6},{"damage":7,"enemies":"Hallownest:monsterFoolEater","floor":7,"turns":3},{"damage":0,"enemies":"Hallownest:eliteVengeflyKing","floor":8,"turns":3},{"damage":4,"enemies":"Hallownest:eliteCrystalGuardian","floor":11,"turns":4},{"damage":4,"enemies":"Hallownest:2_Tiktiks_1_Baldur_1_Crawlid","floor":12,"turns":1},{"damage":1,"enemies":"Hallownest:eliteVengeflyKing","floor":14,"turns":3},{"damage":62,"enemies":"Hallownest:BossHornet","floor":16,"turns":7}],"seed_played":"1816604191712272178","potions_obtained":[{"floor":2,"key":"Block Potion"}],"is_trial":false,"path_per_floor":["M","M","M","?","?","R","M","E","T","R","E","M","?","E","R","B"],"character_chosen":"REMILIA","items_purchased":[],"campfire_rested":2,"item_purchase_floors":[],"current_hp_per_floor":[63,54,56,2,2,24,23,30,30,30,35,31,16,22,44,0,0],"gold":339,"neow_bonus":"","is_daily":false,"chose_seed":false,"campfire_upgraded":1,"win_rate":0.0,"timestamp":1608392285,"path_taken":["M","M","M","?","?","R","M","E","T","R","E","?","?","E","R","BOSS"],"items_purchased_type":[],"build_version":"2020-12-13","purchased_purges":0,"victory":false,"max_hp_per_floor":[75,75,75,75,75,75,75,75,75,75,75,75,75,75,75,75,75],"card_choices":[{"not_picked":[],"picked":"Bomb","floor":0},{"not_picked":["BeautyBeast","QueenBee"],"picked":"Bloodbath","floor":1},{"not_picked":["CharismaGuard","ScarletDevil"],"picked":"ScarletImprint","floor":1},{"not_picked":["HeroicMonk","Porccubus"],"picked":"VoidDream","floor":2},{"not_picked":["CharismaGuard","VampireKiss"],"picked":"DiffusionOfMisfortune","floor":2},{"not_picked":["Scorched","OldLady"],"picked":"QueenOfHatred","floor":3},{"not_picked":["DiffusionOfMisfortune","HellCatastrophe"],"picked":"EndlessAdversity","floor":3},{"not_picked":["UltimateOffering","DiffusionOfMisfortune"],"picked":"BloodAndWine","floor":6},{"not_picked":["PunishingBird","QueenBee"],"picked":"SpiderBud","floor":7},{"not_picked":["StarOfDavid","MastersStateliness"],"picked":"ScarletImprint","floor":7},{"not_picked":["Freischutz","WallGazer"],"picked":"CherryBlossoms","floor":8},{"not_picked":["ScarletDream","AfternoonTea"],"picked":"ScarletDevil","floor":8},{"not_picked":["ShyLook","UniverseFragment"],"picked":"CENSORED","floor":11},{"not_picked":["Ultimatum","VampireFantasy"],"picked":"DemonKingCradle","floor":11},{"not_picked":["PunishingBird","Scorched","MHz"],"picked":"Singing Bowl","floor":12},{"not_picked":["MHz","Scorched"],"picked":"UniverseFragment","floor":12},{"not_picked":["MastersStateliness","CharismaGuard"],"picked":"VampirishNight","floor":12},{"not_picked":["LittlePrince","RedShoes"],"picked":"OSAHOGD","floor":14},{"not_picked":["BloodHunter","MiserableFate","CharismaGuard"],"picked":"SKIP","floor":14},{"not_picked":["VampirishNight","TwelveNightmare"],"picked":"BloodAndWine","floor":15}],"player_experience":207150,"relics_obtained":[{"floor":1,"key":"LetterFromLob"},{"floor":8,"key":"testmod-Temperance"},{"floor":9,"key":"Sozu"},{"floor":11,"key":"D6"},{"floor":14,"key":"Orichalcum"}],"event_choices":[],"is_beta":false,"boss_relics":[],"items_purged_floors":[],"is_endless":false,"potions_floor_spawned":[2,11,14],"killed_by":"Hallownest:BossHornet","ascension_level":12}}