{"host":"u2grshebrc5rdzdn","time":1608388281,"event":{"mods":["AchievementEnabler","BaseMod","Minty Spire (QoL Compilation)","StSLib"],"gold_per_floor":[110,110,121,19,31,31,31,31,31,59,74,101,121,133,133,236,236,236,236],"floor_reached":18,"playtime":706,"items_purged":[],"score":172,"play_id":"1de93f5b-cb9d-4016-89e4-775ec58a7843","local_time":"20201219153121","is_ascension_mode":false,"campfire_choices":[{"data":"Cleave","floor":6,"key":"SMITH"},{"data":"Bash","floor":8,"key":"SMITH"},{"data":"Barricade","floor":15,"key":"SMITH"}],"circlet_count":0,"master_deck":["Strike_R","Strike_R","Strike_R","Defend_R","Defend_R","Defend_R","Defend_R","Bash+1","Barricade+1","Shrug It Off","Pommel Strike","Armaments","Cleave+1","Impervious","Armaments","Combust","Feed"],"relics":["Burning Blood","Gremlin Horn","Singing Bowl","Lizard Tail","Snecko Eye"],"acts_visited":["Exordium","TheCity"],"potions_floor_usage":[10,10,10,12,13],"damage_taken":[{"damage":12,"enemies":"Small Slimes","floor":1,"turns":4},{"damage":6,"enemies":"Cultist","floor":3,"turns":3},{"damage":7,"enemies":"2 Louse","floor":5,"turns":4},{"damage":23,"enemies":"Gremlin Nob","floor":10,"turns":5},{"damage":0,"enemies":"2 Fungi Beasts","floor":11,"turns":2},{"damage":14,"enemies":"3 Sentries","floor":12,"turns":9},{"damage":7,"enemies":"Gremlin Gang","floor":13,"turns":4},{"damage":4,"enemies":"Large Slime","floor":14,"turns":4},{"damage":56,"enemies":"Hexaghost","floor":16,"turns":16},{"damage":5,"enemies":"3 Byrds","floor":18,"turns":2}],"seed_played":"-5207929268069723511","potions_obtained":[{"floor":3,"key":"BloodPotion"},{"floor":5,"key":"SkillPotion"},{"floor":10,"key":"BlessingOfTheForge"},{"floor":13,"key":"Fruit Juice"}],"is_trial":false,"path_per_floor":["M","?","M","$","M","R","?","R","T","E","M","E","M","M","R","B",null,"M"],"character_chosen":"IRONCLAD","items_purchased":["Armaments","Block Potion"],"campfire_rested":0,"item_purchase_floors":[4,4],"current_hp_per_floor":[66,59,59,59,58,58,58,58,58,57,63,55,59,63,63,13,81,76,76],"gold":236,"neow_bonus":"THREE_RARE_CARDS","is_daily":false,"chose_seed":false,"campfire_upgraded":3,"win_rate":0.0,"timestamp":1608388281,"path_taken":["M","?","M","$","M","R","?","R","T","E","M","E","?","M","R","BOSS","M"],"items_purchased_type":["Card","Potion"],"build_version":"2020-12-13","purchased_purges":0,"victory":false,"max_hp_per_floor":[72,72,72,72,72,72,72,72,72,74,74,74,79,81,81,81,81,81,81],"card_choices":[{"not_picked":["Berserk","Exhume"],"picked":"Barricade","floor":0},{"not_picked":["Sever Soul","Headbutt"],"picked":"Shrug It Off","floor":1},{"not_picked":["Heavy Blade","Sword Boomerang"],"picked":"Pommel Strike","floor":3},{"not_picked":["Anger","Twin Strike"],"picked":"Cleave","floor":5},{"not_picked":["Perfected Strike","Seeing Red","Warcry"],"picked":"Singing Bowl","floor":10},{"not_picked":["Burning Pact","Havoc"],"picked":"Impervious","floor":11},{"not_picked":["Clash","Inflame"],"picked":"Armaments","floor":12},{"not_picked":["Perfected Strike","Heavy Blade"],"picked":"Combust","floor":13},{"not_picked":["Double Tap","Clothesline","Anger"],"picked":"Singing Bowl","floor":14},{"not_picked":["Brutality","Demon Form"],"picked":"Feed","floor":16}],"player_experience":289324,"relics_obtained":[{"floor":9,"key":"Gremlin Horn"},{"floor":10,"key":"Singing Bowl"},{"floor":12,"key":"Lizard Tail"}],"event_choices":[{"cards_removed":["Strike_R"],"damage_healed":0,"gold_gain":0,"player_choice":"Card Removal","damage_taken":7,"max_hp_gain":0,"max_hp_loss":0,"event_name":"Golden Wing","floor":2,"gold_loss":0},{"cards_removed":["Strike_R"],"damage_healed":0,"gold_gain":0,"player_choice":"Purged","damage_taken":0,"max_hp_gain":0,"max_hp_loss":0,"event_name":"Purifier","floor":7,"gold_loss":0}],"is_beta":false,"boss_relics":[{"not_picked":["Ectoplasm","Black Star"],"picked":"Snecko Eye"}],"items_purged_floors":[],"is_endless":false,"potions_floor_spawned":[3,5,10,13],"killed_by":"3 Byrds","ascension_level":0}}