{"host":"hmewrr9ui4ifip3x","time":1608376763,"event":{"mods":["AchievementEnabler","Act Like it!","Ascension Reborn","Aspiration","BaseMod","Better Note","BetterRewards","Block Reminder","Colored Map","Colored Powertips","Defuse TimeMaze Blight","Gensokyo","Gremlin Skip","Highlight Path","Marisa（F雨　魔理沙）","Minty Spire (QoL Compilation)","Pale of the Ancients","Quick Restart","Rare Cards Sparkle","Relic Stats","Remilia（蕾米莉亚）","Replay The Spire","Shop Mod","StSLib","Waifu the Spire","Youmu（魂魄妖梦）","【东方二次创作】八云紫mod","篝火指南"],"gold_per_floor":[36,36,82,95,105,105,140,140,164,164,184,184,184],"floor_reached":12,"playtime":590,"items_purged":[],"score":103,"play_id":"49c2ecb2-dabd-469d-bb3d-c5aea86c69d4","local_time":"20201219061923","is_ascension_mode":false,"campfire_choices":[{"data":"LoveAcrossDimensions_purple","floor":6,"key":"SMITH"},{"data":"Umbrella_purple","floor":8,"key":"SMITH"}],"circlet_count":0,"master_deck":["AT_purpleEX","AT_purpleEX","AT_purpleEX","AT_purpleEX","Defend_purpleEX","Defend_purpleEX","Defend_purpleEX","Defend_purpleEX","Observe_purple_1","Observe_purple_2","Boundary_ObjectiveBoundary_purple","Umbrella_purple+1","DimensionStaggered_purple","RuleDissolution_purple","LoveAcrossDimensions_purple+1","OmniscientAndOmnipotent_Monster_purple"],"relics":["Boundary_crack","Memoryfragments_purpleEX","Mummified Hand","Pear","Replay:Ringing Soul","Vajra","aspiration:ChemicalBlood"],"acts_visited":["Gensokyo:Gensokyo"],"potions_floor_usage":[7,12],"damage_taken":[{"damage":1,"enemies":"Gensokyo:Python","floor":1,"turns":4},{"damage":4,"enemies":"Gensokyo:Gryphon","floor":4,"turns":4},{"damage":0,"enemies":"Gensokyo:3_Fairies","floor":5,"turns":4},{"damage":27,"enemies":"Gensokyo:Aya","floor":7,"turns":4},{"damage":11,"enemies":"Gensokyo:2_Rabbits","floor":11,"turns":3},{"damage":31,"enemies":"Gensokyo:Cirno","floor":12,"turns":4}],"seed_played":"9107612350967691601","potions_obtained":[{"floor":1,"key":"Elixir"},{"floor":5,"key":"SkillPotion"}],"is_trial":false,"path_per_floor":["M","?","?","M","M","R","E","R","T","?","M","E"],"character_chosen":"Youkari","items_purchased":[],"campfire_rested":0,"item_purchase_floors":[],"current_hp_per_floor":[70,80,51,52,57,57,33,33,33,33,22,0,0],"gold":184,"neow_bonus":"RANDOM_EVENT","is_daily":false,"chose_seed":false,"campfire_upgraded":2,"win_rate":0.0,"timestamp":1608376763,"path_taken":["M","?","?","M","M","R","E","R","T","?","M","E"],"items_purchased_type":[],"build_version":"2020-12-13","purchased_purges":0,"victory":false,"max_hp_per_floor":[70,80,83,86,89,89,92,92,92,92,92,92,92],"relic_stats":{"counters":[6,23],"Mummified Hand":[3],"obtain_stats":[{"Replay:Ringing Soul":3,"Pear":2,"Mummified Hand":0,"Vajra":7,"Boundary_crack":0,"Memoryfragments_purpleEX":0,"aspiration:ChemicalBlood":9},{"Replay:Ringing Soul":1,"Pear":1,"Mummified Hand":0,"Vajra":4,"Boundary_crack":0,"Memoryfragments_purpleEX":0,"aspiration:ChemicalBlood":4},{"Replay:Ringing Soul":4,"Pear":4,"Mummified Hand":0,"Vajra":16,"Boundary_crack":0,"Memoryfragments_purpleEX":0,"aspiration:ChemicalBlood":16}]},"card_choices":[{"not_picked":["Mirror_FormAndEmptin_purple","MetroBOOM_purple"],"picked":"Boundary_ObjectiveBoundary_purple","floor":1},{"not_picked":["StateDuplicate_purple","ExternalForce_HighSpeedFlying_purple"],"picked":"Umbrella_purple","floor":3},{"not_picked":["Shallow_ocean_purpleEX","CommonSense_AntiCommonSense_purple"],"picked":"DimensionStaggered_purple","floor":3},{"not_picked":["Line_surface_state_purple","StateDuplicate_purple"],"picked":"RuleDissolution_purple","floor":4},{"not_picked":["SfantasyHide_purple","AdvanceAttack_purple"],"picked":"LoveAcrossDimensions_purple","floor":5},{"not_picked":["Line_surface_state_purple","SfantasyHide_purple"],"picked":"OmniscientAndOmnipotent_Monster_purple","floor":7},{"not_picked":["ExistenceContinue_purple","AdvanceAttack_purple","StateErode_purple"],"picked":"SKIP","floor":11}],"player_experience":709084,"relics_obtained":[{"floor":3,"key":"Replay:Ringing Soul"},{"floor":7,"key":"Vajra"},{"floor":9,"key":"aspiration:ChemicalBlood"}],"event_choices":[],"is_beta":false,"boss_relics":[],"items_purged_floors":[],"is_endless":false,"potions_floor_spawned":[1,5],"killed_by":"Gensokyo:Cirno","ascension_level":0}}