{"host":"9r4xop0yxveozoj0","time":1608418230,"event":{"mods":["BaseMod","Colored Map","Colored Powertips","Hubris","Infinite Spire","Minty Spire (QoL Compilation)","Permanent Neow","Replay The Spire","Robot Space Explorer","StSLib","The Blue Laboratory","The Cursed","The Dragon Tamer"],"gold_per_floor":[109,128,148,164,46,61,95,95,95,95,95,95,126,138,138,138,138,138],"floor_reached":16,"playtime":1439,"items_purged":[],"score":137,"play_id":"0d747887-86c7-4d2a-b746-64533c6cac2b","local_time":"20201219175030","is_ascension_mode":false,"metric_token":851,"campfire_choices":[{"data":"DTMod:BurningEnergy","floor":10,"key":"SMITH"},{"data":"DTMod:BlazingStrike","floor":12,"key":"SMITH"},{"floor":15,"key":"REST"}],"dtmod_dragon_data":[0,50,-1,-1,0,0],"circlet_count":0,"master_deck":["DTMod:Strike","DTMod:Strike","DTMod:Strike","DTMod:DoubleHit","DTMod:TargetDefense","DTMod:TargetDefense","DTMod:TargetDefense","DTMod:TargetDefense","DTMod:SwitchingTactic","DTMod:BlazingStrike+1","DTMod:Feint","DTMod:Feint","DTMod:Inferno+1","DTMod:Feint","DTMod:BurningEnergy+1","DTMod:Prediction"],"relics":["DTMod:PactStone","Question Card","Replay:WaspNest","DTMod:TacticalNote"],"acts_visited":["Exordium"],"potions_floor_usage":[2,2,4,4,13,14],"damage_taken":[{"damage":0,"enemies":"Small Slimes","floor":1,"turns":4},{"damage":0,"enemies":"Jaw Worm","floor":2,"turns":3},{"damage":0,"enemies":"infinitespire:Voidling","floor":3,"turns":4},{"damage":0,"enemies":"2 Fungi Beasts","floor":4,"turns":3},{"damage":0,"enemies":"Exordium Thugs","floor":6,"turns":2},{"damage":0,"enemies":"Replay:BlueRogue","floor":7,"turns":3},{"damage":7,"enemies":"Lagavulin","floor":13,"turns":5},{"damage":0,"enemies":"Large Slime","floor":14,"turns":3},{"damage":1,"enemies":"The Guardian","floor":16,"turns":7}],"seed_played":"8501631241523637651","potions_obtained":[{"floor":0,"key":"EssenceOfSteel"},{"floor":0,"key":"blueLaboratory:RememoryPotion"},{"floor":0,"key":"blueLaboratory:StoneskinPotion"},{"floor":2,"key":"Ancient Potion"},{"floor":7,"key":"SneckoOil"},{"floor":13,"key":"Energy Potion"}],"is_trial":false,"path_per_floor":["M","M","M","M","$","M","E","?","T","R","?","R","E","M","R","B"],"character_chosen":"THE_DT","items_purchased":["DTMod:Inferno+1"],"campfire_rested":1,"item_purchase_floors":[5],"current_hp_per_floor":[45,45,45,45,45,45,45,45,45,45,45,45,38,38,45,44,44,44],"gold":138,"neow_bonus":"THREE_SMALL_POTIONS","is_daily":false,"chose_seed":false,"campfire_upgraded":2,"win_rate":0.0,"timestamp":1608418230,"path_taken":["M","M","M","M","$","M","E","?","T","R","?","R","E","M","R","BOSS"],"items_purchased_type":["Card"],"build_version":"2020-12-13","purchased_purges":0,"victory":false,"max_hp_per_floor":[45,45,45,45,45,45,45,45,45,45,45,45,45,45,45,45,45,45],"card_choices":[{"not_picked":["DTMod:BuildUp","DTMod:MagicField"],"picked":"DTMod:BlazingStrike","floor":1},{"not_picked":["DTMod:MasterPlan","DTMod:Hide","DTMod:BreakAttack"],"picked":"SKIP","floor":2},{"not_picked":["DTMod:Threaten","DTMod:Punisher"],"picked":"DTMod:Feint","floor":3},{"not_picked":["DTMod:Cover","DTMod:Adaptation"],"picked":"DTMod:Feint","floor":4},{"not_picked":["DTMod:MagicField","DTMod:Observe"],"picked":"DTMod:Feint","floor":6},{"not_picked":["DTMod:ResonanceForm","DTMod:LastStand"],"picked":"DTMod:BurningEnergy","floor":7},{"not_picked":["DTMod:LastStand","DTMod:BurningEnergy","DTMod:Threaten"],"picked":"DTMod:Prediction","floor":13},{"not_picked":["DTMod:BreakAttack","DTMod:Conduct","DTMod:BlazingStrike","DTMod:Punisher"],"picked":"SKIP","floor":14}],"player_experience":192404,"relics_obtained":[{"floor":7,"key":"Question Card"},{"floor":9,"key":"Replay:WaspNest"},{"floor":13,"key":"DTMod:TacticalNote"}],"event_choices":[{"damage_healed":0,"gold_gain":0,"player_choice":"Ignored","damage_taken":0,"max_hp_gain":0,"max_hp_loss":0,"event_name":"NoteForYourself","floor":11,"gold_loss":0}],"is_beta":false,"boss_relics":[],"items_purged_floors":[],"is_endless":false,"potions_floor_spawned":[2,7,13],"killed_by":"The Guardian","ascension_level":0}}