{"host":"h792lphzw6wlba86","time":1608349369,"event":{"mods":["AchievementEnabler","Aspiration","BaseMod","Better Altar","Better Match","Better Note","Better Sensory Stone","Better Skull","Better Third Choice","BetterRewards","CCEM","Colored Map","Conspire","Downfall","GifTheSpireLib","Googly Eyes","Halation","Highlight Path","Hubris","Hunter ??","Jedi Mod","Mimic Mod","Minty Spire (QoL Compilation)","Permanent Neow","Replay The Spire","Shop Mod","Spicy Shops","StSLib","Stuff the Spire","The Jungle","Unceasing Turn Reminder","everything is the same but u backflip on backflip","slay the spire mod where everything is the same but ironclad has a cowboy hat"],"gold_per_floor":[99,161,161,177,177,177,216,66,101,26,45,58,71,71,85,186,186,186,186,186,216,235,235,287,313,313,341,354,364,374,424,437,563,563,563,178,178,178,197,197,197],"floor_reached":40,"playtime":2869,"items_purged":["Replay:Hysterical Blindness"],"score":511,"play_id":"950c969e-5a27-4123-9a34-8bca2307546f","local_time":"20201218214249","is_ascension_mode":true,"campfire_choices":[{"floor":1,"key":"RECALL"},{"data":"hexamod:ExtraCrispy","floor":8,"key":"SMITH"},{"floor":10,"key":"REST"},{"floor":18,"key":"REST"},{"floor":23,"key":"REST"},{"floor":26,"key":"REST"},{"floor":35,"key":"REST"},{"floor":37,"key":"REST"}],"circlet_count":0,"master_deck":["hexamod:Strike+1","hexamod:Strike","hexamod:Strike","hexamod:Defend","hexamod:Defend","hexamod:Defend","hexamod:Defend","hexamod:Sear","hexamod:Float+1","hexamod:SpectersWail+1","hexamod:ExtraCrispy+1","hexamod:Incineration+1","hexamod:Hexaguard+1","hexamod:Hexaguard+1","hexamod:ThermalTransfer","Bludgeon+1","hexamod:SixthSeal","StuffTheSpire:WarGroove+1","hexamod:VolcanoVisage+1","hexamod:SuperheatedStrike","hexamod:SuperheatedStrike","hexamod:Haunt","hexamod:GhostOfSpirePresent+1","hexamod:GhostflameBarrier","CommonCold","hexamod:ThermalTransfer","hexamod:FifthSeal","hexamod:ExtraCrispy+1","Replay:SS_hec_2","hexamod:Incineration"],"relics":["jedi:paperlyon","Strawberry","downfall:BrokenWingStatue","Lantern","downfall:HeartBlessingRed","downfall:HeartBlessingBlue","jedi:crownofsimplicity","downfall:HeartBlessingGreen","Fusion Hammer","downfall:KnowingSkull","Replay:Mystery Machine","Bag of Marbles","Turnip","Ring of Greed","Tiny Chest","Golden Idol","conspire:RunicOctahedron","Replay:Kaleidoscope"],"acts_visited":["Exordium","TheCity","TheBeyond"],"potions_floor_usage":[16,16,33,33],"damage_taken":[{"damage":25,"enemies":"3 Sentries","floor":2,"turns":9},{"damage":0,"enemies":"Small Slimes","floor":4,"turns":3},{"damage":4,"enemies":"Jaw Worm","floor":7,"turns":7},{"damage":32,"enemies":"Gremlin Nob","floor":9,"turns":4},{"damage":0,"enemies":"Jaw Worm","floor":11,"turns":2},{"damage":0,"enemies":"2 Louse","floor":12,"turns":2},{"damage":0,"enemies":"Large Slime","floor":13,"turns":3},{"damage":4,"enemies":"Lots of Slimes","floor":15,"turns":4},{"damage":36,"enemies":"downfall:Defect","floor":16,"turns":6},{"damage":21,"enemies":"Slavers","floor":21,"turns":4},{"damage":4,"enemies":"Shell Parasite","floor":22,"turns":5},{"damage":11,"enemies":"Gremlin Leader","floor":25,"turns":4},{"damage":9,"enemies":"Book of Stabbing","floor":27,"turns":4},{"damage":0,"enemies":"conspire:FuzzyDice","floor":28,"turns":4},{"damage":0,"enemies":"Snake Plant","floor":29,"turns":3},{"damage":0,"enemies":"Sentry and Sphere","floor":30,"turns":3},{"damage":43,"enemies":"Shelled Parasite and Fungi","floor":32,"turns":3},{"damage":18,"enemies":"downfall:Silent","floor":33,"turns":7},{"damage":0,"enemies":"downfall:FleeingMerchant","floor":36,"turns":4},{"damage":0,"enemies":"3 Darklings","floor":39,"turns":4},{"damage":0,"enemies":"Reptomancer","floor":40,"turns":1}],"seed_played":"-8883670721822116711","potions_obtained":[{"floor":9,"key":"Venom Potion"},{"floor":12,"key":"sneckomod:MuddlingPotion"},{"floor":15,"key":"Reflective Coating"},{"floor":16,"key":"jedi:hoardpotion"},{"floor":21,"key":"Strength Potion"},{"floor":28,"key":"Energy Potion"}],"is_trial":false,"path_per_floor":["R","?","?","M","T","?","MIM","R","E","R","M","M","M","?","M","B",null,"R","?","?","E","M","R","T","E","R","E","M","M","M","?","M","B",null,"R","$","R","?","M","E"],"character_chosen":"THE_SPIRIT","items_purchased":["Replay:Kaleidoscope"],"campfire_rested":6,"item_purchase_floors":[36],"current_hp_per_floor":[70,52,52,52,52,52,48,58,26,52,52,52,52,52,48,12,87,87,67,60,39,35,61,61,50,76,67,67,67,67,67,24,6,87,87,87,87,87,87,87,87],"gold":197,"neow_bonus":"BOSS_RELIC","is_daily":false,"chose_seed":false,"campfire_upgraded":1,"win_rate":0.0,"timestamp":1608349369,"path_taken":["R","?","?","M","?","?","MIM","R","E","R","M","?","M","?","M","BOSS","R","?","?","E","M","R","T","E","R","E","M","M","?","?","M","BOSS","R","$","R","?","M","E"],"items_purchased_type":["Relic"],"build_version":"2020-12-13","purchased_purges":1,"victory":false,"max_hp_per_floor":[70,77,77,77,77,77,77,87,87,87,87,87,87,87,87,87,87,87,87,87,87,87,87,87,87,87,87,87,87,87,87,87,87,87,87,87,87,87,87,87,87],"card_choices":[{"not_picked":["hexamod:RainOfEmbers","hexamod:GhostShield"],"picked":"hexamod:SpectersWail","floor":2},{"not_picked":["hexamod:BurningTouch","hexamod:PhantomFireball"],"picked":"hexamod:ExtraCrispy","floor":4},{"not_picked":["hexamod:BacktrackSmack","hexamod:Firestarter"],"picked":"hexamod:Incineration","floor":7},{"not_picked":["hexamod:UnleashSpirits","hexamod:Firestarter"],"picked":"hexamod:Hexaguard","floor":9},{"not_picked":["hexamod:Rewind","hexamod:CatchUp"],"picked":"hexamod:Hexaguard","floor":11},{"not_picked":["hexamod:ShieldOfDarkness","hexamod:PowerFromBeyond","hexamod:GhostOfSpireFuture"],"picked":"SKIP","floor":12},{"not_picked":["hexamod:SwordOfDarkness","hexamod:SpectersWail"],"picked":"hexamod:ThermalTransfer","floor":13},{"not_picked":["hexamod:NightmareGuise","hexamod:ChargedBarrage","hexamod:RainOfEmbers"],"picked":"SKIP","floor":15},{"not_picked":["hexamod:UnleashSpirits","hexamod:TurnItUp"],"picked":"hexamod:SixthSeal","floor":16},{"not_picked":["hexamod:ParanormalForm","hexamod:BacktrackSmack"],"picked":"hexamod:VolcanoVisage","floor":21},{"not_picked":["hexamod:BacktrackSmack","hexamod:SkipABeat","hexamod:AdvancingGuard"],"picked":"SKIP","floor":22},{"not_picked":["hexamod:GhostShield","hexamod:HeatCrush+1"],"picked":"hexamod:SuperheatedStrike","floor":25},{"not_picked":["hexamod:AdvancingGuard","hexamod:InspiringFlames"],"picked":"hexamod:SuperheatedStrike","floor":27},{"not_picked":["hexamod:GhostOfSpirePresent","hexamod:SkipABeat"],"picked":"hexamod:Haunt","floor":28},{"not_picked":["hexamod:RadiantFlame","hexamod:BurningTouch"],"picked":"hexamod:GhostOfSpirePresent+1","floor":29},{"not_picked":["hexamod:TimeOfNeed","hexamod:Incineration"],"picked":"hexamod:GhostflameBarrier","floor":30},{"not_picked":["hexamod:RetreatToShadows+1","hexamod:InspiringFlames"],"picked":"hexamod:ThermalTransfer","floor":32},{"not_picked":["hexamod:CrushingStance","hexamod:SearingWound"],"picked":"hexamod:FifthSeal","floor":33},{"not_picked":["hexamod:ChargedBarrage","hexamod:FastForward+1"],"picked":"hexamod:ExtraCrispy+1","floor":36},{"not_picked":["expansioncontent:DarkVoid","expansioncontent:DefensiveStance"],"picked":"Replay:SS_hec_2","floor":38},{"not_picked":["hexamod:GhostShield","hexamod:RainOfEmbers"],"picked":"hexamod:Incineration","floor":39}],"player_experience":638238,"relics_obtained":[{"floor":2,"key":"Strawberry"},{"floor":7,"key":"Lantern"},{"floor":9,"key":"jedi:crownofsimplicity"},{"floor":24,"key":"Replay:Mystery Machine"},{"floor":25,"key":"Bag of Marbles"},{"floor":27,"key":"Turnip"},{"floor":31,"key":"Ring of Greed"},{"floor":31,"key":"Tiny Chest"},{"floor":31,"key":"Golden Idol"}],"event_choices":[{"cards_removed":["hexamod:Strike"],"damage_healed":0,"gold_gain":0,"player_choice":"Card Removal","damage_taken":0,"max_hp_gain":0,"max_hp_loss":0,"event_name":"The Cleric","floor":3,"gold_loss":0},{"damage_healed":0,"gold_gain":1,"player_choice":"4","damage_taken":0,"max_hp_gain":0,"max_hp_loss":0,"event_name":"betterStone:BetterStone","floor":14,"gold_loss":0,"cards_obtained":["Bludgeon"]}],"is_beta":false,"boss_relics":[{"not_picked":["Ring of Chaos","Replay:Bronze Core"],"picked":"Fusion Hammer"},{"not_picked":["Coffee Dripper","hubris:HollowSoul"],"picked":"conspire:RunicOctahedron"}],"items_purged_floors":[36],"is_endless":false,"potions_floor_spawned":[9,12,15,16,21,22,28,30],"killed_by":"Reptomancer","ascension_level":2}}