{"host":"6p0attdrtjqaih7v","time":1609302410,"event":{"mods":["2.2 Compatiblity","AchievementEnabler","Bard","BaseMod","Better Skull","Better Third Choice","Colored Powertips","Hermit","Highlight Path","Jorbs\u0027s Wanderer Trilogy","Key Reminder","Minty Spire (QoL Compilation)","Permanent Neow","Quick Restart","Random Character Button","Relic Stats","Replay The Spire","StSLib","The Construct"],"gold_per_floor":[214,5,5,19,32,63,63,92,141,167,317,317,327,340,340,417,417,432,447,460,26,26,26],"floor_reached":22,"playtime":1215,"items_purged":["Doubt"],"score":391,"play_id":"8c3780cb-13f2-4a28-93dc-d1f1da0cd4fb","local_time":"20201229232649","is_ascension_mode":true,"campfire_choices":[{"data":"ReplayTheSpireMod:Armaments MK-II","floor":7,"key":"SMITH"},{"data":"construct:Reinforce","floor":12,"key":"SMITH"},{"floor":15,"key":"REST"}],"circlet_count":0,"master_deck":["AscendersBane","construct:Strike_Gold","construct:Strike_Gold","construct:Strike_Gold","construct:Strike_Gold","construct:Strike_Gold","construct:Defend_Gold","construct:Defend_Gold","construct:Defend_Gold","construct:Defend_Gold","construct:Defend_Gold","construct:DefenseMode","construct:SweepLaser","construct:BlazingSpeed","ReplayTheSpireMod:Armaments MK-II+1","construct:UnbalancingBlast","construct:ScrapCannon","construct:Reinforce+1","construct:HyperBeam","construct:SpinDrive","construct:Electrocute","construct:PhosphorStorm","construct:Enhance"],"relics":["PreservedInsect","Burning Blood","Replay:Accelerometer","Dream Catcher","Art of War","HornCleat","Runic Pyramid","construct:FoamFinger"],"acts_visited":["Exordium","TheCity"],"potions_floor_usage":[6,10,16,19],"damage_taken":[{"damage":9,"enemies":"Jaw Worm","floor":1,"turns":3},{"damage":0,"enemies":"2 Louse","floor":4,"turns":2},{"damage":1,"enemies":"Cultist","floor":5,"turns":4},{"damage":8,"enemies":"Gremlin Nob","floor":6,"turns":3},{"damage":20,"enemies":"3 Sentries","floor":8,"turns":7},{"damage":21,"enemies":"Gremlin Nob","floor":10,"turns":4},{"damage":9,"enemies":"3 Louse","floor":13,"turns":3},{"damage":32,"enemies":"Large Slime","floor":14,"turns":10},{"damage":31,"enemies":"The Guardian","floor":16,"turns":17},{"damage":8,"enemies":"Chosen","floor":18,"turns":4},{"damage":26,"enemies":"3 Byrds","floor":19,"turns":7},{"damage":34,"enemies":"Snake Plant","floor":20,"turns":7},{"damage":23,"enemies":"Sentry and Sphere","floor":22,"turns":7}],"seed_played":"2311009018142914326","potions_obtained":[{"floor":5,"key":"SteroidPotion"},{"floor":6,"key":"Block Potion"},{"floor":10,"key":"LifebloodPotion"},{"floor":18,"key":"DistilledChaos"}],"is_trial":false,"path_per_floor":["M","$","?","M","M","E","R","E","T","E","?","R","M","M","R","B",null,"M","M","M","$","M"],"character_chosen":"THE_CONSTRUCT_MOD","items_purchased":["construct:BlazingSpeed","PreservedInsect","construct:FoamFinger","construct:Enhance"],"campfire_rested":1,"item_purchase_floors":[2,2,21,21],"current_hp_per_floor":[63,63,63,69,74,72,72,58,58,43,43,43,40,14,38,13,63,61,41,13,13,0,0],"gold":26,"neow_bonus":"HUNDRED_GOLD","is_daily":false,"chose_seed":false,"campfire_upgraded":2,"win_rate":0.0,"timestamp":1609302409,"path_taken":["M","$","?","M","M","E","R","E","T","E","?","R","M","M","R","BOSS","M","M","M","$","M"],"items_purchased_type":["Card","Relic","Relic","Card"],"build_version":"2020-12-22","purchased_purges":1,"victory":false,"max_hp_per_floor":[80,80,80,80,80,80,80,80,80,80,80,80,80,80,80,80,80,80,80,80,80,80,80],"relic_stats":{"Dream Catcher":1,"counters":[13,78],"PreservedInsect":76,"Art of War":[5],"obtain_stats":[{"Replay:Accelerometer":6,"Dream Catcher":8,"HornCleat":10,"construct:FoamFinger":21,"PreservedInsect":2,"Art of War":9,"construct:ClockworkPhoenix":0,"Burning Blood":3,"Runic Pyramid":17},{"Replay:Accelerometer":4,"Dream Catcher":5,"HornCleat":6,"construct:FoamFinger":12,"PreservedInsect":1,"Art of War":5,"construct:ClockworkPhoenix":0,"Burning Blood":1,"Runic Pyramid":9},{"Replay:Accelerometer":12,"Dream Catcher":19,"HornCleat":23,"construct:FoamFinger":71,"PreservedInsect":3,"Art of War":19,"construct:ClockworkPhoenix":0,"Burning Blood":3,"Runic Pyramid":53}],"Burning Blood":66},"card_choices":[{"not_picked":["construct:Synchronize","construct:Zapper"],"picked":"construct:SweepLaser","floor":1},{"not_picked":["construct:UnbalancingBlast","construct:CripplingShot","construct:Agitation"],"picked":"SKIP","floor":4},{"not_picked":["construct:CripplingShot","construct:Agitation"],"picked":"construct:UnbalancingBlast","floor":4},{"not_picked":["construct:FierceBash","construct:Autoturret"],"picked":"construct:ScrapCannon","floor":5},{"not_picked":["construct:FocusedBeam","construct:GatlingGun"],"picked":"construct:Reinforce","floor":6},{"not_picked":["construct:UnbalancingBlast","construct:VentSteam","construct:Chainstrike"],"picked":"SKIP","floor":8},{"not_picked":["construct:ShiftStrike","construct:VentSteam","ReplayTheSpireMod:Mirror System"],"picked":"SKIP","floor":10},{"not_picked":["construct:ShiftStrike","construct:ModeShift","construct:Versatility"],"picked":"SKIP","floor":13},{"not_picked":["construct:FlameCore","construct:ForceCore"],"picked":"construct:HyperBeam","floor":14},{"not_picked":["construct:GoldenBullet","construct:PanicFire"],"picked":"construct:SpinDrive","floor":16},{"not_picked":["construct:ScrapCannon","construct:ModeShift"],"picked":"construct:Electrocute","floor":18},{"not_picked":["construct:Reinforce","construct:CreateCores"],"picked":"construct:PhosphorStorm","floor":19},{"not_picked":["construct:ShiftGuard","construct:ShiftStrike","construct:FlakBarrage"],"picked":"SKIP","floor":20}],"player_experience":924582,"relics_obtained":[{"floor":6,"key":"Replay:Accelerometer"},{"floor":8,"key":"Dream Catcher"},{"floor":9,"key":"Art of War"},{"floor":10,"key":"HornCleat"}],"event_choices":[{"damage_healed":0,"gold_gain":150,"player_choice":"AGREE","damage_taken":0,"max_hp_gain":0,"max_hp_loss":0,"event_name":"Liars Game","floor":11,"gold_loss":0,"cards_obtained":["Doubt"]}],"is_beta":false,"boss_relics":[{"not_picked":["Snecko Heart","Pandora\u0027s Box"],"picked":"Runic Pyramid"}],"items_purged_floors":[21],"is_endless":false,"potions_floor_spawned":[5,6,10,18],"killed_by":"Sentry and Sphere","ascension_level":18}}