{"host":"g1wmg2w41xhsnw8g","time":1609312030,"event":{"mods":["2.2 Compatiblity","Act Like it!","BaseMod","Better Altar","Better Match","Better Note","Better Sensory Stone","Better Skull","Better Third Choice","BetterRewards","Booster Modes","CapriCore","Colored Map","Colored Powertips","Curses Come First","Defuse TimeMaze Blight","Displayed Cursed Tome","Evolution","Friendly Minions","GifTheSpireLib","Googly Eyes","Infinite Spire","Minty Spire (QoL Compilation)","Red Circlet Mod","Relic Sorter","Ruin Mod","SCP261 Mod","Shop Mod","Spicy Shops","StSLib","The Cursed","The Sage","Transform Curses","Wandering Minibosses","????"],"gold_per_floor":[114,114,126,142,152,187,187,187,265,265,279,25,45,60,60,60,60],"floor_reached":16,"playtime":1042,"items_purged":[],"score":134,"play_id":"382fa06e-d0f6-450d-8326-fe46a94c4e03","local_time":"20201230020710","daily_mods":["SealedDeck","Specialized","Heirloom","Elite Swarm"],"is_ascension_mode":true,"campfire_choices":[{"data":"theRuin:SharpenedBones","floor":10,"key":"SMITH"},{"data":"theRuin:Rebuilding","floor":15,"key":"SMITH"}],"circlet_count":0,"master_deck":["theRuin:Phalanx","theRuin:Phalanx","theRuin:Phalanx","theRuin:Phalanx","theRuin:Phalanx","theRuin:Patience","theRuin:Revival","theRuin:InfectedDagger","theRuin:BoneToss","theRuin:GraveRobber","theRuin:MeatShield","theRuin:SkeletonParty","theRuin:BoneFactory","theRuin:BlackPlague","theRuin:Rebuilding+1","theRuin:NecroSoul","theRuin:Revival","theRuin:SharpenedBones+1","theRuin:ScytheStrike","theRuin:GiftFromBeyond+1","theRuin:RaiseDead+1","theRuin:RaiseDead+1"],"relics":["Ring of the Snake","EVO:Axolotl","Torii","Eternal Feather","infinitespire:Cubic Diamond","Toxic Egg 2","Matryoshka","Akabeko","MerchantsRug"],"acts_visited":["Exordium"],"potions_floor_usage":[4,14,16],"damage_taken":[{"damage":1,"enemies":"Jaw Worm","floor":1,"turns":4},{"damage":9,"enemies":"Cultist","floor":3,"turns":5},{"damage":2,"enemies":"2 Louse","floor":4,"turns":6},{"damage":2,"enemies":"Looter","floor":5,"turns":3},{"damage":21,"enemies":"3 Sentries","floor":6,"turns":8},{"damage":12,"enemies":"Large Slime","floor":11,"turns":6},{"damage":12,"enemies":"Exordium Wildlife","floor":13,"turns":4},{"damage":13,"enemies":"Blue Slaver","floor":14,"turns":4},{"damage":46,"enemies":"Slime Boss","floor":16,"turns":8}],"seed_played":"7675941474462236044","potions_obtained":[{"floor":3,"key":"Regen Potion"},{"floor":11,"key":"GamblersBrew"},{"floor":13,"key":"LiquidBronze"},{"floor":14,"key":"PowerPotion"}],"is_trial":true,"path_per_floor":["M","?","M","M","M","E","?","T","T","R","M","$","M","M","R","B"],"character_chosen":"THE_DEFAULT","items_purchased":["Akabeko","theRuin:RaiseDead+1","MerchantsRug"],"campfire_rested":0,"item_purchase_floors":[12,12,12],"current_hp_per_floor":[75,75,66,76,74,53,53,53,53,62,50,50,38,25,37,0,0],"gold":60,"neow_bonus":"","is_daily":false,"chose_seed":false,"campfire_upgraded":2,"win_rate":0.0,"timestamp":1609312030,"path_taken":["M","?","?","M","M","E","?","?","T","R","?","?","?","M","R","BOSS"],"items_purchased_type":["Relic","Card","Relic"],"build_version":"2020-12-22","purchased_purges":0,"victory":false,"max_hp_per_floor":[76,76,76,76,76,76,76,76,76,76,76,76,76,76,76,76,76],"card_choices":[{"not_picked":["theRuin:RaiseDead","theRuin:QuestionablePotion"],"picked":"theRuin:NecroSoul","floor":1},{"not_picked":["theRuin:RaiseDead","theRuin:GiftFromBeyond"],"picked":"theRuin:Revival","floor":3},{"not_picked":["theRuin:QuestionablePotion","theRuin:Unrelenting","theRuin:DropDead"],"picked":"SKIP","floor":4},{"not_picked":["theRuin:QuestionablePotion","theRuin:GraveRobber"],"picked":"theRuin:SharpenedBones","floor":5},{"not_picked":["theRuin:Rebuilding","theRuin:DescentToDeath"],"picked":"theRuin:ScytheStrike","floor":6},{"not_picked":["theRuin:BonyShield+1","theRuin:BoneFactory"],"picked":"theRuin:GiftFromBeyond+1","floor":11},{"not_picked":["theRuin:MyOwnBones","theRuin:InfectedDagger","theRuin:DraggedDown+1"],"picked":"SKIP","floor":13},{"not_picked":["theRuin:MeatShield+1","theRuin:CursedBlood+1"],"picked":"theRuin:RaiseDead+1","floor":14}],"player_experience":1103642,"relics_obtained":[{"floor":6,"key":"Eternal Feather"},{"floor":8,"key":"Toxic Egg 2"},{"floor":9,"key":"Matryoshka"}],"event_choices":[{"damage_healed":0,"gold_gain":0,"player_choice":"Bought 0 Potions","damage_taken":0,"max_hp_gain":0,"max_hp_loss":0,"event_name":"The Woman in Blue","floor":2,"gold_loss":0}],"is_beta":false,"boss_relics":[],"items_purged_floors":[],"is_endless":false,"potions_floor_spawned":[3,11,13,14],"killed_by":"Slime Boss","ascension_level":1}}