{"host":"hdafziggwnbzqpcb","time":1609301595,"event":{"mods":["BaseMod","Better Vampires","Colored Map","Colored Powertips","Curses Come First","Duelist Mod","GifTheSpireLib","Hero for Fun","Minty Spire (QoL Compilation)","Quick Restart","Rare Cards Sparkle","Relic Stats","Spicy Shops","StSLib","The Bug Knight","The Cursed","The Marked","The Senshi","The Wild Card","TheHero"],"gold_per_floor":[111,111,36,50,65,65,93,93,118,118,147,158,158,171,171,285,285,301,92,108,118,127,127,152,27,27,27,0,0,0,29,29,29,29],"floor_reached":33,"playtime":1001,"items_purged":["theSenshi:SailorBlock","theSenshi:SailorKick","Shame"],"score":331,"play_id":"01c27c29-8a72-4b85-b88b-2be131ce2af5","local_time":"20201229201315","is_ascension_mode":true,"campfire_choices":[{"data":"theSenshi:MoonPrincessHalation","floor":6.0,"key":"SMITH"},{"data":"theSenshi:MoonTiaraMagic","floor":10.0,"key":"SMITH"},{"data":"theSenshi:MoonPrismPowerMakeUp","floor":13,"key":"SMITH"},{"floor":15,"key":"REST"},{"floor":23,"key":"REST"},{"data":"theSenshi:SilverMoonCrystalPowerKiss","floor":27,"key":"SMITH"},{"floor":32,"key":"REST"}],"circlet_count":0,"master_deck":["theSenshi:SailorKick+1","theSenshi:SailorKick+1","theSenshi:SailorBlock","theSenshi:SailorBlock","theSenshi:SailorBlock","theSenshi:RoseThrow","theSenshi:MoonPrismPowerMakeUp+1","theSenshi:MoonPrincessHalation+1","theSenshi:MoonTiaraMagic+1","theSenshi:SilverMoonCrystalPowerKiss+1","theSenshi:RainbowMoonHeartAche","theSenshi:MoonCosmicPowerMakeUp"],"relics":["theSenshi:TransformationBroochRelic","NeowsBlessing","Whetstone","CeramicFish","Odd Mushroom","theSenshi:EternalSailorFukuRelic","theSenshi:RoseRelic","theSenshi:CrystalStarRelic","CaptainsWheel","Vajra"],"acts_visited":["Exordium","TheCity"],"potions_floor_usage":[16,16,24,24],"damage_taken":[{"damage":0.0,"enemies":"Cultist","floor":1.0,"turns":1.0},{"damage":0.0,"enemies":"Jaw Worm","floor":4.0,"turns":1.0},{"damage":0.0,"enemies":"2 Louse","floor":5.0,"turns":1.0},{"damage":18.0,"enemies":"3 Sentries","floor":7.0,"turns":5.0},{"damage":6.0,"enemies":"The Mushroom Lair","floor":11.0,"turns":3.0},{"damage":12,"enemies":"Exordium Wildlife","floor":12,"turns":3},{"damage":6,"enemies":"Lots of Slimes","floor":14,"turns":2},{"damage":13,"enemies":"The Guardian","floor":16,"turns":6},{"damage":25,"enemies":"Shell Parasite","floor":18,"turns":4},{"damage":29,"enemies":"2 Thieves","floor":20,"turns":4},{"damage":7,"enemies":"3 Cultists","floor":21,"turns":4},{"damage":20,"enemies":"Slavers","floor":24,"turns":3},{"damage":10,"enemies":"Snake Plant","floor":31,"turns":3},{"damage":81,"enemies":"Champ","floor":33,"turns":9}],"seed_played":"4923254018942635737","potions_obtained":[{"floor":5.0,"key":"AttackPotion"},{"floor":7.0,"key":"FearPotion"},{"floor":11.0,"key":"Dexterity Potion"},{"floor":16,"key":"DuplicationPotion"},{"floor":20,"key":"GamblersBrew"}],"is_trial":false,"path_per_floor":["M","?","$","M","M","R","E","?","T","R","?","M","R","M","R","B",null,"M","$","M","M","?","R","E","$","T","R","?","?","$","M","R","B"],"character_chosen":"THE_SENSHI","items_purchased":["theSenshi:RainbowMoonHeartAche","theSenshi:RoseRelic"],"campfire_rested":3,"item_purchase_floors":[19,19],"current_hp_per_floor":[75,80,80,80,80,80,62,55,55,55,49,37,37,31,55,42,80,55,55,26,19,19,43,25,25,25,25,25,25,25,17,41,0,0],"gold":29,"neow_bonus":"THREE_ENEMY_KILL","is_daily":false,"chose_seed":false,"campfire_upgraded":4,"win_rate":0.0,"timestamp":1609301595,"path_taken":["M","?","$","M","M","R","E","?","T","R","?","M","R","?","R","BOSS","M","?","M","?","?","R","E","$","T","R","?","?","$","M","R","BOSS"],"items_purchased_type":["Card","Relic"],"build_version":"2020-12-22","purchased_purges":3,"victory":false,"max_hp_per_floor":[75,80,80,80,80,80,80,80,80,80,80,80,80,80,80,80,80,80,80,80,80,80,80,80,80,80,80,80,80,80,80,80,80,80],"relic_stats":{"counters":[14,49],"CeramicFish":36,"Whetstone":["theSenshi:SailorKick","theSenshi:SailorKick"],"obtain_stats":[{"theSenshi:EternalSailorFukuRelic":17,"CaptainsWheel":24,"theSenshi:TransformationBroochRelic":0,"NeowsBlessing":0,"theSenshi:CrystalStarRelic":22,"CeramicFish":9,"theSenshi:RoseRelic":19,"Vajra":26,"Whetstone":7,"Odd Mushroom":11},{"theSenshi:EternalSailorFukuRelic":8,"CaptainsWheel":12,"theSenshi:TransformationBroochRelic":0,"NeowsBlessing":0,"theSenshi:CrystalStarRelic":11,"CeramicFish":4,"theSenshi:RoseRelic":9,"Vajra":12,"Whetstone":4,"Odd Mushroom":5},{"theSenshi:EternalSailorFukuRelic":22,"CaptainsWheel":37,"theSenshi:TransformationBroochRelic":0,"NeowsBlessing":0,"theSenshi:CrystalStarRelic":34,"CeramicFish":8,"theSenshi:RoseRelic":26,"Vajra":37,"Whetstone":8,"Odd Mushroom":11}]},"card_choices":[{"not_picked":["theSenshi:MoonPunch","theSenshi:HesSoDreamy"],"picked":"theSenshi:MoonPrincessHalation","floor":1.0},{"not_picked":["theSenshi:MoonsReflection","theSenshi:SchoolBag"],"picked":"theSenshi:MoonTiaraMagic","floor":4.0},{"not_picked":["theSenshi:MoonPower","theSenshi:MoonsReflection","theSenshi:CrisisMakeUp"],"picked":"SKIP","floor":5.0},{"not_picked":["theSenshi:WarriorOfTheMoon","theSenshi:SailorJupiterAssists","theSenshi:MoonTwilightFlash"],"picked":"SKIP","floor":7.0},{"not_picked":["theSenshi:SailorMarsAssists","theSenshi:TuxedoSmokingBomber","theSenshi:MoonPrincessHalation"],"picked":"SKIP","floor":12},{"not_picked":["theSenshi:SailorJupiterAssists","theSenshi:MoonTiaraMagic","theSenshi:EncouragingSpeech"],"picked":"SKIP","floor":14},{"not_picked":["theSenshi:SailorPlutoAssists","theSenshi:FatedKiss"],"picked":"theSenshi:SilverMoonCrystalPowerKiss","floor":16},{"not_picked":["theSenshi:SchoolBag","theSenshi:MoonPower","theSenshi:MoonTiaraMagic"],"picked":"SKIP","floor":18},{"not_picked":["theSenshi:MoonTwilightFlash","theSenshi:TuxedoMaskAssists","theSenshi:EncouragingSpeech"],"picked":"SKIP","floor":20},{"not_picked":["theSenshi:TuxedoSmokingBomber","theSenshi:MoonKick","theSenshi:SchoolBag"],"picked":"SKIP","floor":21},{"not_picked":["theSenshi:MoonPrincessHalation","theSenshi:SailorPlanetPower","theSenshi:MoonKick"],"picked":"SKIP","floor":24},{"not_picked":["theSenshi:MoonPower","theSenshi:SupersonicWaves+1"],"picked":"theSenshi:MoonCosmicPowerMakeUp","floor":31}],"player_experience":689990,"relics_obtained":[{"floor":7.0,"key":"Whetstone"},{"floor":9.0,"key":"CeramicFish"},{"floor":11.0,"key":"Odd Mushroom"},{"floor":24,"key":"CaptainsWheel"},{"floor":26,"key":"Vajra"}],"event_choices":[{"damage_healed":0.0,"max_hp_gain":5.0,"max_hp_loss":0.0,"gold_gain":0.0,"event_name":"Big Fish","player_choice":"Donut","floor":2.0,"gold_loss":0.0,"damage_taken":0.0},{"cards_removed":["theSenshi:SailorKick"],"damage_healed":0.0,"max_hp_gain":0.0,"max_hp_loss":0.0,"gold_gain":0.0,"event_name":"Golden Wing","player_choice":"Card Removal","floor":8.0,"gold_loss":0.0,"damage_taken":7.0},{"damage_healed":0.0,"max_hp_gain":0.0,"max_hp_loss":0.0,"gold_gain":0.0,"event_name":"Mushrooms","player_choice":"Fought Mushrooms","floor":11.0,"gold_loss":0.0,"damage_taken":0.0},{"damage_healed":0,"gold_gain":0,"player_choice":"Stole Relic","damage_taken":0,"relics_obtained":["theSenshi:CrystalStarRelic"],"max_hp_gain":0,"max_hp_loss":0,"event_name":"Addict","floor":22,"gold_loss":0,"cards_obtained":["Shame"]},{"damage_healed":0,"gold_gain":0,"player_choice":"Paid Fearfully","damage_taken":0,"max_hp_gain":0,"max_hp_loss":0,"event_name":"Masked Bandits","floor":28,"gold_loss":27},{"damage_healed":0,"gold_gain":0,"player_choice":"Ignored","damage_taken":0,"max_hp_gain":0,"max_hp_loss":0,"event_name":"Cursed Tome","floor":29,"gold_loss":0}],"is_beta":false,"boss_relics":[{"not_picked":["Ectoplasm","Runic Pyramid"],"picked":"theSenshi:EternalSailorFukuRelic"}],"items_purged_floors":[3,19,25],"is_endless":false,"potions_floor_spawned":[5,7,11,16,20],"killed_by":"Champ","ascension_level":3}}