{"host":"q4axc00jr2bozlh9","time":1609345392,"event":{"mods":["AchievementEnabler","BaseMod","Bestiary","Colored Map","Colored Powertips","Curses Come First","Minty Spire (QoL Compilation)","Relic Stats","StSLib","SuperFastMode"],"gold_per_floor":[110,126,144,144,160,160,194,208,208,241,259,274,34,34,34,34,34],"floor_reached":16,"playtime":2881,"items_purged":["Strike_R"],"score":114,"play_id":"b73854ef-3ea1-4784-9270-243330708b9a","local_time":"20201230172312","is_ascension_mode":false,"campfire_choices":[{"data":"Battle Trance","floor":6,"key":"SMITH"},{"floor":15,"key":"REST"}],"circlet_count":0,"master_deck":["Strike_R","Strike_R","Defend_R","Defend_R","Defend_R","Defend_R","Bash","Second Wind","Heavy Blade","Inflame","Dark Embrace","Battle Trance+1","Feel No Pain","Seeing Red","Intimidate","Thunderclap","Ghostly Armor","Panache"],"relics":["Burning Blood","Bag of Preparation","Bag of Marbles","Juzu Bracelet","Paper Frog"],"acts_visited":["Exordium"],"potions_floor_usage":[11,11,16],"damage_taken":[{"damage":0,"enemies":"Small Slimes","floor":1,"turns":4},{"damage":1,"enemies":"Cultist","floor":2,"turns":4},{"damage":7,"enemies":"2 Louse","floor":3,"turns":4},{"damage":17,"enemies":"Exordium Thugs","floor":5,"turns":6},{"damage":38,"enemies":"Gremlin Nob","floor":7,"turns":6},{"damage":20,"enemies":"Looter","floor":8,"turns":3},{"damage":14,"enemies":"3 Sentries","floor":10,"turns":10},{"damage":0,"enemies":"Lots of Slimes","floor":11,"turns":2},{"damage":10,"enemies":"Exordium Wildlife","floor":12,"turns":4},{"damage":42,"enemies":"Hexaghost","floor":16,"turns":12}],"seed_played":"-8423984276635416716","potions_obtained":[{"floor":1,"key":"EssenceOfSteel"},{"floor":5,"key":"Explosive Potion"},{"floor":8,"key":"Ancient Potion"}],"is_trial":false,"path_per_floor":["M","M","M","?","M","R","E","M","T","E","M","M","$","?","R","B"],"character_chosen":"IRONCLAD","items_purchased":["Panache"],"campfire_rested":1,"item_purchase_floors":[13],"current_hp_per_floor":[62,67,66,80,69,69,37,23,23,15,21,17,17,14,38,0,0],"gold":34,"neow_bonus":"TRANSFORM_TWO_CARDS","is_daily":false,"chose_seed":false,"campfire_upgraded":1,"win_rate":0.0,"timestamp":1609345392,"path_taken":["M","M","M","?","M","R","E","M","T","E","M","M","?","?","R","BOSS"],"items_purchased_type":["Card"],"build_version":"2020-12-22","purchased_purges":1,"victory":false,"max_hp_per_floor":[80,80,80,80,80,80,80,80,80,80,80,80,80,80,80,80,80],"relic_stats":{"counters":[10,55],"Bag of Preparation":[10],"Juzu Bracelet":0,"obtain_stats":[{"Bag of Preparation":7,"Bag of Marbles":9,"Juzu Bracelet":10,"Burning Blood":0,"Paper Frog":14},{"Bag of Preparation":5,"Bag of Marbles":6,"Juzu Bracelet":7,"Burning Blood":0,"Paper Frog":9},{"Bag of Preparation":24,"Bag of Marbles":27,"Juzu Bracelet":37,"Burning Blood":0,"Paper Frog":43}],"Burning Blood":54},"card_choices":[{"not_picked":["Clothesline","Wild Strike"],"picked":"Inflame","floor":1},{"not_picked":["Fire Breathing","Evolve"],"picked":"Dark Embrace","floor":2},{"not_picked":["Cleave","Clothesline"],"picked":"Battle Trance","floor":3},{"not_picked":["Anger","Warcry"],"picked":"Feel No Pain","floor":5},{"not_picked":["Heavy Blade","Headbutt"],"picked":"Seeing Red","floor":7},{"not_picked":["Perfected Strike","Flex"],"picked":"Intimidate","floor":8},{"not_picked":["Impervious","Havoc"],"picked":"Thunderclap","floor":10},{"not_picked":["Spot Weakness","Power Through"],"picked":"Ghostly Armor","floor":11},{"not_picked":["Thunderclap","Heavy Blade","Perfected Strike"],"picked":"SKIP","floor":12}],"player_experience":181213,"relics_obtained":[{"floor":7,"key":"Bag of Preparation"},{"floor":9,"key":"Bag of Marbles"},{"floor":10,"key":"Juzu Bracelet"}],"event_choices":[{"damage_healed":14,"gold_gain":0,"player_choice":"Full Heal","damage_taken":0,"max_hp_gain":0,"max_hp_loss":0,"event_name":"Wheel of Change","floor":4,"gold_loss":0},{"damage_healed":0,"gold_gain":0,"player_choice":"Success","damage_taken":3,"relics_obtained":["Paper Frog"],"max_hp_gain":0,"max_hp_loss":0,"event_name":"Scrap Ooze","floor":14,"gold_loss":0}],"is_beta":false,"boss_relics":[],"items_purged_floors":[13],"is_endless":false,"potions_floor_spawned":[1,5,8,10],"killed_by":"Hexaghost","ascension_level":0}}