{"host":"b4oqa93y40rb9616","time":1609288106,"event":{"mods":["BaseMod","Colored Map","Custom Start","DeckTracker","Keyboard Shortcuts","Minty Spire (QoL Compilation)","Permanent Neow","Quick Restart","StSLib","SuperFastMode","everything is the same but u backflip on backflip"],"gold_per_floor":[113,129,146,71,90,90,123,123,123,139,39,23,23,34,34,112,112,129,148,23,23,23,23,36,51,76,76,76,87,120,80,80,154,154,165,15,15,32,42,75,85,114,114,159,159,159,19,29,29,29,29,29,29,57,57,57],"floor_reached":55,"playtime":2667,"items_purged":["Normality","Strike_G","Caltrops","Skewer","Deadly Poison"],"score":1410,"play_id":"12f18b3a-4edb-4a4c-aa85-0f1d268c849b","local_time":"20201230092826","is_ascension_mode":true,"campfire_choices":[{"data":"Cloak And Dagger","floor":6.0,"key":"SMITH"},{"data":"Night Terror","floor":8.0,"key":"SMITH"},{"floor":15.0,"key":"REST"},{"data":"Noxious Fumes","floor":23.0,"key":"SMITH"},{"data":"Accuracy","floor":28.0,"key":"SMITH"},{"data":"Footwork","floor":32.0,"key":"SMITH"},{"floor":45.0,"key":"REST"},{"floor":49.0,"key":"RECALL"},{"data":"Acrobatics","floor":52,"key":"SMITH"}],"circlet_count":0,"master_deck":["AscendersBane","Survivor","Neutralize","Choke","Footwork+1","Acrobatics+1","Cloak And Dagger+1","Noxious Fumes+1","Night Terror+1","Deadly Poison+1","Terror+1","Backflip+1","Escape Plan+1","Well Laid Plans+1","Malaise+1","Blade Dance+1","Tactician+1","Acrobatics+1","Backstab","PiercingWail+1","Tactician+1","Cloak And Dagger+1","Ghostly+1","Ghostly+1","Ghostly+1","Ghostly+1","Ghostly+1","Accuracy+1","Accuracy+1","Catalyst+1","Calculated Gamble+1","Tools of the Trade","Blade Dance+1","Reflex+1","Blade Dance+1","Blur+1","Escape Plan+1","Bullet Time+1","Calculated Gamble+1"],"relics":["Ring of the Snake","Prayer Wheel","Incense Burner","Toxic Egg 2","Pandora\u0027s Box","Ornamental Fan","Orichalcum","Blue Candle","Black Star","Paper Crane","The Courier","Gremlin Horn","Akabeko","Bag of Preparation","Oddly Smooth Stone","Pantograph"],"acts_visited":["Exordium","TheCity","TheBeyond","TheEnding"],"potions_floor_usage":[55,55],"damage_taken":[{"damage":2.0,"enemies":"Small Slimes","floor":1.0,"turns":5.0},{"damage":0.0,"enemies":"2 Louse","floor":2.0,"turns":3.0},{"damage":0.0,"enemies":"Jaw Worm","floor":3.0,"turns":6.0},{"damage":1.0,"enemies":"Blue Slaver","floor":5.0,"turns":6.0},{"damage":35.0,"enemies":"3 Sentries","floor":7.0,"turns":14.0},{"damage":11.0,"enemies":"Lots of Slimes","floor":10.0,"turns":4.0},{"damage":7.0,"enemies":"Exordium Thugs","floor":12.0,"turns":6.0},{"damage":4.0,"enemies":"Large Slime","floor":14.0,"turns":12.0},{"damage":8.0,"enemies":"Hexaghost","floor":16.0,"turns":8.0},{"damage":15.0,"enemies":"2 Thieves","floor":18.0,"turns":5.0},{"damage":0.0,"enemies":"Chosen","floor":19.0,"turns":3.0},{"damage":1.0,"enemies":"Snake Plant","floor":24.0,"turns":6.0},{"damage":5.0,"enemies":"Shelled Parasite and Fungi","floor":25.0,"turns":5.0},{"damage":0.0,"enemies":"Cultist and Chosen","floor":29.0,"turns":5.0},{"damage":3.0,"enemies":"Slavers","floor":30.0,"turns":8.0},{"damage":2.0,"enemies":"Champ","floor":33.0,"turns":8.0},{"damage":0.0,"enemies":"3 Darklings","floor":35.0,"turns":7.0},{"damage":8.0,"enemies":"3 Shapes","floor":38.0,"turns":6.0},{"damage":8.0,"enemies":"Sphere and 2 Shapes","floor":39.0,"turns":7.0},{"damage":0.0,"enemies":"Reptomancer","floor":40.0,"turns":7.0},{"damage":13.0,"enemies":"3 Darklings","floor":41.0,"turns":5.0},{"damage":0.0,"enemies":"Giant Head","floor":42.0,"turns":7.0},{"damage":1.0,"enemies":"Maw","floor":48.0,"turns":4.0},{"damage":8,"enemies":"Awakened One","floor":50,"turns":9},{"damage":0,"enemies":"Shield and Spear","floor":54,"turns":6},{"damage":36,"enemies":"The Heart","floor":55,"turns":8}],"seed_played":"6536201830286473149","potions_obtained":[{"floor":3.0,"key":"Swift Potion"},{"floor":7.0,"key":"Fire Potion"},{"floor":12.0,"key":"PowerPotion"},{"floor":16.0,"key":"ColorlessPotion"},{"floor":18.0,"key":"Regen Potion"},{"floor":25.0,"key":"CultistPotion"},{"floor":38.0,"key":"CunningPotion"},{"floor":54,"key":"EssenceOfSteel"}],"is_trial":false,"path_per_floor":["M","M","M","$","M","R","E","R","T","M","$","M","?","M","R","B",null,"M","M","$","?","?","R","M","M","T","?","R","M","E","$","R","B",null,"M","$","?","M","M","E","M","E","T","T","R","?","$","M","R","B",null,"R","$","E","B"],"character_chosen":"THE_SILENT","items_purchased":["Calculated Gamble+1"],"campfire_rested":2,"item_purchase_floors":[31],"current_hp_per_floor":[61,61,61,61,60,60,25,25,25,14,14,7,7,3,24,16,57,42,42,42,42,35,35,34,29,29,29,29,29,26,26,26,24,32,32,32,32,24,16,16,3,3,3,3,13,13,13,12,12,4,27,27,27,27,0,0],"gold":57,"neow_bonus":"ONE_RARE_RELIC","is_daily":false,"chose_seed":false,"campfire_upgraded":6,"win_rate":0.0,"timestamp":1609288106,"path_taken":["M","M","M","$","M","R","E","R","T","M","$","M","?","M","R","BOSS","M","M","$","?","?","R","M","M","T","?","R","M","E","?","R","BOSS","M","$","?","M","?","E","M","E","T","?","R","?","$","M","R","BOSS","R","$","E","BOSS"],"items_purchased_type":["Card"],"build_version":"2020-12-22","purchased_purges":5,"victory":false,"max_hp_per_floor":[70,70,70,70,70,70,70,70,70,70,70,70,70,70,70,70,70,70,70,70,70,35,35,35,35,35,35,35,35,35,35,35,35,35,35,35,35,35,35,35,35,35,35,35,35,35,35,35,35,35,35,35,35,35,35,35],"card_choices":[{"not_picked":["Deflect","Underhanded Strike"],"picked":"Choke","floor":1.0},{"not_picked":["Underhanded Strike","Dodge and Roll","Flying Knee"],"picked":"SKIP","floor":1.0},{"not_picked":["Deadly Poison","Quick Slash"],"picked":"Footwork","floor":2.0},{"not_picked":["Masterful Stab","Dagger Throw"],"picked":"Acrobatics","floor":2.0},{"not_picked":["Slice","Dodge and Roll"],"picked":"Cloak And Dagger","floor":3.0},{"not_picked":["Sucker Punch","Deflect"],"picked":"Noxious Fumes","floor":3.0},{"not_picked":["Underhanded Strike","Flying Knee"],"picked":"Deadly Poison","floor":5.0},{"not_picked":["Masterful Stab","Underhanded Strike"],"picked":"Night Terror","floor":5.0},{"not_picked":["Underhanded Strike","Quick Slash","Bane"],"picked":"SKIP","floor":7.0},{"not_picked":["Concentrate+1","Expertise+1"],"picked":"Deadly Poison+1","floor":10.0},{"not_picked":["Expertise+1","Dagger Spray","Endless Agony"],"picked":"SKIP","floor":10.0},{"not_picked":["Dagger Spray","Tools of the Trade"],"picked":"Terror+1","floor":12.0},{"not_picked":["Riddle With Holes","Distraction+1"],"picked":"Backflip+1","floor":12.0},{"not_picked":["Heel Hook","Dodge and Roll+1"],"picked":"Escape Plan+1","floor":14.0},{"not_picked":["Acrobatics+1","Dagger Spray"],"picked":"Well Laid Plans","floor":14.0},{"not_picked":["Doppelganger+1","Envenom"],"picked":"Malaise+1","floor":16.0},{"not_picked":["Deadly Poison+1","Deflect+1","Slice"],"picked":"SKIP","floor":18.0},{"not_picked":["Slice","Dagger Spray","Endless Agony"],"picked":"SKIP","floor":18.0},{"not_picked":["Dodge and Roll+1","Masterful Stab"],"picked":"Cloak And Dagger+1","floor":19.0},{"not_picked":["Deadly Poison+1","Infinite Blades","Underhanded Strike"],"picked":"SKIP","floor":19.0},{"not_picked":["Slice","Noxious Fumes"],"picked":"Accuracy","floor":24.0},{"not_picked":["Dagger Throw","Flying Knee","Sucker Punch"],"picked":"SKIP","floor":24.0},{"not_picked":["Footwork","Escape Plan+1"],"picked":"Accuracy+1","floor":25.0},{"not_picked":["Slice+1","Masterful Stab","Phantasmal Killer+1"],"picked":"SKIP","floor":25.0},{"not_picked":["Deadly Poison+1","Dodge and Roll+1","Skewer"],"picked":"SKIP","floor":29.0},{"not_picked":["Predator","Distraction+1","Outmaneuver+1"],"picked":"SKIP","floor":29.0},{"not_picked":["Setup+1","Quick Slash","Choke"],"picked":"SKIP","floor":30.0},{"not_picked":["Phantasmal Killer+1","Glass Knife"],"picked":"Tools of the Trade","floor":33.0},{"not_picked":["Quick Slash","Dodge and Roll+1"],"picked":"Blade Dance+1","floor":35.0},{"not_picked":["Skewer+1","Poisoned Stab"],"picked":"Reflex+1","floor":35.0},{"not_picked":["Slice","Deflect+1"],"picked":"Blade Dance+1","floor":38.0},{"not_picked":["Dagger Throw","Underhanded Strike","Phantasmal Killer+1"],"picked":"SKIP","floor":38.0},{"not_picked":["Riddle With Holes","Unload"],"picked":"Blur+1","floor":39.0},{"not_picked":["Dagger Throw+1","Sucker Punch","Dodge and Roll+1"],"picked":"SKIP","floor":39.0},{"not_picked":["Finisher+1","Flying Knee","Riddle With Holes"],"picked":"SKIP","floor":40.0},{"not_picked":["Deadly Poison+1","Tactician+1","Accuracy+1"],"picked":"SKIP","floor":41.0},{"not_picked":["Dagger Spray","Dodge and Roll+1","Underhanded Strike"],"picked":"SKIP","floor":41.0},{"not_picked":["Dagger Throw","Dagger Spray"],"picked":"Escape Plan+1","floor":42.0},{"not_picked":["Dagger Spray","Bane"],"picked":"Bullet Time+1","floor":48.0},{"not_picked":["Caltrops","Catalyst+1","Deflect+1"],"picked":"SKIP","floor":48.0},{"not_picked":["Heel Hook+1","PiercingWail+1"],"picked":"Calculated Gamble+1","floor":54}],"player_experience":403074,"relics_obtained":[{"floor":7.0,"key":"Incense Burner"},{"floor":9.0,"key":"Toxic Egg 2"},{"floor":26.0,"key":"Orichalcum"},{"floor":30.0,"key":"Blue Candle"},{"floor":40.0,"key":"Paper Crane"},{"floor":40.0,"key":"The Courier"},{"floor":42.0,"key":"Gremlin Horn"},{"floor":42.0,"key":"Akabeko"},{"floor":44.0,"key":"Bag of Preparation"},{"floor":54,"key":"Oddly Smooth Stone"},{"floor":54,"key":"Pantograph"}],"event_choices":[{"cards_removed":["Strike_G"],"damage_healed":0.0,"max_hp_gain":0.0,"max_hp_loss":0.0,"gold_gain":0.0,"event_name":"Living Wall","player_choice":"Forget","floor":13.0,"gold_loss":0.0,"damage_taken":0.0},{"damage_healed":0.0,"max_hp_gain":0.0,"max_hp_loss":0.0,"gold_gain":0.0,"event_name":"The Mausoleum","player_choice":"Opened","floor":21.0,"gold_loss":0.0,"damage_taken":0.0,"relics_obtained":["Ornamental Fan"]},{"damage_healed":0.0,"max_hp_gain":0.0,"max_hp_loss":35.0,"gold_gain":0.0,"event_name":"Ghosts","player_choice":"Became a Ghost","floor":22.0,"gold_loss":0.0,"damage_taken":0.0,"cards_obtained":["Ghostly","Ghostly","Ghostly","Ghostly","Ghostly"]},{"damage_healed":0.0,"max_hp_gain":0.0,"max_hp_loss":0.0,"gold_gain":0.0,"event_name":"The Library","player_choice":"Read","floor":27.0,"gold_loss":0.0,"damage_taken":0.0,"cards_obtained":["Catalyst"]},{"damage_healed":0.0,"max_hp_gain":0.0,"max_hp_loss":0.0,"gold_gain":0.0,"event_name":"Upgrade Shrine","player_choice":"Upgraded","floor":37.0,"gold_loss":0.0,"damage_taken":0.0,"cards_upgraded":["Well Laid Plans"]},{"damage_healed":0.0,"max_hp_gain":0.0,"max_hp_loss":0.0,"gold_gain":0.0,"event_name":"Tomb of Lord Red Mask","player_choice":"Ignored","floor":46.0,"gold_loss":0.0,"damage_taken":0.0}],"is_beta":false,"boss_relics":[{"not_picked":["HoveringKite","Empty Cage"],"picked":"Pandora\u0027s Box"},{"not_picked":["Runic Dome","Snecko Eye"],"picked":"Black Star"}],"items_purged_floors":[4,11,20,36,47],"is_endless":false,"potions_floor_spawned":[3,7,12,16,18,25,29,38,39,54],"killed_by":"The Heart","ascension_level":13}}