{"host":"x1qj4d8ympd5jdqh","time":1609299219,"event":{"mods":["AchievementEnabler","AlwaysNeverKeys","BaseMod","Colored Map","Custom Start","DeckTracker","Highlight Path","Minty Spire (QoL Compilation)","StSLib","SuperFastMode"],"gold_per_floor":[209,227,246,246,94,94,111,111,161,4,18,18,18,49,49,121,121,139,149,161,36,36,36,36,36],"floor_reached":24,"playtime":814,"items_purged":["Strike_G","Strike_G","Slice"],"score":442,"play_id":"0690abea-ac29-4855-938a-ee85ddd826f0","local_time":"20201230123339","is_ascension_mode":true,"campfire_choices":[{"data":"Skewer","floor":6.0,"key":"SMITH"},{"data":"Neutralize","floor":8.0,"key":"SMITH"},{"floor":12.0,"key":"REST"},{"data":"Tactician","floor":15.0,"key":"SMITH"},{"floor":23,"key":"REST"}],"circlet_count":0,"master_deck":["AscendersBane","Survivor","Neutralize+1","Dagger Throw","Dash","Crippling Poison+1","Skewer+1","Tactician+1","Corpse Explosion","Backflip","Burst","Underhanded Strike","Deflect","Doppelganger","Leg Sweep","Blade Dance","Well Laid Plans","PiercingWail"],"relics":["Ring of the Snake","Happy Flower","Nunchaku","Pandora\u0027s Box","Enchiridion"],"acts_visited":["Exordium","TheCity"],"potions_floor_usage":[24],"damage_taken":[{"damage":9.0,"enemies":"Small Slimes","floor":1.0,"turns":6.0},{"damage":9.0,"enemies":"Cultist","floor":2.0,"turns":4.0},{"damage":0.0,"enemies":"2 Louse","floor":3.0,"turns":3.0},{"damage":5.0,"enemies":"Exordium Thugs","floor":7.0,"turns":4.0},{"damage":1.0,"enemies":"Blue Slaver","floor":11.0,"turns":4.0},{"damage":12.0,"enemies":"3 Sentries","floor":14.0,"turns":7.0},{"damage":37.0,"enemies":"Slime Boss","floor":16.0,"turns":12.0},{"damage":15,"enemies":"2 Thieves","floor":18,"turns":3},{"damage":4,"enemies":"Shell Parasite","floor":19,"turns":6},{"damage":0,"enemies":"Centurion and Healer","floor":20,"turns":4},{"damage":42,"enemies":"Gremlin Leader","floor":24,"turns":4}],"seed_played":"3823919191967303384","potions_obtained":[{"floor":7.0,"key":"ColorlessPotion"},{"floor":11.0,"key":"CunningPotion"},{"floor":16.0,"key":"Strength Potion"},{"floor":18,"key":"CunningPotion"}],"is_trial":false,"path_per_floor":["M","M","M","?","$","R","M","R","T","$","M","R","?","E","R","B",null,"M","M","M","$","?","R","E"],"character_chosen":"THE_SILENT","items_purchased":["Skewer","AttackPotion"],"campfire_rested":2,"item_purchase_floors":[5,10],"current_hp_per_floor":[50,41,41,41,41,41,36,36,36,36,35,54,59,47,47,10,56,41,37,37,37,16,37,0,0],"gold":36,"neow_bonus":"HUNDRED_GOLD","is_daily":false,"chose_seed":false,"campfire_upgraded":3,"win_rate":0.0,"timestamp":1609299219,"path_taken":["M","M","M","?","?","R","M","R","T","$","M","R","?","E","R","BOSS","M","M","M","$","?","R","E"],"items_purchased_type":["Card","Potion"],"build_version":"2020-12-22","purchased_purges":3,"victory":false,"max_hp_per_floor":[66,66,66,66,66,66,66,66,66,66,66,66,71,71,71,71,71,71,71,71,71,71,71,71,71],"card_choices":[{"not_picked":["Poisoned Stab","Outmaneuver"],"picked":"Dagger Throw","floor":1.0},{"not_picked":["Cloak And Dagger","Underhanded Strike"],"picked":"Dash","floor":2.0},{"not_picked":["Distraction","Prepared"],"picked":"Crippling Poison","floor":3.0},{"not_picked":["Cloak And Dagger","Grand Finale"],"picked":"Tactician","floor":7.0},{"not_picked":["Flechettes","Dagger Throw","Poisoned Stab"],"picked":"SKIP","floor":11.0},{"not_picked":["Masterful Stab","Catalyst","Backflip"],"picked":"SKIP","floor":14.0},{"not_picked":["A Thousand Cuts","Wraith Form v2"],"picked":"Corpse Explosion","floor":16.0},{"not_picked":["Blade Dance","Poisoned Stab+1","Slice"],"picked":"SKIP","floor":18},{"not_picked":["Footwork","Prepared"],"picked":"Well Laid Plans","floor":19},{"not_picked":["Dagger Throw+1","Distraction"],"picked":"PiercingWail","floor":20}],"player_experience":1291721,"relics_obtained":[{"floor":9.0,"key":"Happy Flower"},{"floor":14.0,"key":"Nunchaku"},{"floor":22,"key":"Enchiridion"}],"event_choices":[{"damage_healed":0.0,"max_hp_gain":0.0,"max_hp_loss":0.0,"gold_gain":0.0,"event_name":"Accursed Blacksmith","player_choice":"Forge","floor":4.0,"gold_loss":0.0,"damage_taken":0.0,"cards_upgraded":["Crippling Poison"]},{"damage_healed":0.0,"max_hp_gain":5.0,"max_hp_loss":0.0,"gold_gain":0.0,"event_name":"Big Fish","player_choice":"Donut","floor":13.0,"gold_loss":0.0,"damage_taken":0.0},{"damage_healed":0,"gold_gain":0,"player_choice":"Obtained Book","damage_taken":21,"max_hp_gain":0,"max_hp_loss":0,"event_name":"Cursed Tome","floor":22,"gold_loss":0}],"is_beta":false,"boss_relics":[{"not_picked":["Black Star","Philosopher\u0027s Stone"],"picked":"Pandora\u0027s Box"}],"items_purged_floors":[5,10,21],"is_endless":false,"potions_floor_spawned":[7,11,16,18,20],"killed_by":"Gremlin Leader","ascension_level":20}}