{"host":"czyrp3agadxx2eka","time":1609286846,"event":{"mods":["BaseMod","Colored Map","Downfall","Hubris","Infinite Spire","Minty Spire (QoL Compilation)","Replay The Spire","Shop Mod","StSLib","The Construct"],"gold_per_floor":[199,37,51,36,36,21,21,21,38,23,40,40,40],"floor_reached":12,"playtime":860,"items_purged":["sneckomod:TailWhip"],"score":66,"play_id":"3a0919e4-29be-4bd4-87b2-5cdb4e8f16e0","local_time":"20201229220726","is_ascension_mode":false,"campfire_choices":[],"circlet_count":0,"master_deck":["sneckomod:Strike","sneckomod:Strike","sneckomod:Strike","sneckomod:Defend","sneckomod:Defend","sneckomod:Defend","sneckomod:Unknown","sneckomod:Unknown","sneckomod:SoulDraw","sneckomod:UnknownUncommonPower","sneckomod:UnknownWeak","sneckomod:UnknownUncommonSkill","sneckomod:RainOfDice","sneckomod:UnknownUncommonSkill+1","sneckomod:UnknownClassBLUE","sneckomod:RainOfDice","sneckomod:RainOfDice"],"relics":["Replay:M_SmolderingBlood","infinitespire:Cubic Diamond","Letter Opener"],"acts_visited":["Exordium"],"potions_floor_usage":[],"damage_taken":[{"damage":0,"enemies":"downfall:FleeingMerchant","floor":2,"turns":4},{"damage":26,"enemies":"Cultist","floor":3,"turns":9},{"damage":5,"enemies":"downfall:FleeingMerchant","floor":4,"turns":4},{"damage":11,"enemies":"downfall:FleeingMerchant","floor":6,"turns":4},{"damage":7,"enemies":"Small Slimes","floor":9,"turns":4},{"damage":20,"enemies":"downfall:FleeingMerchant","floor":10,"turns":4},{"damage":3,"enemies":"Jaw Worm","floor":11,"turns":5},{"damage":35,"enemies":"Replay:BlueRogue","floor":12,"turns":3}],"seed_played":"-206119611025701015","potions_obtained":[{"floor":9,"key":"Adrenaline Potion"},{"floor":11,"key":"Energy Potion"}],"is_trial":false,"path_per_floor":["R_BF","$","M","$","?","$","T","?","M","$","M","E"],"character_chosen":"THE_SNECKO","items_purchased":["sneckomod:UnknownUncommonPower"],"campfire_rested":0,"item_purchase_floors":[2],"current_hp_per_floor":[99,100,75,71,71,60,60,60,53,33,30,0,0],"gold":40,"neow_bonus":"TEN_PERCENT_HP_BONUS","is_daily":false,"chose_seed":false,"campfire_upgraded":0,"win_rate":0.0,"timestamp":1609286846,"path_taken":["R_BF","$","M","?","?","$","T","?","M","?","M","E"],"items_purchased_type":["Card"],"build_version":"2020-12-22","purchased_purges":1,"victory":false,"max_hp_per_floor":[99,100,101,102,102,102,102,102,102,102,102,102,102],"card_choices":[{"not_picked":["sneckomod:UnknownBlock","sneckomod:SoulRoll"],"picked":"sneckomod:SoulDraw","floor":2},{"not_picked":["sneckomod:Nope","sneckomod:SoulDraw"],"picked":"sneckomod:UnknownWeak","floor":3},{"not_picked":["sneckomod:DefensiveFlair","sneckomod:UnknownClassBLUE"],"picked":"sneckomod:UnknownUncommonSkill","floor":4},{"not_picked":["sneckomod:DangerNoodle","sneckomod:DiceBlock"],"picked":"sneckomod:RainOfDice","floor":6},{"not_picked":["ForeignInfluence","BowlingBash"],"picked":"sneckomod:UnknownClassBLUE","floor":9},{"not_picked":["FlyingSleeves","Tantrum"],"picked":"sneckomod:RainOfDice","floor":10},{"not_picked":["sneckomod:UnknownClassBLUE","Clash"],"picked":"sneckomod:RainOfDice","floor":11}],"player_experience":11330,"relics_obtained":[{"floor":7,"key":"Letter Opener"}],"event_choices":[],"is_beta":false,"boss_relics":[],"items_purged_floors":[2],"is_endless":false,"potions_floor_spawned":[9,11],"killed_by":"Replay:BlueRogue","ascension_level":0}}