{"host":"jrtaucq9moweewpn","time":1609299845,"event":{"mods":["BaseMod","Better Third Choice","Downfall","Duelist Mod","GifTheSpireLib","Minty Spire (QoL Compilation)","Replay The Spire","Shade Mod","StSLib","The Construct","The Cursed"],"gold_per_floor":[116,129,129,129,139,171,171,184,184,184,198,211,188,188,188,291,291,306,323,323,338,357,357,376,466,466,4,22,22,47,47,47,147,147,158,177,196,157,157,157,191,191,218,95,109,109,109,109,109,109],"floor_reached":51,"playtime":3373,"items_purged":["TheCursedMod:Strike_TheCursed"],"score":722,"play_id":"a46f4e9a-caa9-4574-8503-04aa47fba07f","local_time":"20201229214405","is_ascension_mode":false,"campfire_choices":[{"floor":7,"key":"REST"},{"floor":10,"key":"REST"},{"floor":15,"key":"REST"},{"data":"TheCursedMod:AbyssShockwave","floor":23,"key":"SMITH"},{"floor":29,"key":"REST"},{"data":"TheCursedMod:AbyssShockwave","floor":32,"key":"SMITH"},{"data":"TheCursedMod:CursedRelics","floor":40,"key":"SMITH"},{"data":"TheCursedMod:ForbiddenAlchemy","floor":42,"key":"SMITH"}],"circlet_count":0,"master_deck":["TheCursedMod:Strike_TheCursed","TheCursedMod:Strike_TheCursed","TheCursedMod:Strike_TheCursed","TheCursedMod:Defend_TheCursed+1","TheCursedMod:Defend_TheCursed","TheCursedMod:Defend_TheCursed","TheCursedMod:CursedWand","TheCursedMod:CleanUpWorkshop","TheCursedMod:Dregs","TheCursedMod:Obscuration+1","TheCursedMod:SurpriseAttack","TheCursedMod:AbyssShockwave+1","TheCursedMod:AbyssShockwave+1","TheCursedMod:CursedBlade","TheCursedMod:SpitefulStrike","TheCursedMod:CursedShiv","TheCursedMod:DemonicPact","CurseOfTheBell","TheCursedMod:ReleasedStrength","TheCursedMod:CircleOfFlame","TheCursedMod:CursedShiv+1","TheCursedMod:HellfireBreathing","TheCursedMod:CursedRelics+1","TheCursedMod:ForbiddenAlchemy+1","TheCursedMod:SpitefulPlan","Panacea","Parasite","Writhe"],"relics":["TheCursedMod:BlackMagicAdvanced","Bronze Scales","Happy Flower","Anchor","Lantern","Replay:Grab Bag","Busted Crown","ReplayTheSpireMod:Onyx Gauntlets","Calling Bell","Gremlin Food","HornCleat","Counterbalance","construct:RocketBooster","BargainBundle","Shuriken","Gambling Chip","Painkiller Herb","Centennial Puzzle","Pen Nib","ReplayTheSpireMod:ShopPack","Replay:Bottled Flurry"],"acts_visited":["Exordium","TheCity","TheBeyond"],"potions_floor_usage":[6,6,33,33,36,36,41,45,45,45,45,45,45,50,50,50,50],"damage_taken":[{"damage":0,"enemies":"Jaw Worm","floor":1,"turns":4},{"damage":0,"enemies":"Cultist","floor":2,"turns":3},{"damage":0,"enemies":"Small Slimes","floor":5,"turns":3},{"damage":48,"enemies":"Lagavulin","floor":6,"turns":8},{"damage":2,"enemies":"Looter","floor":8,"turns":2},{"damage":0,"enemies":"Lots of Slimes","floor":11,"turns":1},{"damage":0,"enemies":"Exordium Thugs","floor":12,"turns":2},{"damage":57,"enemies":"Hexaghost","floor":16,"turns":9},{"damage":0,"enemies":"Chosen","floor":18,"turns":2},{"damage":0,"enemies":"Shell Parasite","floor":19,"turns":2},{"damage":0,"enemies":"Chosen and Byrds","floor":21,"turns":3},{"damage":0,"enemies":"Snecko","floor":22,"turns":3},{"damage":4,"enemies":"Snake Plant","floor":24,"turns":3},{"damage":0,"enemies":"Centurion and Healer","floor":28,"turns":4},{"damage":0,"enemies":"theDuelist:KaibaA2","floor":30,"turns":2},{"damage":21,"enemies":"Champ","floor":33,"turns":7},{"damage":0,"enemies":"Orb Walker","floor":35,"turns":3},{"damage":0,"enemies":"3 Darklings","floor":36,"turns":2},{"damage":0,"enemies":"4 Shapes","floor":37,"turns":1},{"damage":0,"enemies":"Reptomancer","floor":41,"turns":3},{"damage":0,"enemies":"Writhing Mass","floor":45,"turns":3},{"damage":19,"enemies":"Donu and Deca","floor":50,"turns":5}],"seed_played":"-6167712499763460375","potions_obtained":[{"floor":1,"key":"Ancient Potion"},{"floor":2,"key":"Toxic Potion"},{"floor":16,"key":"GamblersBrew"},{"floor":19,"key":"AttackPotion"},{"floor":24,"key":"Milkshake"},{"floor":33,"key":"Explosive Potion"},{"floor":35,"key":"Toxic Potion"},{"floor":36,"key":"SteroidPotion"},{"floor":41,"key":"EntropicBrew"}],"is_trial":false,"path_per_floor":["M","M","?","$","M","E","R","M","T","R","M","M","$","?","R","B",null,"M","M","?","M","M","R","M","?","T","$","M","R","E","?","R","B",null,"?","?","?","T","?","T","E","T","T","T","?","T","T","?","T","B",null],"character_chosen":"THE_CURSED","items_purchased":["TheCursedMod:CursedShiv","BargainBundle","Shuriken","TheCursedMod:HellfireBreathing","Adrenaline Potion","LifebloodPotion","TheCursedMod:SpitefulPlan","ReplayTheSpireMod:ShopPack"],"campfire_rested":4,"item_purchase_floors":[13,27,27,27,27,27,38,44],"current_hp_per_floor":[75,75,75,75,75,27,49,47,47,69,69,69,69,62,75,18,75,75,75,75,75,75,75,71,59,59,59,59,75,75,75,75,54,75,75,75,75,75,75,75,75,75,75,75,75,75,75,75,75,56],"gold":109,"neow_bonus":"RANDOM_COMMON_RELIC","is_daily":false,"chose_seed":false,"campfire_upgraded":4,"win_rate":0.0,"timestamp":1609299845,"path_taken":["M","M","?","?","M","E","R","M","T","R","M","M","$","?","R","BOSS","M","M","?","M","M","R","M","?","T","$","?","R","E","?","R","BOSS","?","?","?","T","?","T","E","T","T","T","?","?","T","?","T","BOSS"],"items_purchased_type":["Card","Relic","Relic","Card","Potion","Potion","Card","Relic"],"build_version":"2020-12-22","purchased_purges":1,"victory":true,"max_hp_per_floor":[75,75,75,75,75,75,75,75,75,75,75,75,75,75,75,75,75,75,75,75,75,75,75,75,75,75,75,75,75,75,75,75,75,75,75,75,75,75,75,75,75,75,75,75,75,75,75,75,75,75],"card_choices":[{"not_picked":["TheCursedMod:SoulCrush","TheCursedMod:FleshFromBone"],"picked":"TheCursedMod:Obscuration","floor":1},{"not_picked":["TheCursedMod:EmpowerCircles","TheCursedMod:Hemoplague"],"picked":"TheCursedMod:SurpriseAttack","floor":2},{"not_picked":["TheCursedMod:Evocation","TheCursedMod:FleshFromBone","TheCursedMod:CursedMace"],"picked":"SKIP","floor":5},{"not_picked":["TheCursedMod:WearCloak","TheCursedMod:Wield"],"picked":"TheCursedMod:AbyssShockwave","floor":6},{"not_picked":["TheCursedMod:Stretching","TheCursedMod:PrepareRite"],"picked":"TheCursedMod:AbyssShockwave","floor":8},{"not_picked":["TheCursedMod:BloodBarrier","TheCursedMod:CursedMace"],"picked":"TheCursedMod:CursedBlade","floor":11},{"not_picked":["TheCursedMod:RavingStaff","TheCursedMod:VitalStrike"],"picked":"TheCursedMod:SpitefulStrike","floor":12},{"not_picked":["TheCursedMod:ParallelWorld","TheCursedMod:DarkBarrier"],"picked":"TheCursedMod:DemonicPact","floor":16},{"not_picked":[],"picked":"TheCursedMod:ReleasedStrength","floor":18},{"not_picked":["TheCursedMod:VitalStrike"],"picked":"SKIP","floor":19},{"not_picked":[],"picked":"TheCursedMod:CircleOfFlame","floor":21},{"not_picked":["TheCursedMod:RapidMovement"],"picked":"SKIP","floor":22},{"not_picked":[],"picked":"TheCursedMod:CursedShiv","floor":24},{"not_picked":["TheCursedMod:CursedArmor"],"picked":"SKIP","floor":28},{"not_picked":[],"picked":"TheCursedMod:CursedRelics","floor":30},{"not_picked":[],"picked":"TheCursedMod:ForbiddenAlchemy","floor":33},{"not_picked":["TheCursedMod:SmokeScreen+1"],"picked":"SKIP","floor":35},{"not_picked":["TheCursedMod:CursedShiv+1"],"picked":"SKIP","floor":36},{"not_picked":["TheCursedMod:Grudge"],"picked":"SKIP","floor":37},{"not_picked":["TheCursedMod:StunningStrike"],"picked":"SKIP","floor":41},{"not_picked":[],"picked":"Panacea","floor":44},{"not_picked":["TheCursedMod:SpreadPlague+1"],"picked":"SKIP","floor":45}],"player_experience":501716,"relics_obtained":[{"floor":6,"key":"Happy Flower"},{"floor":9,"key":"Anchor"},{"floor":17,"key":"Gremlin Food"},{"floor":17,"key":"HornCleat"},{"floor":17,"key":"Counterbalance"},{"floor":26,"key":"construct:RocketBooster"},{"floor":30,"key":"Gambling Chip"},{"floor":41,"key":"Centennial Puzzle"},{"floor":43,"key":"Pen Nib"},{"floor":46,"key":"Replay:Bottled Flurry"}],"event_choices":[{"cards_removed":["TheCursedMod:Defend_TheCursed"],"damage_healed":0,"gold_gain":0,"player_choice":"Offered Basic","damage_taken":0,"max_hp_gain":0,"max_hp_loss":0,"event_name":"Bonfire Elementals","floor":3,"gold_loss":0},{"damage_healed":0,"gold_gain":0,"player_choice":"Relic ","damage_taken":7,"max_hp_gain":0,"max_hp_loss":0,"event_name":"betterThird:BetterScrap","floor":14,"gold_loss":0,"cards_obtained":["ReplayTheSpireMod:Exploit Weakness"]},{"damage_healed":0,"gold_gain":0,"player_choice":"Ignored","damage_taken":0,"max_hp_gain":0,"max_hp_loss":0,"event_name":"Beggar","floor":20,"gold_loss":0},{"damage_healed":0,"gold_gain":90,"player_choice":"GOLD ","damage_taken":12,"max_hp_gain":0,"max_hp_loss":0,"event_name":"Knowing Skull","floor":25,"potions_obtained":[],"gold_loss":0,"cards_obtained":[]},{"damage_healed":0,"gold_gain":0,"player_choice":"Got Potions","damage_taken":0,"max_hp_gain":0,"max_hp_loss":0,"event_name":"Lab","floor":31,"gold_loss":0},{"damage_healed":0,"gold_gain":0,"player_choice":"Ignored","damage_taken":0,"max_hp_gain":0,"max_hp_loss":0,"event_name":"Purifier","floor":39,"gold_loss":0},{"damage_healed":0,"gold_gain":0,"player_choice":"Memory 1","damage_taken":0,"max_hp_gain":0,"max_hp_loss":0,"event_name":"SensoryStone","floor":48,"gold_loss":0},{"damage_healed":19,"gold_gain":0,"player_choice":"Writhe","damage_taken":0,"max_hp_gain":0,"max_hp_loss":0,"event_name":"Winding Halls","floor":49,"gold_loss":0,"cards_obtained":["Writhe"]}],"is_beta":false,"boss_relics":[{"not_picked":["Tiny House","Snecko Eye"],"picked":"Replay:Grab Bag"},{"not_picked":["ChewingGum","Coffee Dripper"],"picked":"Busted Crown"},{"not_picked":["Philosopher\u0027s Stone","Fusion Hammer"],"picked":"ReplayTheSpireMod:Onyx Gauntlets"},{"not_picked":["SacredBark","construct:WeddingRing"],"picked":"Calling Bell"},{"not_picked":["Ring of Chaos","Astrolabe"],"picked":"TheCursedMod:BlackMagicAdvanced"},{"not_picked":["Honey Jar","ReplayTheSpireMod:DimensionalGlitch"],"picked":"Painkiller Herb"}],"items_purged_floors":[27],"is_endless":false,"potions_floor_spawned":[1,2,16,19,24,28,33,35,36,41],"ascension_level":0}}