{"host":"yfdtuf6ojcxn06xg","time":1609286849,"event":{"mods":["2.2 Compatiblity","AchievementEnabler","BaseMod","Colored Map","Colored Powertips","Downfall","Hermit","JesterMod","Jorbs\u0027s Wanderer Trilogy","Minty Spire (QoL Compilation)","Quick Restart","Rare Cards Sparkle","Relic Stats","Replay The Spire","StSLib","The Cursed","The Disciple","The Hierophant","The Jungle","The Necromancer","The Servant 0.9.4"],"gold_per_floor":[111,61,61,80,99,99,128,147,147,165,177,177,177,22,22,125,125,140,140,140,220,238,266,266,266,266,296,307,317,317,330,330,426,426,445,93,111,134,144,174,247,247,247,274,274,0,0,20,20,20],"floor_reached":51,"playtime":2890,"items_purged":["Strike_G"],"score":832,"play_id":"bf0e6f02-8bf2-4137-b604-3ed0fac74e50","local_time":"20201229190728","is_ascension_mode":true,"campfire_choices":[{"data":"Finisher","floor":6,"key":"SMITH"},{"floor":12,"key":"REST"},{"floor":15,"key":"REST"},{"data":"Blade Dance","floor":24,"key":"SMITH"},{"data":"m_Survivalism","floor":30,"key":"SMITH"},{"data":"PiercingWail","floor":32,"key":"SMITH"},{"floor":42,"key":"REST"},{"floor":45,"key":"REST"},{"data":"Blade Dance","floor":49,"key":"SMITH"}],"circlet_count":0,"master_deck":["Defend_G","Defend_G","Defend_G","Defend_G","Neutralize+1","Pot Of Greed","Pot Of Greed","Hidden Blade","Blade Dance+1","Finisher+1","Deflect","Footwork+1","Calculated Gamble","m_Survivalism+1","A Thousand Cuts+1","Die Die Die+1","ReplayTheSpireMod:From All Sides+1","Glass Knife+1","Cloak And Dagger","Pot Of Greed","Slice+1","Blade Dance+1","Cloak And Dagger","PiercingWail+1","Hidden Blade+1","Glass Knife+1","ReplayTheSpireMod:Shiv Toss+1","Backstab+1","Deflect","Slice+1","Slice+1","Pot Of Greed"],"relics":["Ring of the Snake","Grinning Jar","Tiny Chest","Frozen Egg 2","Lantern","Astrolabe","Ring of Hypnosis","Replay:Bottled Snecko","Durian","Molten Egg 2","Snack Pack","Painkiller Herb","Bottled Lightning","Boot","PreservedInsect","Bottled Flame","Whetstone","Red Mask"],"acts_visited":["Exordium","TheCity","TheBeyond"],"potions_floor_usage":[8,10,27,33,39,40,44,44,50],"damage_taken":[{"damage":4,"enemies":"Jaw Worm","floor":1,"turns":5},{"damage":12,"enemies":"2 Louse","floor":4,"turns":4},{"damage":1,"enemies":"Cultist","floor":5,"turns":3},{"damage":19,"enemies":"3 Sentries","floor":7,"turns":7},{"damage":14,"enemies":"Large Slime","floor":8,"turns":5},{"damage":0,"enemies":"2 Fungi Beasts","floor":10,"turns":2},{"damage":6,"enemies":"Exordium Wildlife","floor":11,"turns":3},{"damage":40,"enemies":"Fading Forest","floor":16,"turns":11},{"damage":2,"enemies":"Chosen","floor":18,"turns":3},{"damage":0,"enemies":"Spheric Guardian","floor":22,"turns":3},{"damage":0,"enemies":"Replay:Snechameleon","floor":23,"turns":6},{"damage":16,"enemies":"Slavers","floor":27,"turns":4},{"damage":7,"enemies":"Centurion and Healer","floor":28,"turns":3},{"damage":0,"enemies":"3 Cultists","floor":29,"turns":3},{"damage":1,"enemies":"Snake Plant","floor":31,"turns":3},{"damage":95,"enemies":"Collector","floor":33,"turns":9},{"damage":11,"enemies":"3 Darklings","floor":35,"turns":4},{"damage":0,"enemies":"3 Shapes","floor":37,"turns":2},{"damage":26,"enemies":"3 Darklings","floor":39,"turns":4},{"damage":15,"enemies":"R_Hoarder","floor":40,"turns":7},{"damage":0,"enemies":"Giant Head","floor":44,"turns":7},{"damage":7,"enemies":"4 Shapes","floor":48,"turns":5},{"damage":55,"enemies":"Awakened One","floor":50,"turns":10}],"seed_played":"8099595762898183027","potions_obtained":[{"floor":5,"key":"FearPotion"},{"floor":7,"key":"Fire Potion"},{"floor":23,"key":"Venom Potion"},{"floor":29,"key":"Block Potion"},{"floor":31,"key":"FairyPotion"},{"floor":33,"key":"Weak Potion"},{"floor":39,"key":"SkillPotion"},{"floor":40,"key":"Weak Potion"},{"floor":41,"key":"Elixir"},{"floor":41,"key":"CultistPotion"},{"floor":41,"key":"ColorlessPotion"}],"is_trial":false,"path_per_floor":["M","?","?","M","M","R","E","M","T","M","M","R","?","$","R","B",null,"M","?","?","T","M","E","R","?","T","E","M","M","R","M","R","B",null,"?","T","?","T","?","E","?","T","T","E","T","?","?","?","T","B",null],"character_chosen":"THE_SILENT","items_purchased":["Lantern","Bottled Lightning","Backstab+1"],"campfire_rested":4,"item_purchase_floors":[14,36,36],"current_hp_per_floor":[66,66,66,54,53,53,34,20,20,20,14,35,35,35,56,24,70,68,68,68,68,68,73,73,73,73,57,56,62,62,65,65,24,75,68,68,72,72,50,43,25,47,47,59,75,75,75,68,68,27],"gold":20,"neow_bonus":"RANDOM_COMMON_RELIC","is_daily":false,"chose_seed":false,"campfire_upgraded":5,"win_rate":0.0,"timestamp":1609286848,"path_taken":["M","?","?","?","M","R","E","M","T","M","M","R","?","$","R","BOSS","M","?","?","?","?","E","R","?","T","E","M","M","R","M","R","BOSS","?","?","?","?","?","E","?","T","T","E","T","?","?","?","T","BOSS"],"items_purchased_type":["Relic","Relic","Card"],"build_version":"2020-12-22","purchased_purges":1,"victory":true,"max_hp_per_floor":[70,70,70,70,70,70,70,70,70,70,70,70,70,70,70,70,70,70,70,70,70,70,75,75,75,75,75,75,75,75,75,75,75,75,75,75,75,75,75,75,75,75,75,75,75,75,75,75,75,75],"relic_stats":{"counters":[23,113],"Astrolabe":["Die Die Die","ReplayTheSpireMod:From All Sides","Glass Knife"],"Tiny Chest":2,"PreservedInsect":125,"Whetstone":["Slice","Neutralize"],"Boot":[64],"obtain_stats":[{"Lantern":14,"Ring of Hypnosis":20,"Astrolabe":17,"Painkiller Herb":34,"PreservedInsect":40,"Whetstone":44,"Frozen Egg 2":9,"Boot":38,"Bottled Flame":43,"Tiny Chest":7,"Molten Egg 2":26,"Durian":23,"Snack Pack":27,"Red Mask":46,"Replay:Bottled Snecko":21,"Bottled Lightning":36,"Grinning Jar":0,"Ring of the Snake":0},{"Lantern":7,"Ring of Hypnosis":9,"Astrolabe":8,"Painkiller Herb":16,"PreservedInsect":20,"Whetstone":21,"Frozen Egg 2":5,"Boot":18,"Bottled Flame":20,"Tiny Chest":4,"Molten Egg 2":11,"Durian":11,"Snack Pack":12,"Red Mask":21,"Replay:Bottled Snecko":9,"Bottled Lightning":17,"Grinning Jar":0,"Ring of the Snake":0},{"Lantern":29,"Ring of Hypnosis":43,"Astrolabe":40,"Painkiller Herb":74,"PreservedInsect":91,"Whetstone":98,"Frozen Egg 2":24,"Boot":80,"Bottled Flame":91,"Tiny Chest":19,"Molten Egg 2":52,"Durian":52,"Snack Pack":56,"Red Mask":98,"Replay:Bottled Snecko":43,"Bottled Lightning":78,"Grinning Jar":0,"Ring of the Snake":0}],"Ring of the Snake":[46]},"card_choices":[{"not_picked":["Leg Sweep","Backflip"],"picked":"Hidden Blade","floor":1},{"not_picked":["Acrobatics","Riddle With Holes"],"picked":"Blade Dance","floor":4},{"not_picked":["Flying Knee","PiercingWail"],"picked":"Finisher","floor":5},{"not_picked":["Backflip","Deadly Poison","Catalyst"],"picked":"SKIP","floor":7},{"not_picked":["Predator","Flechettes"],"picked":"Deflect","floor":8},{"not_picked":["Crippling Poison","Flying Knee"],"picked":"Footwork+1","floor":10},{"not_picked":["Underhanded Strike","Deadly Poison"],"picked":"Calculated Gamble","floor":11},{"not_picked":["Die Die Die","Envenom+1"],"picked":"A Thousand Cuts+1","floor":16},{"not_picked":["Sucker Punch","Bouncing Flask+1"],"picked":"Cloak And Dagger","floor":18},{"not_picked":["Prepared","Underhanded Strike"],"picked":"Slice","floor":22},{"not_picked":["Glass Knife","Eviscerate","Sucker Punch"],"picked":"SKIP","floor":23},{"not_picked":["Deadly Poison+1","Storm of Steel"],"picked":"Cloak And Dagger","floor":27},{"not_picked":["Dash+1","Dodge and Roll"],"picked":"PiercingWail","floor":28},{"not_picked":["Deadly Poison","Bane+1","Poisoned Stab+1"],"picked":"SKIP","floor":29},{"not_picked":["Prepared","Underhanded Strike+1"],"picked":"Hidden Blade+1","floor":31},{"not_picked":["Grand Finale+1","Night Terror"],"picked":"Glass Knife+1","floor":33},{"not_picked":["Slice+1","Deflect"],"picked":"ReplayTheSpireMod:Shiv Toss+1","floor":35},{"not_picked":["Bane+1","Flying Knee+1","Wraith Form v2+1"],"picked":"SKIP","floor":37},{"not_picked":["Flying Knee+1","Underhanded Strike+1"],"picked":"Caltrops+1","floor":39},{"not_picked":["Dodge and Roll+1","Bouncing Flask","Predator+1"],"picked":"SKIP","floor":40},{"not_picked":["Outmaneuver","Draining Mist"],"picked":"Deflect","floor":41},{"not_picked":["Dagger Spray+1","Distraction"],"picked":"Slice+1","floor":44},{"not_picked":["Backflip","Expertise+1"],"picked":"Slice+1","floor":48}],"player_experience":167499,"relics_obtained":[{"floor":7,"key":"Tiny Chest"},{"floor":9,"key":"Frozen Egg 2"},{"floor":20,"key":"Ring of Hypnosis"},{"floor":21,"key":"Replay:Bottled Snecko"},{"floor":23,"key":"Durian"},{"floor":26,"key":"Molten Egg 2"},{"floor":27,"key":"Snack Pack"},{"floor":38,"key":"Boot"},{"floor":40,"key":"PreservedInsect"},{"floor":43,"key":"Bottled Flame"},{"floor":44,"key":"Whetstone"}],"event_choices":[{"cards_removed":["Strike_G"],"damage_healed":0,"gold_gain":0,"player_choice":"Card Removal","damage_taken":0,"max_hp_gain":0,"max_hp_loss":0,"event_name":"The Cleric","floor":2,"gold_loss":50},{"damage_healed":0,"gold_gain":0,"player_choice":"Bought 0 Potions","damage_taken":0,"max_hp_gain":0,"max_hp_loss":0,"event_name":"The Woman in Blue","floor":3,"gold_loss":0},{"damage_healed":0,"gold_gain":0,"cards_transformed":["Strike_G"],"player_choice":"Transformed","damage_taken":0,"max_hp_gain":0,"max_hp_loss":0,"event_name":"Transmorgrifier","floor":25,"gold_loss":0,"cards_obtained":["Blade Dance"]},{"damage_healed":0,"gold_gain":0,"player_choice":"Paid","damage_taken":0,"relics_obtained":["Red Mask"],"max_hp_gain":0,"max_hp_loss":0,"event_name":"Tomb of Lord Red Mask","floor":46,"gold_loss":274},{"cards_removed":["Caltrops"],"damage_healed":0,"gold_gain":0,"player_choice":"Removed Power","damage_taken":0,"max_hp_gain":0,"max_hp_loss":0,"event_name":"Falling","floor":47,"gold_loss":0}],"is_beta":false,"boss_relics":[{"not_picked":["Replay:Grab Bag","jesterMod:MachoBrace"],"picked":"Astrolabe"},{"not_picked":["Tiny House","Fusion Hammer"],"picked":"Painkiller Herb"}],"items_purged_floors":[36],"is_endless":false,"potions_floor_spawned":[5,7,23,29,31,33,39,40],"ascension_level":1}}