{"host":"mcdusr64esz012l0","time":1609368020,"event":{"mods":["BaseMod","Minty Spire (QoL Compilation)","Relic Stats"],"gold_per_floor":[110,130,130,149,165,165,192,254,254,268,296,296,321,333,333,411,411,423,423,433,115,128,154,154,166,166,198,198,198,198,228,228,309,309,327,384,56,70,0,35,51,84,107,141,162,194,194,226,226,226,226,226,69,100,100],"floor_reached":56,"playtime":1903,"items_purged":["Strike_P","Strike_P"],"score":3101,"play_id":"01a467df-969b-42b0-95e5-77987cb09fd8","local_time":"20201230174020","is_ascension_mode":true,"campfire_choices":[{"data":"Eruption","floor":6.0,"key":"SMITH"},{"data":"Vault","floor":12.0,"key":"SMITH"},{"data":"Vigilance","floor":15.0,"key":"SMITH"},{"data":"Scrawl","floor":24.0,"key":"SMITH"},{"data":"MentalFortress","floor":29.0,"key":"SMITH"},{"data":"MentalFortress","floor":32.0,"key":"SMITH"},{"floor":49.0,"key":"RECALL"},{"data":"InnerPeace","floor":52.0,"key":"SMITH"}],"circlet_count":0,"master_deck":["AscendersBane","Strike_P+1","Strike_P+1","Defend_P","Defend_P","Eruption+1","Vigilance+1","CurseOfTheBell","FollowUp+1","JustLucky+1","Vault+1","Conclude+1","CutThroughFate+1","FlurryOfBlows+1","EmptyFist+1","TalkToTheHand+1","Tantrum+1","TalkToTheHand+1","Scrawl+1","FlurryOfBlows+1","MentalFortress+1","Tantrum+1","TalkToTheHand+1","InnerPeace+1","MentalFortress+1","Ragnarok+1","TalkToTheHand+1","Tantrum+1","CrushJoints+1","JustLucky+1"],"relics":["Calling Bell","Potion Belt","Molten Egg 2","Du-Vu Doll","FossilizedHelix","Ice Cream","Incense Burner","Mercury Hourglass","Strawberry","Black Star","ClockworkSouvenir","Matryoshka","Bottled Lightning","Blood Vial","Happy Flower","Lantern","CeramicFish","MutagenicStrength","Boot","Bird Faced Urn","Eternal Feather","Ancient Tea Set","VioletLotus","Turnip","Vajra","Red Mask","InkBottle","Whetstone","Ginger","TeardropLocket","Frozen Egg 2","Torii","HornCleat","Pantograph","Unceasing Top","Omamori","Strange Spoon","Akabeko","Art of War"],"acts_visited":["Exordium","TheCity","TheBeyond","TheEnding"],"potions_floor_usage":[55,55],"damage_taken":[{"damage":0.0,"enemies":"Jaw Worm","floor":1.0,"turns":5.0},{"damage":1.0,"enemies":"Cultist","floor":2.0,"turns":3.0},{"damage":0.0,"enemies":"Small Slimes","floor":4.0,"turns":1.0},{"damage":0.0,"enemies":"Exordium Wildlife","floor":5.0,"turns":2.0},{"damage":0.0,"enemies":"Lagavulin","floor":7.0,"turns":3.0},{"damage":0.0,"enemies":"Gremlin Nob","floor":8.0,"turns":2.0},{"damage":0.0,"enemies":"3 Louse","floor":10.0,"turns":1.0},{"damage":0.0,"enemies":"Gremlin Nob","floor":11.0,"turns":2.0},{"damage":0.0,"enemies":"3 Sentries","floor":13.0,"turns":3.0},{"damage":0.0,"enemies":"Large Slime","floor":14.0,"turns":1.0},{"damage":6.0,"enemies":"The Guardian","floor":16.0,"turns":4.0},{"damage":0.0,"enemies":"3 Byrds","floor":18.0,"turns":3.0},{"damage":0.0,"enemies":"Shell Parasite","floor":20.0,"turns":2.0},{"damage":0.0,"enemies":"Centurion and Healer","floor":22.0,"turns":2.0},{"damage":0.0,"enemies":"Book of Stabbing","floor":23.0,"turns":3.0},{"damage":0.0,"enemies":"Chosen and Byrds","floor":25.0,"turns":2.0},{"damage":0.0,"enemies":"Gremlin Leader","floor":27.0,"turns":4.0},{"damage":0.0,"enemies":"Book of Stabbing","floor":31.0,"turns":3.0},{"damage":0.0,"enemies":"Collector","floor":33.0,"turns":1.0},{"damage":0.0,"enemies":"3 Darklings","floor":35.0,"turns":1.0},{"damage":0.0,"enemies":"2 Orb Walkers","floor":36.0,"turns":2.0},{"damage":0.0,"enemies":"Orb Walker","floor":38.0,"turns":1.0},{"damage":0.0,"enemies":"Giant Head","floor":40.0,"turns":1.0},{"damage":11.0,"enemies":"4 Shapes","floor":41.0,"turns":3.0},{"damage":0.0,"enemies":"Nemesis","floor":42.0,"turns":3.0},{"damage":0.0,"enemies":"Giant Head","floor":44.0,"turns":1.0},{"damage":0.0,"enemies":"Sphere and 2 Shapes","floor":45.0,"turns":1.0},{"damage":0.0,"enemies":"Reptomancer","floor":46.0,"turns":2.0},{"damage":0.0,"enemies":"Nemesis","floor":48.0,"turns":1.0},{"damage":12.0,"enemies":"Awakened One","floor":50.0,"turns":4.0},{"damage":0.0,"enemies":"Shield and Spear","floor":54.0,"turns":1.0},{"damage":49,"enemies":"The Heart","floor":55,"turns":7}],"seed_played":"3813768535242888149","potions_obtained":[{"floor":7.0,"key":"LiquidMemories"},{"floor":8.0,"key":"StancePotion"},{"floor":11.0,"key":"BlessingOfTheForge"},{"floor":14.0,"key":"FearPotion"},{"floor":18.0,"key":"Fire Potion"},{"floor":25.0,"key":"BlessingOfTheForge"},{"floor":31.0,"key":"FearPotion"},{"floor":33.0,"key":"Energy Potion"},{"floor":38.0,"key":"Dexterity Potion"},{"floor":41.0,"key":"Explosive Potion"},{"floor":48.0,"key":"SteroidPotion"},{"floor":54.0,"key":"Energy Potion"}],"is_trial":false,"path_per_floor":["M","M","?","M","M","R","E","?","T","M","E","R","E","M","R","B",null,"M","?","M","$","M","E","R","M","T","E","?","R","T","E","R","B",null,"M","?","$","M","?","E","M","E","T","E","M","E","?","E","R","B",null,"R","$","E","B",null],"character_chosen":"WATCHER","items_purchased":["Tantrum+1","ClockworkSouvenir","Vajra","Tantrum+1","Strange Spoon"],"campfire_rested":0,"item_purchase_floors":[21,21,37,37,53],"current_hp_per_floor":[61,60,60,60,60,60,60,60,60,60,60,60,67,67,67,61,72,72,72,72,72,72,72,72,72,72,74,74,74,74,75,75,75,75,75,75,75,75,75,75,66,70,70,72,75,75,75,75,75,67,73,75,75,75,26],"gold":100,"neow_bonus":"BOSS_RELIC","is_daily":false,"chose_seed":false,"campfire_upgraded":7,"win_rate":0.0,"timestamp":1609368020,"path_taken":["M","M","?","?","M","R","E","?","T","M","E","R","E","M","R","BOSS","M","?","M","$","M","E","R","?","T","E","?","R","?","E","R","BOSS","M","?","$","M","?","E","M","E","T","E","M","E","?","E","R","BOSS","R","$","E","BOSS"],"items_purchased_type":["Card","Relic","Relic","Card","Relic"],"build_version":"2020-12-22","purchased_purges":2,"victory":true,"max_hp_per_floor":[68,68,68,68,68,68,68,68,68,68,68,68,75,75,75,75,75,75,75,75,75,75,75,75,75,75,75,75,75,75,75,75,75,75,75,75,75,75,75,75,75,75,75,75,75,75,75,75,75,75,75,75,75,75,75],"relic_stats":{"Happy Flower":[12],"Torii":0,"counters":[32,74],"CeramicFish":45,"Eternal Feather":2,"Whetstone":["Strike_P","Strike_P"],"Ginger":[2],"Boot":[12],"Mercury Hourglass":[261],"Blood Vial":9,"Strange Spoon":[5],"Bird Faced Urn":[9],"Pantograph":0,"VioletLotus":[18],"Turnip":[2],"Black Star":9,"Art of War":[0],"obtain_stats":[{"Ice Cream":8,"Lantern":27,"Torii":44,"CeramicFish":27,"Vajra":37,"Incense Burner":9,"Whetstone":40,"Ginger":42,"TeardropLocket":42,"Boot":30,"Ancient Tea Set":31,"ClockworkSouvenir":21,"Blood Vial":26,"Matryoshka":23,"HornCleat":46,"Strawberry":13,"Pantograph":46,"VioletLotus":34,"Red Mask":39,"InkBottle":40,"Potion Belt":0,"Happy Flower":26,"Eternal Feather":31,"Omamori":48,"Frozen Egg 2":44,"Akabeko":54,"Mercury Hourglass":11,"Calling Bell":0,"Du-Vu Doll":0,"Strange Spoon":53,"MutagenicStrength":28,"Bird Faced Urn":30,"Molten Egg 2":0,"Turnip":36,"Black Star":17,"Art of War":54,"Bottled Lightning":23,"PureWater":0,"FossilizedHelix":7,"Unceasing Top":48},{"Ice Cream":6,"Lantern":17,"Torii":26,"CeramicFish":17,"Vajra":21,"Incense Burner":6,"Whetstone":23,"Ginger":25,"TeardropLocket":25,"Boot":17,"Ancient Tea Set":18,"ClockworkSouvenir":13,"Blood Vial":16,"Matryoshka":15,"HornCleat":28,"Strawberry":9,"Pantograph":28,"VioletLotus":19,"Red Mask":22,"InkBottle":23,"Potion Belt":0,"Happy Flower":16,"Eternal Feather":18,"Omamori":29,"Frozen Egg 2":26,"Akabeko":31,"Mercury Hourglass":8,"Calling Bell":0,"Du-Vu Doll":0,"Strange Spoon":30,"MutagenicStrength":17,"Bird Faced Urn":17,"Molten Egg 2":0,"Turnip":21,"Black Star":11,"Art of War":31,"Bottled Lightning":15,"PureWater":0,"FossilizedHelix":5,"Unceasing Top":29},{"Ice Cream":16,"Lantern":43,"Torii":58,"CeramicFish":43,"Vajra":50,"Incense Burner":16,"Whetstone":52,"Ginger":57,"TeardropLocket":57,"Boot":43,"Ancient Tea Set":46,"ClockworkSouvenir":32,"Blood Vial":39,"Matryoshka":37,"HornCleat":61,"Strawberry":22,"Pantograph":61,"VioletLotus":47,"Red Mask":51,"InkBottle":52,"Potion Belt":0,"Happy Flower":39,"Eternal Feather":46,"Omamori":62,"Frozen Egg 2":58,"Akabeko":67,"Mercury Hourglass":19,"Calling Bell":0,"Du-Vu Doll":0,"Strange Spoon":66,"MutagenicStrength":43,"Bird Faced Urn":43,"Molten Egg 2":0,"Turnip":50,"Black Star":27,"Art of War":67,"Bottled Lightning":37,"PureWater":0,"FossilizedHelix":14,"Unceasing Top":62}],"InkBottle":[12],"Unceasing Top":[0]},"card_choices":[{"not_picked":["Prostrate","WaveOfTheHand"],"picked":"FollowUp+1","floor":1.0},{"not_picked":["PathToVictory","Prostrate"],"picked":"JustLucky+1","floor":2.0},{"not_picked":["ThirdEye","Worship"],"picked":"Vault","floor":4.0},{"not_picked":["ReachHeaven+1","SashWhip+1"],"picked":"Conclude+1","floor":5.0},{"not_picked":["Sanctity","Study"],"picked":"CutThroughFate+1","floor":7.0},{"not_picked":["EmptyBody","EmptyFist+1"],"picked":"FlurryOfBlows+1","floor":8.0},{"not_picked":["SandsOfTime+1","Halt"],"picked":"EmptyFist+1","floor":10.0},{"not_picked":["JustLucky+1","Vault"],"picked":"TalkToTheHand+1","floor":11.0},{"not_picked":["CrushJoints+1","EmptyBody"],"picked":"Tantrum+1","floor":13.0},{"not_picked":["ClearTheMind","Prostrate"],"picked":"TalkToTheHand+1","floor":14.0},{"not_picked":["Blasphemy","Alpha"],"picked":"Scrawl","floor":16.0},{"not_picked":["ClearTheMind","CutThroughFate+1"],"picked":"FlurryOfBlows+1","floor":18.0},{"not_picked":["WindmillStrike+1","Meditate"],"picked":"MentalFortress","floor":20.0},{"not_picked":["Prostrate","JustLucky+1"],"picked":"TalkToTheHand+1","floor":22.0},{"not_picked":["Pray","Worship"],"picked":"InnerPeace","floor":23.0},{"not_picked":["WindmillStrike+1","ThirdEye"],"picked":"MentalFortress","floor":25.0},{"not_picked":["SashWhip+1","Perseverance","WindmillStrike+1"],"picked":"SKIP","floor":27.0},{"not_picked":["ReachHeaven+1","Swivel","Judgement"],"picked":"SKIP","floor":31.0},{"not_picked":["Alpha","Brilliance+1"],"picked":"Ragnarok+1","floor":33.0},{"not_picked":["BattleHymn+1","WindmillStrike+1","Prostrate"],"picked":"SKIP","floor":35.0},{"not_picked":["CutThroughFate+1","FlyingSleeves+1"],"picked":"TalkToTheHand+1","floor":36.0},{"not_picked":["Prostrate+1","ReachHeaven+1","PathToVictory+1"],"picked":"SKIP","floor":38.0},{"not_picked":["EmptyBody","Conclude+1"],"picked":"CrushJoints+1","floor":40.0},{"not_picked":["CrushJoints+1","Prostrate","LessonLearned+1"],"picked":"SKIP","floor":41.0},{"not_picked":["EmptyFist+1","Nirvana","FlyingSleeves+1"],"picked":"SKIP","floor":42.0},{"not_picked":["Weave+1","Evaluate","Protect"],"picked":"SKIP","floor":44.0},{"not_picked":["SignatureMove+1","ClearTheMind+1"],"picked":"JustLucky+1","floor":45.0},{"not_picked":["LikeWater+1","Indignation","EmptyFist+1"],"picked":"SKIP","floor":46.0},{"not_picked":["EmptyBody","LessonLearned+1","BattleHymn+1"],"picked":"SKIP","floor":48.0},{"not_picked":["Consecrate+1","ClearTheMind","Protect"],"picked":"SKIP","floor":54.0}],"player_experience":1017867,"relics_obtained":[{"floor":0.0,"key":"Potion Belt"},{"floor":0.0,"key":"Molten Egg 2"},{"floor":0.0,"key":"Du-Vu Doll"},{"floor":7.0,"key":"FossilizedHelix"},{"floor":8.0,"key":"Ice Cream"},{"floor":9.0,"key":"Incense Burner"},{"floor":11.0,"key":"Mercury Hourglass"},{"floor":13.0,"key":"Strawberry"},{"floor":23.0,"key":"Matryoshka"},{"floor":23.0,"key":"Bottled Lightning"},{"floor":26.0,"key":"Blood Vial"},{"floor":26.0,"key":"Happy Flower"},{"floor":27.0,"key":"Lantern"},{"floor":27.0,"key":"CeramicFish"},{"floor":30.0,"key":"Boot"},{"floor":30.0,"key":"Bird Faced Urn"},{"floor":31.0,"key":"Eternal Feather"},{"floor":31.0,"key":"Ancient Tea Set"},{"floor":36.0,"key":"Turnip"},{"floor":40.0,"key":"InkBottle"},{"floor":40.0,"key":"Whetstone"},{"floor":42.0,"key":"Ginger"},{"floor":42.0,"key":"TeardropLocket"},{"floor":44.0,"key":"Frozen Egg 2"},{"floor":44.0,"key":"Torii"},{"floor":46.0,"key":"HornCleat"},{"floor":46.0,"key":"Pantograph"},{"floor":48.0,"key":"Unceasing Top"},{"floor":48.0,"key":"Omamori"},{"floor":54.0,"key":"Akabeko"},{"floor":54.0,"key":"Art of War"}],"event_choices":[{"cards_removed":["Defend_P"],"damage_healed":0.0,"max_hp_gain":0.0,"max_hp_loss":0.0,"gold_gain":0.0,"event_name":"Purifier","player_choice":"Purged","floor":3.0,"gold_loss":0.0,"damage_taken":0.0},{"damage_healed":0.0,"max_hp_gain":0.0,"max_hp_loss":0.0,"gold_gain":30.0,"event_name":"Dead Adventurer","player_choice":"Searched \u00272\u0027 times","floor":8.0,"gold_loss":0.0,"damage_taken":0.0},{"damage_healed":0.0,"max_hp_gain":0.0,"max_hp_loss":0.0,"gold_gain":0.0,"event_name":"N\u0027loth","player_choice":"Ignored","floor":19.0,"gold_loss":0.0,"damage_taken":0.0},{"damage_healed":0.0,"max_hp_gain":0.0,"max_hp_loss":0.0,"gold_gain":0.0,"event_name":"Drug Dealer","player_choice":"Inject Mutagens","floor":28.0,"gold_loss":0.0,"damage_taken":0.0,"relics_obtained":["MutagenicStrength"]},{"damage_healed":0.0,"max_hp_gain":0.0,"max_hp_loss":0.0,"gold_gain":0.0,"event_name":"Mysterious Sphere","player_choice":"Fight","floor":36.0,"gold_loss":0.0,"damage_taken":0.0},{"damage_healed":0.0,"max_hp_gain":0.0,"max_hp_loss":0.0,"gold_gain":0.0,"event_name":"Tomb of Lord Red Mask","player_choice":"Paid","floor":39.0,"gold_loss":70.0,"damage_taken":0.0,"relics_obtained":["Red Mask"]},{"cards_removed":["Defend_P"],"damage_healed":0.0,"max_hp_gain":0.0,"max_hp_loss":0.0,"gold_gain":0.0,"event_name":"Falling","player_choice":"Removed Skill","floor":47.0,"gold_loss":0.0,"damage_taken":0.0}],"is_beta":false,"boss_relics":[{"not_picked":["Snecko Eye","Empty Cage"],"picked":"Black Star"},{"not_picked":["Runic Dome","Runic Pyramid"],"picked":"VioletLotus"}],"items_purged_floors":[21,37],"is_endless":false,"potions_floor_spawned":[7,8,11,14,18,25,31,33,38,41,48,54],"ascension_level":19}}