{"host":"ujyomg7d1f18u2we","time":1609295377,"event":{"mods":["AchievementEnabler","AlwaysNeverKeys","Aspiration","BaseMod","Colored Map","DeckTracker","Gremlin Skip","Highlight Path","Hubris","Minty Spire (QoL Compilation)","Quick Restart","Random Character Button","StSLib"],"gold_per_floor":[118,118,78,101,115,151,171,171,171,171,171,187,214,235,235,235,235],"floor_reached":16,"playtime":321,"items_purged":[],"score":102,"play_id":"15f605b9-fa3e-4195-b9a5-72c752fca3e6","local_time":"20201229232937","is_ascension_mode":false,"campfire_choices":[{"floor":8,"key":"REST"},{"data":"Dualcast","floor":15,"key":"SMITH"}],"circlet_count":0,"master_deck":["Strike_B","Strike_B","Strike_B","Strike_B","Defend_B","Defend_B","Defend_B","Zap","Dualcast+1","Hologram","Auto Shields","Self Repair"],"relics":["Cracked Core","aspiration:Nostalgia","Burning Blood","Golden Idol","Bag of Preparation","Pantograph","Smiling Mask"],"acts_visited":["Exordium"],"potions_floor_usage":[7,12,16,16],"damage_taken":[{"damage":1,"enemies":"Cultist","floor":1,"turns":3},{"damage":0,"enemies":"2 Louse","floor":4,"turns":2},{"damage":5,"enemies":"Small Slimes","floor":5,"turns":3},{"damage":44,"enemies":"Gremlin Nob","floor":6,"turns":5},{"damage":3,"enemies":"Red Slaver","floor":7,"turns":3},{"damage":0,"enemies":"Exordium Wildlife","floor":12,"turns":4},{"damage":26,"enemies":"Lots of Slimes","floor":14,"turns":5},{"damage":24,"enemies":"Hexaghost","floor":16,"turns":8}],"seed_played":"1080130792153259437","potions_obtained":[{"floor":3,"key":"FairyPotion"},{"floor":3,"key":"PotionOfCapacity"},{"floor":3,"key":"Dexterity Potion"},{"floor":6,"key":"AttackPotion"},{"floor":7,"key":"DuplicationPotion"},{"floor":14,"key":"SpeedPotion"}],"is_trial":false,"path_per_floor":["M","?","?","M","M","E","M","R","T","$","?","M","T","M","R","B"],"character_chosen":"DEFECT","items_purchased":[],"campfire_rested":1,"item_purchase_floors":[],"current_hp_per_floor":[75,57,57,63,64,26,29,51,51,51,51,57,57,44,44,45,45],"gold":235,"neow_bonus":"NOSTALGIA","is_daily":false,"chose_seed":false,"campfire_upgraded":1,"win_rate":0.0,"timestamp":1609295377,"path_taken":["M","?","?","M","?","E","M","R","T","$","?","?","?","M","R","BOSS"],"items_purchased_type":[],"build_version":"2020-12-22","purchased_purges":0,"victory":false,"max_hp_per_floor":[75,75,75,75,75,75,75,75,75,75,75,75,75,75,75,75,75],"card_choices":[{"not_picked":["Stack","Coolheaded"],"picked":"Hologram","floor":1},{"not_picked":["Genetic Algorithm","Undo","Steam Power"],"picked":"SKIP","floor":4},{"not_picked":["Cold Snap","Reinforced Body","Sweeping Beam"],"picked":"SKIP","floor":5},{"not_picked":["Consume","Hologram","Turbo"],"picked":"SKIP","floor":6},{"not_picked":["Cold Snap","Multi-Cast"],"picked":"Auto Shields","floor":7},{"not_picked":["Cold Snap","Reprogram"],"picked":"Self Repair","floor":12},{"not_picked":["Hologram","Force Field","Redo"],"picked":"SKIP","floor":14}],"player_experience":1567717,"relics_obtained":[{"floor":6,"key":"Bag of Preparation"},{"floor":9,"key":"Pantograph"},{"floor":13,"key":"Smiling Mask"}],"event_choices":[{"damage_healed":0,"gold_gain":0,"player_choice":"Take Damage","damage_taken":18,"relics_obtained":["Golden Idol"],"max_hp_gain":0,"max_hp_loss":0,"event_name":"Golden Idol","floor":2,"gold_loss":0},{"damage_healed":0,"gold_gain":0,"player_choice":"Bought 3 Potions","damage_taken":0,"max_hp_gain":0,"max_hp_loss":0,"event_name":"The Woman in Blue","floor":3,"gold_loss":0},{"cards_removed":["Defend_B"],"damage_healed":0,"gold_gain":0,"player_choice":"Purged","damage_taken":0,"max_hp_gain":0,"max_hp_loss":0,"event_name":"Purifier","floor":11,"gold_loss":0}],"is_beta":false,"boss_relics":[],"items_purged_floors":[],"is_endless":false,"potions_floor_spawned":[6,7,14],"killed_by":"Hexaghost","ascension_level":0}}