{"host":"s41rn2jhghpwfrvz","time":1609370222,"event":{"mods":["BaseMod","Minty Spire (QoL Compilation)","Quick Restart","Relic Stats","SuperFastMode"],"gold_per_floor":[119,119,44,105,120,120,146,158,158,264,292,0,29,47,47,118,118,132,182,246,346,396,426,445,470,494,522,599,629,699,734,734,812,812,830,880,891,729,779,806,806,687,687,718,735,735,522,535,535,535,535,535,535,25,52,52],"floor_reached":57,"playtime":2684,"items_purged":["Anger","BootSequence+1","Consecrate+1"],"score":3727,"play_id":"d629109e-7a48-45e1-8edc-ff7a4f08e3c3","local_time":"20201231011702","daily_mods":["SealedDeck","Diverse","Elite Swarm"],"is_ascension_mode":true,"campfire_choices":[{"data":"Consecrate","floor":6,"key":"SMITH"},{"data":"Turbo","floor":15,"key":"SMITH"},{"floor":32,"key":"RECALL"},{"floor":41,"key":"REST"},{"floor":46,"key":"REST"},{"floor":49,"key":"REST"},{"floor":53,"key":"REST"}],"circlet_count":0,"master_deck":["AscendersBane","Inflame+1","Go for the Eyes+1","Sanctity+1","Well Laid Plans+1","Backflip+1","Backflip+1","LessonLearned+1","Echo Form+1","Establishment+1","Barricade+1","Scrawl+1","Undo+1","Quick Slash+1","True Grit+1"],"relics":["Burning Blood","SsserpentHead","Toy Ornithopter","Frozen Egg 2","TungstenRod","Eternal Feather","WingedGreaves","StrikeDummy","SacredBark","FossilizedHelix","Paper Frog","Pen Nib","Vajra","Regal Pillow","Self Forming Clay","Fusion Hammer","Pocketwatch","Centennial Puzzle","Champion Belt","Anchor","Kunai","War Paint","TheAbacus","Bag of Preparation","Lantern"],"acts_visited":["Exordium","TheCity","TheBeyond","TheEnding"],"potions_floor_usage":[23,23,30,37,40,56,56,56],"damage_taken":[{"damage":0,"enemies":"Cultist","floor":1,"turns":2},{"damage":0,"enemies":"Jaw Worm","floor":4,"turns":3},{"damage":2,"enemies":"Small Slimes","floor":5,"turns":3},{"damage":11,"enemies":"3 Sentries","floor":7,"turns":6},{"damage":0,"enemies":"Blue Slaver","floor":8,"turns":2},{"damage":0,"enemies":"Gremlin Nob","floor":10,"turns":3},{"damage":0,"enemies":"Lagavulin","floor":11,"turns":4},{"damage":0,"enemies":"Gremlin Nob","floor":13,"turns":3},{"damage":0,"enemies":"Looter","floor":14,"turns":2},{"damage":14,"enemies":"Slime Boss","floor":16,"turns":8},{"damage":0,"enemies":"3 Byrds","floor":18,"turns":3},{"damage":0,"enemies":"2 Thieves","floor":20,"turns":3},{"damage":0,"enemies":"Slavers","floor":23,"turns":2},{"damage":26,"enemies":"Snecko","floor":24,"turns":9},{"damage":0,"enemies":"Book of Stabbing","floor":25,"turns":5},{"damage":0,"enemies":"Gremlin Leader","floor":27,"turns":4},{"damage":0,"enemies":"Book of Stabbing","floor":29,"turns":4},{"damage":0,"enemies":"3 Cultists","floor":30,"turns":3},{"damage":7,"enemies":"Gremlin Leader","floor":31,"turns":4},{"damage":0,"enemies":"Collector","floor":33,"turns":7},{"damage":0,"enemies":"3 Darklings","floor":35,"turns":3},{"damage":0,"enemies":"3 Shapes","floor":37,"turns":4},{"damage":0,"enemies":"Reptomancer","floor":40,"turns":6},{"damage":0,"enemies":"Giant Head","floor":44,"turns":6},{"damage":0,"enemies":"Sphere and 2 Shapes","floor":45,"turns":3},{"damage":0,"enemies":"Transient","floor":48,"turns":6},{"damage":0,"enemies":"Time Eater","floor":50,"turns":12},{"damage":0,"enemies":"Awakened One","floor":51,"turns":6},{"damage":11,"enemies":"Shield and Spear","floor":55,"turns":4},{"damage":9,"enemies":"The Heart","floor":56,"turns":7}],"seed_played":"-7553022319818630976","potions_obtained":[{"floor":4,"key":"Swift Potion"},{"floor":7,"key":"Explosive Potion"},{"floor":11,"key":"Strength Potion"},{"floor":18,"key":"Fire Potion"},{"floor":24,"key":"Fruit Juice"},{"floor":25,"key":"Swift Potion"},{"floor":30,"key":"EntropicBrew"},{"floor":37,"key":"Swift Potion"},{"floor":44,"key":"Fire Potion"}],"is_trial":true,"path_per_floor":["M","?","$","M","M","R","E","M","T","?","E","$","E","M","R","B",null,"M","?","M","?","?","E","M","E","T","E","T","E","M","E","R","B",null,"M","T","M","$","?","E","R","$","T","E","M","R","$","M","R","B","B",null,"R","$","E","B",null],"character_chosen":"IRONCLAD","items_purchased":["WingedGreaves","Centennial Puzzle","Anchor","EntropicBrew","TheAbacus","Bag of Preparation","True Grit"],"campfire_rested":4,"item_purchase_floors":[12,38,42,47,54,54,54],"current_hp_per_floor":[74,74,74,75,75,75,70,75,75,75,75,75,75,75,75,67,73,75,75,75,75,75,75,55,61,61,67,67,73,85,84,85,85,85,85,85,85,85,85,85,85,85,85,85,85,85,85,85,85,85,85,85,85,85,80,82],"gold":52,"neow_bonus":"","is_daily":false,"chose_seed":false,"campfire_upgraded":2,"win_rate":0.0,"timestamp":1609370222,"path_taken":["M","?","$","?","M","R","E","M","T","?","E","?","E","M","R","BOSS","M","?","?","?","?","E","M","E","T","E","?","E","?","E","R","BOSS","M","?","M","$","?","E","R","?","T","E","M","R","$","M","R","BOSS","BOSS","R","$","E","BOSS"],"items_purchased_type":["Relic","Relic","Relic","Potion","Relic","Relic","Card"],"build_version":"2020-12-22","purchased_purges":3,"victory":true,"max_hp_per_floor":[75,75,75,75,75,75,75,75,75,75,75,75,75,75,75,75,75,75,75,75,75,75,75,75,75,75,75,75,75,85,85,85,85,85,85,85,85,85,85,85,85,85,85,85,85,85,85,85,85,85,85,85,85,85,85,85],"relic_stats":{"Regal Pillow":0,"counters":[30,137],"Self Forming Clay":[33],"Eternal Feather":1,"Pen Nib":[36],"Bag of Preparation":[4],"War Paint":["Scrawl"],"Burning Blood":72,"SsserpentHead":600,"Centennial Puzzle":[6],"TheAbacus":[756],"Champion Belt":[0],"Kunai":[68],"obtain_stats":[{"Regal Pillow":29,"Lantern":55,"SacredBark":17,"Vajra":28,"Bag of Preparation":54,"Burning Blood":0,"SsserpentHead":2,"Centennial Puzzle":38,"TheAbacus":54,"WingedGreaves":12,"Fusion Hammer":34,"Kunai":43,"Paper Frog":25,"Self Forming Clay":31,"Eternal Feather":11,"Pen Nib":27,"Frozen Egg 2":9,"War Paint":44,"Anchor":42,"Champion Belt":40,"StrikeDummy":13,"Toy Ornithopter":7,"TungstenRod":10,"FossilizedHelix":23,"Pocketwatch":36},{"Regal Pillow":17,"Lantern":29,"SacredBark":10,"Vajra":16,"Bag of Preparation":28,"Burning Blood":0,"SsserpentHead":1,"Centennial Puzzle":22,"TheAbacus":28,"WingedGreaves":7,"Fusion Hammer":20,"Kunai":23,"Paper Frog":15,"Self Forming Clay":19,"Eternal Feather":7,"Pen Nib":16,"Frozen Egg 2":5,"War Paint":24,"Anchor":23,"Champion Belt":23,"StrikeDummy":8,"Toy Ornithopter":4,"TungstenRod":5,"FossilizedHelix":13,"Pocketwatch":21},{"Regal Pillow":66,"Lantern":130,"SacredBark":36,"Vajra":62,"Bag of Preparation":126,"Burning Blood":0,"SsserpentHead":2,"Centennial Puzzle":87,"TheAbacus":126,"WingedGreaves":23,"Fusion Hammer":80,"Kunai":93,"Paper Frog":58,"Self Forming Clay":73,"Eternal Feather":23,"Pen Nib":62,"Frozen Egg 2":16,"War Paint":99,"Anchor":93,"Champion Belt":93,"StrikeDummy":26,"Toy Ornithopter":14,"TungstenRod":16,"FossilizedHelix":44,"Pocketwatch":83}],"Toy Ornithopter":5,"TungstenRod":17,"Pocketwatch":[5]},"card_choices":[{"not_picked":["Dropkick","DeceiveReality","Coolheaded"],"picked":"SKIP","floor":1},{"not_picked":["Headbutt","EmptyBody","Glacier"],"picked":"SKIP","floor":4},{"not_picked":["Crescendo","Deflect","Clothesline"],"picked":"SKIP","floor":5},{"not_picked":["Demon Form","Reboot","Blasphemy"],"picked":"SKIP","floor":7},{"not_picked":["Poisoned Stab","Capacitor","Sucker Punch"],"picked":"SKIP","floor":8},{"not_picked":["Brutality+1","Buffer+1"],"picked":"LessonLearned","floor":11},{"not_picked":["Die Die Die","Corruption+1","Ragnarok"],"picked":"SKIP","floor":13},{"not_picked":["Accuracy+1","BootSequence","Riddle With Holes"],"picked":"SKIP","floor":14},{"not_picked":["Compile Driver","Rampage","Darkness"],"picked":"SKIP","floor":18},{"not_picked":["Sweeping Beam","EmptyMind","Dropkick"],"picked":"SKIP","floor":20},{"not_picked":["Amplify","LessonLearned","Hyperbeam"],"picked":"SKIP","floor":23},{"not_picked":["Reinforced Body+1","Consecrate","Thunderclap"],"picked":"SKIP","floor":24},{"not_picked":["Core Surge","Fiend Fire","Devotion+1"],"picked":"SKIP","floor":25},{"not_picked":["Multi-Cast","Fiend Fire"],"picked":"Echo Form+1","floor":27},{"not_picked":["Venomology","Devotion+1"],"picked":"Establishment+1","floor":29},{"not_picked":["Storm+1","FollowUp","Weave"],"picked":"SKIP","floor":30},{"not_picked":["Exhume","Offering"],"picked":"Barricade+1","floor":31},{"not_picked":["BootSequence","Flex+1","Bane"],"picked":"SKIP","floor":35},{"not_picked":["Chill+1","Blade Dance","Finisher+1"],"picked":"SKIP","floor":37},{"not_picked":["A Thousand Cuts+1","Fiend Fire","Double Tap"],"picked":"SKIP","floor":40},{"not_picked":["Corruption+1","Immolate"],"picked":"Scrawl","floor":44},{"not_picked":["DeceiveReality+1","Clothesline"],"picked":"Undo+1","floor":45},{"not_picked":["Riddle With Holes","Prostrate"],"picked":"Quick Slash","floor":48},{"not_picked":["Fission","Reboot","Bludgeon"],"picked":"SKIP","floor":55}],"player_experience":1625400,"relics_obtained":[{"floor":7,"key":"Toy Ornithopter"},{"floor":9,"key":"Frozen Egg 2"},{"floor":11,"key":"Eternal Feather"},{"floor":13,"key":"StrikeDummy"},{"floor":23,"key":"FossilizedHelix"},{"floor":25,"key":"Paper Frog"},{"floor":27,"key":"Pen Nib"},{"floor":28,"key":"Vajra"},{"floor":29,"key":"Regal Pillow"},{"floor":31,"key":"Self Forming Clay"},{"floor":36,"key":"Pocketwatch"},{"floor":40,"key":"Champion Belt"},{"floor":43,"key":"Kunai"},{"floor":44,"key":"War Paint"},{"floor":55,"key":"Lantern"}],"event_choices":[{"damage_healed":0,"gold_gain":0,"player_choice":"Trade","damage_taken":0,"relics_obtained":["SsserpentHead"],"max_hp_gain":0,"max_hp_loss":0,"event_name":"FaceTrader","floor":2,"gold_loss":0},{"damage_healed":0,"gold_gain":30,"player_choice":"Searched \u00273\u0027 times","damage_taken":0,"relics_obtained":["TungstenRod"],"max_hp_gain":0,"max_hp_loss":0,"event_name":"Dead Adventurer","floor":10,"gold_loss":0},{"damage_healed":0,"gold_gain":0,"player_choice":"Full Heal","damage_taken":0,"max_hp_gain":0,"max_hp_loss":0,"event_name":"Wheel of Change","floor":19,"gold_loss":0},{"damage_healed":0,"gold_gain":50,"player_choice":"Stole From Cult","damage_taken":0,"max_hp_gain":0,"max_hp_loss":0,"event_name":"Nest","floor":21,"gold_loss":0},{"damage_healed":15,"gold_gain":0,"player_choice":"Heal","damage_taken":0,"max_hp_gain":0,"max_hp_loss":0,"event_name":"The Library","floor":22,"gold_loss":0},{"cards_removed":["Turbo"],"damage_healed":0,"gold_gain":0,"player_choice":"Removed Skill","damage_taken":0,"max_hp_gain":0,"max_hp_loss":0,"event_name":"Falling","floor":39,"gold_loss":0}],"is_beta":false,"boss_relics":[{"not_picked":["Snecko Eye","Tiny House"],"picked":"SacredBark"},{"not_picked":["Empty Cage","Runic Pyramid"],"picked":"Fusion Hammer"}],"items_purged_floors":[3,47,54],"is_endless":false,"potions_floor_spawned":[4,7,10,11,14,16,18,24,25,30,37,44,55],"ascension_level":20}}