{"host":"1lhpgrjjhxx10cx0","time":1609347206,"event":{"mods":["Arknights The Spire","BaseMod","CapriCore","Friendly Minions","Highlight Path","Minty Spire (QoL Compilation)","Permanent Neow","Quick Restart","StSLib","The Animator","The Immortal","Waifu the Spire","Yakumo Yukari mod"],"gold_per_floor":[118,131,131,50,50,50,86,113,148,160,190,202,239,57,57,181,181,200,100,114,129,148,148,148,23,50,84,84,84,411,112,112,112,112],"floor_reached":33,"playtime":1302,"items_purged":["ats:Strike S","ats:Strike V","ats:Strike G","ats:Armor Crushing Shot"],"score":308,"play_id":"69bf7322-5cdc-4d53-a732-6ede96db2eb7","local_time":"20201231005326","is_ascension_mode":false,"campfire_choices":[{"data":"ats:Emotion Absorption","floor":6.0,"key":"SMITH"},{"data":"ats:Hammer On","floor":10.0,"key":"SMITH"},{"data":"ats:Sunburst","floor":12.0,"key":"SMITH"},{"floor":15.0,"key":"REST"},{"data":"ats:Guardian Obelisk","floor":23.0,"key":"SMITH"},{"data":"ats:Dogmatic Field","floor":32,"key":"SMITH"}],"circlet_count":0,"master_deck":["ats:Strike C+1","ats:Defend+1","ats:Defend+1","ats:Defend+1","ats:Defend+1","ats:Emotion Absorption+1","ats:Hammer On+1","ats:Sunburst+1","ats:Ignite","ats:Burning Ground","ats:Mental Burst","ats:Wolf Pack","ats:Guardian Obelisk+1","ats:Flame Of Heaven+1","ats:Soul Absorption+1","ats:Dogmatic Field+1"],"relics":["ats:Sanity","Ancient Tea Set","ats:Originium","MawBank","ats:Hidden Killer","ats:Omniscience","PreservedInsect","Ginger","Nloth\u0027s Gift","Old Coin","ats:Ability Aura"],"acts_visited":["Exordium","TheCity"],"potions_floor_usage":[33],"damage_taken":[{"damage":1.0,"enemies":"Cultist","floor":1.0,"turns":3.0},{"damage":0.0,"enemies":"Small Slimes","floor":2.0,"turns":3.0},{"damage":20.0,"enemies":"Gremlin Nob","floor":7.0,"turns":4.0},{"damage":2.0,"enemies":"2 Louse","floor":8.0,"turns":3.0},{"damage":5.0,"enemies":"Exordium Thugs","floor":11.0,"turns":3.0},{"damage":1.0,"enemies":"2 Fungi Beasts","floor":13.0,"turns":2.0},{"damage":10.0,"enemies":"Slime Boss","floor":16.0,"turns":6.0},{"damage":28.0,"enemies":"3 Byrds","floor":18.0,"turns":3.0},{"damage":0.0,"enemies":"Spheric Guardian","floor":20.0,"turns":3.0},{"damage":14.0,"enemies":"Centurion and Healer","floor":21.0,"turns":5.0},{"damage":0.0,"enemies":"3 Cultists","floor":22.0,"turns":3.0},{"damage":0.0,"enemies":"Book of Stabbing","floor":27.0,"turns":4.0},{"damage":14.0,"enemies":"Slavers","floor":30.0,"turns":5.0},{"damage":48,"enemies":"Collector","floor":33,"turns":6}],"seed_played":"-2542635188845921353","potions_obtained":[{"floor":1.0,"key":"SpeedPotion"},{"floor":2.0,"key":"Swift Potion"},{"floor":11.0,"key":"SmokeBomb"},{"floor":16.0,"key":"Swift Potion"},{"floor":24.0,"key":"AttackPotion"}],"is_trial":false,"path_per_floor":["M","M","?","$","?","R","E","M","T","R","M","R","M","$","R","B",null,"M","$","M","M","M","R","?","$","T","E","?","?","E","$","R","B"],"character_chosen":"DOCTOR_CLASS","items_purchased":["ats:Burning Ground","ats:Mental Burst","PowerPotion","ats:Ability Aura"],"campfire_rested":1,"item_purchase_floors":[4,14,14,31],"current_hp_per_floor":[71,71,53,53,46,46,26,24,24,24,19,19,18,18,39,29,72,44,44,44,30,30,30,30,30,30,30,30,30,45,45,45,0,0],"gold":112,"neow_bonus":"THREE_CARDS","is_daily":false,"chose_seed":false,"campfire_upgraded":5,"win_rate":0.0,"timestamp":1609347206,"path_taken":["M","M","?","$","?","R","E","M","T","R","M","R","M","$","R","BOSS","M","$","M","M","M","R","?","?","T","E","?","?","E","$","R","BOSS"],"items_purchased_type":["Card","Card","Potion","Relic"],"build_version":"2020-12-22","purchased_purges":4,"victory":false,"max_hp_per_floor":[72,72,72,72,72,72,72,72,72,72,72,72,72,72,72,72,72,72,72,72,72,72,72,72,72,72,72,72,72,72,72,72,72,72],"card_choices":[{"not_picked":["ats:Assault Order","ats:Shell Defense"],"picked":"ats:Hammer On","floor":0.0},{"not_picked":["ats:Collapsing Strike","ats:Blood Oath"],"picked":"ats:Sunburst","floor":1.0},{"not_picked":["ats:Shell Defense","ats:Powerful Strike"],"picked":"ats:Ignite","floor":2.0},{"not_picked":["ats:Explosion Area Strengthen","ats:Shadow Assault","ats:Healing Strengthening"],"picked":"SKIP","floor":7.0},{"not_picked":["ats:Apocalypse","ats:Revitalization","ats:Directed Diagnosis"],"picked":"SKIP","floor":8.0},{"not_picked":["ats:Apocalypse","ats:Revitalization","ats:Directed Diagnosis"],"picked":"SKIP","floor":8.0},{"not_picked":["ats:Cat Scratch","ats:Powerful Strike","ats:Poison Spread"],"picked":"SKIP","floor":11.0},{"not_picked":["ats:Revitalization","ats:Powerful Strike","ats:Explosion Area Strengthen"],"picked":"SKIP","floor":13.0},{"not_picked":["ats:Durian","ats:Shadow Assault"],"picked":"ats:Wolf Pack","floor":16.0},{"not_picked":["ats:Very Hot Blade","ats:Healing Drone"],"picked":"ats:Guardian Obelisk","floor":18.0},{"not_picked":["ats:Encircling Forest","ats:Thorns","ats:Assault Order"],"picked":"SKIP","floor":20.0},{"not_picked":["ats:Powerful Strike","ats:Chain Hook"],"picked":"ats:Flame Of Heaven+1","floor":21.0},{"not_picked":["ats:Hammer On","ats:Hook Shot"],"picked":"ats:Soul Absorption+1","floor":22.0},{"not_picked":["ats:Hook Shot","ats:Poison Spread"],"picked":"ats:Dogmatic Field","floor":27.0},{"not_picked":["ats:Collapsing Strike","ats:Apocalypse+1","ats:Leaping Hammer+1"],"picked":"SKIP","floor":30}],"player_experience":102918,"relics_obtained":[{"floor":7.0,"key":"ats:Originium"},{"floor":7.0,"key":"MawBank"},{"floor":9.0,"key":"ats:Hidden Killer"},{"floor":26.0,"key":"PreservedInsect"},{"floor":27.0,"key":"ats:Originium"},{"floor":27.0,"key":"Ginger"},{"floor":30,"key":"ats:Originium"},{"floor":30,"key":"Old Coin"}],"event_choices":[{"damage_healed":0.0,"max_hp_gain":0.0,"max_hp_loss":0.0,"gold_gain":0.0,"event_name":"Golden Idol","player_choice":"Take Damage","floor":3.0,"gold_loss":0.0,"damage_taken":18.0,"relics_obtained":["Golden Idol"]},{"damage_healed":0.0,"max_hp_gain":0.0,"max_hp_loss":0.0,"gold_gain":0.0,"event_name":"Scrap Ooze","player_choice":"Success","floor":5.0,"gold_loss":0.0,"damage_taken":7.0,"relics_obtained":["Ancient Tea Set"]},{"damage_healed":0.0,"max_hp_gain":0.0,"max_hp_loss":0.0,"gold_gain":0.0,"event_name":"Lab","player_choice":"Got Potions","floor":24.0,"gold_loss":0.0,"damage_taken":0.0},{"damage_healed":0.0,"max_hp_gain":0.0,"max_hp_loss":0.0,"gold_gain":0.0,"event_name":"Back to Basics","player_choice":"Simplicity","floor":28.0,"gold_loss":0.0,"damage_taken":0.0,"cards_upgraded":["ats:Strike C","ats:Defend","ats:Defend","ats:Defend","ats:Defend"]},{"damage_healed":0.0,"max_hp_gain":0.0,"max_hp_loss":0.0,"gold_gain":0.0,"event_name":"N\u0027loth","player_choice":"Traded Relic","floor":29.0,"relics_lost":["Golden Idol"],"gold_loss":0.0,"damage_taken":0.0,"relics_obtained":["Nloth\u0027s Gift"]}],"is_beta":false,"boss_relics":[{"not_picked":["Pandora\u0027s Box","Ectoplasm"],"picked":"ats:Omniscience"}],"items_purged_floors":[14,19,25,31],"is_endless":false,"potions_floor_spawned":[1,2,11,16,20],"killed_by":"Collector","ascension_level":0}}