{"host":"qbnk2vkaq38efxaz","time":1609363417,"event":{"mods":["BaseMod","Minty Spire (QoL Compilation)"],"gold_per_floor":[112,129,148,158,158,190,190,207,207,225,225,97,132,32,32,134,134,150,165,165,178,192,192,227,245,325,424,424,451,451,451,451,451,451],"floor_reached":33,"playtime":2843,"items_purged":["Defend_G","Strike_G"],"score":387,"play_id":"084bc3fe-71b8-4cd3-96e8-6bf6ca066010","local_time":"20201230132337","is_ascension_mode":true,"campfire_choices":[{"floor":11.0,"key":"REST"},{"data":"Blade Dance","floor":15.0,"key":"SMITH"},{"floor":23,"key":"REST"},{"floor":28,"key":"REST"},{"data":"Envenom","floor":30,"key":"SMITH"},{"floor":32,"key":"REST"}],"circlet_count":0,"master_deck":["Defend_G","Defend_G","Defend_G","Defend_G","Survivor","Neutralize+1","Blur","All Out Attack","Flying Knee","Choke","Unload","Flying Knee","Blade Dance+1","Venomology","Prepared+1","Accuracy","Backstab+1","Backstab+1","Envenom+1","Bite+1","Bite+1","Bite+1","Bite+1","Bite+1"],"relics":["Ring of the Snake","HornCleat","Juzu Bracelet","Molten Egg 2","SacredBark","Vajra","Letter Opener"],"acts_visited":["Exordium","TheCity"],"potions_floor_usage":[18,21,21,22,24,24,25,33,33,33,33],"damage_taken":[{"damage":0.0,"enemies":"2 Louse","floor":1.0,"turns":3.0},{"damage":0.0,"enemies":"Small Slimes","floor":2.0,"turns":6.0},{"damage":0.0,"enemies":"Jaw Worm","floor":3.0,"turns":4.0},{"damage":0.0,"enemies":"2 Fungi Beasts","floor":4.0,"turns":3.0},{"damage":15.0,"enemies":"Gremlin Nob","floor":6.0,"turns":4.0},{"damage":1.0,"enemies":"Looter","floor":8.0,"turns":4.0},{"damage":0.0,"enemies":"Blue Slaver","floor":10.0,"turns":2.0},{"damage":0.0,"enemies":"3 Sentries","floor":13.0,"turns":6.0},{"damage":34.0,"enemies":"The Guardian","floor":16.0,"turns":16.0},{"damage":14,"enemies":"2 Thieves","floor":18,"turns":5},{"damage":19,"enemies":"Spheric Guardian","floor":19,"turns":4},{"damage":11,"enemies":"Cultist and Chosen","floor":21,"turns":5},{"damage":9,"enemies":"Centurion and Healer","floor":22,"turns":6},{"damage":38,"enemies":"Gremlin Leader","floor":24,"turns":7},{"damage":16,"enemies":"Shelled Parasite and Fungi","floor":25,"turns":3},{"damage":88,"enemies":"Champ","floor":33,"turns":8}],"seed_played":"-3702739072007977918","potions_obtained":[{"floor":2.0,"key":"FearPotion"},{"floor":6.0,"key":"PowerPotion"},{"floor":8.0,"key":"Ancient Potion"},{"floor":10.0,"key":"GamblersBrew"},{"floor":19,"key":"DistilledChaos"},{"floor":24,"key":"Energy Potion"},{"floor":25,"key":"Strength Potion"}],"is_trial":false,"path_per_floor":["M","M","M","M","?","E","?","M","T","M","R","$","E","$","R","B",null,"M","M","?","M","M","R","E","M","T","?","R","T","R","?","R","B"],"character_chosen":"THE_SILENT","items_purchased":["Blade Dance"],"campfire_rested":4,"item_purchase_floors":[12],"current_hp_per_floor":[77,77,77,77,77,62,29,28,28,30,53,53,55,55,55,23,77,63,46,46,37,30,53,17,3,3,3,26,26,26,26,49,0,0],"gold":451,"neow_bonus":"TEN_PERCENT_HP_BONUS","is_daily":false,"chose_seed":false,"campfire_upgraded":2,"win_rate":0.0,"timestamp":1609363417,"path_taken":["M","M","M","M","?","E","?","M","T","M","R","$","E","$","R","BOSS","M","M","?","M","M","R","E","M","T","?","R","?","R","?","R","BOSS"],"items_purchased_type":["Card"],"build_version":"2020-12-22","purchased_purges":2,"victory":false,"max_hp_per_floor":[77,77,77,77,77,77,77,77,77,77,77,77,77,77,77,77,77,77,77,77,77,77,77,77,77,77,77,77,77,77,77,77,77,77],"card_choices":[{"not_picked":["Cloak And Dagger","Flying Knee"],"picked":"Blur","floor":1.0},{"not_picked":["Distraction","Slice"],"picked":"All Out Attack","floor":2.0},{"not_picked":["Quick Slash","Dagger Spray"],"picked":"Flying Knee","floor":3.0},{"not_picked":["Crippling Poison","Bouncing Flask"],"picked":"Choke","floor":4.0},{"not_picked":["Cloak And Dagger","Outmaneuver"],"picked":"Unload","floor":6.0},{"not_picked":["Poisoned Stab","Deflect"],"picked":"Flying Knee","floor":8.0},{"not_picked":["Crippling Poison","Cloak And Dagger","Quick Slash"],"picked":"SKIP","floor":10.0},{"not_picked":["Backflip","Blur","Underhanded Strike+1"],"picked":"SKIP","floor":13.0},{"not_picked":["Storm of Steel","Unload+1"],"picked":"Venomology","floor":16.0},{"not_picked":["Deadly Poison","Dagger Spray+1"],"picked":"Prepared+1","floor":18},{"not_picked":["Prepared+1","Distraction+1"],"picked":"Accuracy","floor":19},{"not_picked":["Poisoned Stab+1","Catalyst+1","Calculated Gamble"],"picked":"SKIP","floor":21},{"not_picked":["Dagger Spray+1","Skewer+1"],"picked":"Backstab+1","floor":22},{"not_picked":["Flying Knee+1","PiercingWail+1"],"picked":"Backstab+1","floor":24},{"not_picked":["Poisoned Stab+1","Quick Slash+1"],"picked":"Envenom","floor":25}],"player_experience":104922,"relics_obtained":[{"floor":6.0,"key":"HornCleat"},{"floor":9.0,"key":"Blood Vial"},{"floor":13.0,"key":"Molten Egg 2"},{"floor":24,"key":"Vajra"},{"floor":26,"key":"Letter Opener"}],"event_choices":[{"damage_healed":0.0,"max_hp_gain":0.0,"max_hp_loss":0.0,"gold_gain":0.0,"event_name":"Living Wall","player_choice":"Grow","floor":5.0,"gold_loss":0.0,"damage_taken":0.0,"cards_upgraded":["Neutralize"]},{"damage_healed":0.0,"max_hp_gain":0.0,"max_hp_loss":0.0,"gold_gain":0.0,"event_name":"Scrap Ooze","player_choice":"Success","floor":7.0,"gold_loss":0.0,"damage_taken":33.0,"relics_obtained":["Juzu Bracelet"]},{"damage_healed":0,"gold_gain":0,"player_choice":"Ignored","damage_taken":0,"max_hp_gain":0,"max_hp_loss":0,"event_name":"Cursed Tome","floor":20,"gold_loss":0},{"damage_healed":0,"gold_gain":99,"player_choice":"Stole From Cult","damage_taken":0,"max_hp_gain":0,"max_hp_loss":0,"event_name":"Nest","floor":27,"gold_loss":0},{"damage_healed":0,"gold_gain":0,"player_choice":"Became a vampire (Vial)","damage_taken":0,"max_hp_gain":0,"max_hp_loss":0,"event_name":"Vampires","floor":31,"relics_lost":["Blood Vial"],"gold_loss":0,"cards_obtained":["Bite","Bite","Bite","Bite","Bite"]}],"is_beta":false,"boss_relics":[{"not_picked":["Philosopher\u0027s Stone","SlaversCollar"],"picked":"SacredBark"}],"items_purged_floors":[12,14],"is_endless":false,"potions_floor_spawned":[2,6,8,10,19,24,25],"killed_by":"Champ","ascension_level":4}}