{"host":"zekcc3vicrep0och","time":1609338542,"event":{"mods":["AchievementEnabler","BaseMod","Colored Map","Colored Powertips","Displayed Cursed Tome","Minty Spire (QoL Compilation)","Relic Stats","StSLib"],"gold_per_floor":[118,127,127,155,155,155,237,261,330,330,364,364,413,35,35,138,165,187,196,12,25,25,25,66,66,111,174,207,288,323,347,347,449,449,527,586,595,625,26,59,84,126,126,159,253,308,36,60,60,60,60],"floor_reached":50,"playtime":5184,"items_purged":["Strike_P","Injury"],"score":1204,"play_id":"e2fe175a-4cec-4513-9afb-26f3f061b3a2","local_time":"20201230172902","is_ascension_mode":true,"campfire_choices":[{"data":"Eruption","floor":6.0,"key":"SMITH"},{"floor":10.0,"key":"REST"},{"floor":12.0,"key":"REST"},{"data":"CrushJoints","floor":15.0,"key":"SMITH"},{"data":"SandsOfTime","floor":23.0,"key":"SMITH"},{"floor":25.0,"key":"REST"},{"floor":32.0,"key":"REST"},{"floor":49,"key":"REST"}],"circlet_count":0,"master_deck":["AscendersBane","Strike_P+1","Strike_P+1","Defend_P+1","Defend_P+1","Eruption+1","Vigilance","CurseOfTheBell","WreathOfFlame+1","Crescendo+1","Protect+1","Vault+1","Wallop","Prostrate+1","Vengeance+1","CrushJoints+1","Wish+1","WindmillStrike+1","Wish+1","DeusExMachina+1","Meditate+1","Prostrate+1","EmptyBody+1","SandsOfTime+1","FearNoEvil","Blasphemy+1","SpiritShield+1","EmptyMind+1","DevaForm","Sanctity+1","Ragnarok","Fasting2","Halt+1","Indignation+1","ClearTheMind+1","TalkToTheHand"],"relics":["Calling Bell","CeramicFish","Toxic Egg 2","TungstenRod","Golden Idol","Ginger","White Beast Statue","Whetstone","Strange Spoon","Astrolabe","Unceasing Top","Bag of Marbles","Lantern","VioletLotus","Damaru","Medical Kit","GoldenEye","Sundial","Happy Flower","Yang","TeardropLocket"],"acts_visited":["Exordium","TheCity","TheBeyond"],"potions_floor_usage":[50],"damage_taken":[{"damage":6.0,"enemies":"Jaw Worm","floor":1.0,"turns":3.0},{"damage":3.0,"enemies":"Small Slimes","floor":4.0,"turns":5.0},{"damage":16.0,"enemies":"3 Sentries","floor":7.0,"turns":11.0},{"damage":0.0,"enemies":"2 Louse","floor":8.0,"turns":2.0},{"damage":11.0,"enemies":"Lots of Slimes","floor":11.0,"turns":6.0},{"damage":2.0,"enemies":"3 Sentries","floor":13.0,"turns":5.0},{"damage":1.0,"enemies":"Slime Boss","floor":16.0,"turns":6.0},{"damage":0.0,"enemies":"Chosen","floor":18.0,"turns":8.0},{"damage":5.0,"enemies":"3 Byrds","floor":21.0,"turns":7.0},{"damage":24.0,"enemies":"Book of Stabbing","floor":24.0,"turns":6.0},{"damage":12.0,"enemies":"Shelled Parasite and Fungi","floor":27.0,"turns":4.0},{"damage":1.0,"enemies":"Snake Plant","floor":28.0,"turns":4.0},{"damage":6.0,"enemies":"Centurion and Healer","floor":29.0,"turns":12.0},{"damage":23.0,"enemies":"Gremlin Leader","floor":30.0,"turns":6.0},{"damage":0.0,"enemies":"Snecko","floor":31.0,"turns":3.0},{"damage":4.0,"enemies":"Champ","floor":33.0,"turns":8.0},{"damage":46.0,"enemies":"3 Darklings","floor":35.0,"turns":8.0},{"damage":2.0,"enemies":"3 Shapes","floor":36.0,"turns":8.0},{"damage":0.0,"enemies":"Maw","floor":38.0,"turns":4.0},{"damage":9.0,"enemies":"Nemesis","floor":40.0,"turns":6.0},{"damage":1.0,"enemies":"Sphere and 2 Shapes","floor":41.0,"turns":6.0},{"damage":0.0,"enemies":"Giant Head","floor":42.0,"turns":4.0},{"damage":9.0,"enemies":"Nemesis","floor":44.0,"turns":3.0},{"damage":0.0,"enemies":"4 Shapes","floor":45.0,"turns":8.0},{"damage":1,"enemies":"3 Darklings","floor":46,"turns":6},{"damage":1,"enemies":"Maw","floor":48,"turns":5},{"damage":27,"enemies":"Donu and Deca","floor":50,"turns":4}],"seed_played":"5954616391985346324","potions_obtained":[{"floor":1.0,"key":"SkillPotion"},{"floor":4.0,"key":"Ambrosia"},{"floor":7.0,"key":"BlessingOfTheForge"},{"floor":11.0,"key":"Energy Potion"},{"floor":13.0,"key":"Weak Potion"},{"floor":16.0,"key":"EssenceOfSteel"},{"floor":21.0,"key":"FairyPotion"},{"floor":24.0,"key":"BottledMiracle"},{"floor":27.0,"key":"EntropicBrew"},{"floor":33.0,"key":"Regen Potion"},{"floor":36.0,"key":"DistilledChaos"},{"floor":38.0,"key":"EntropicBrew"},{"floor":40.0,"key":"GamblersBrew"},{"floor":42.0,"key":"BlessingOfTheForge"},{"floor":44.0,"key":"SmokeBomb"},{"floor":45.0,"key":"FearPotion"},{"floor":46,"key":"SkillPotion"}],"is_trial":false,"path_per_floor":["M","?","?","M","?","R","?","M","T","R","M","R","E","$","R","B",null,"M","?","$","M","$","R","E","R","T","M","M","M","E","M","R","B",null,"M","M","?","M","$","E","M","E","T","E","M","M","$","M","R","B"],"character_chosen":"WATCHER","items_purchased":["Strange Spoon","Prostrate+1","Vengeance+1","CrushJoints","EmptyBody+1","SandsOfTime","Ragnarok","Fasting2","Halt+1","Damaru","Medical Kit","DistilledChaos","TeardropLocket"],"campfire_rested":5,"item_purchase_floors":[14,14,14,14,20,20,39,39,39,39,39,39,47],"current_hp_per_floor":[55,55,36,33,27,27,11,11,11,31,20,40,38,38,38,37,60,60,60,60,55,55,55,31,51,51,39,38,32,9,9,29,25,57,26,24,24,24,24,15,14,14,14,5,5,4,4,3,23,0,0],"gold":60,"neow_bonus":"BOSS_RELIC","is_daily":false,"chose_seed":false,"campfire_upgraded":3,"win_rate":0.0,"timestamp":1609338542,"path_taken":["M","?","?","M","?","R","?","M","T","R","M","R","E","$","R","BOSS","M","?","$","?","?","R","E","R","T","M","M","M","E","M","R","BOSS","M","M","?","M","$","E","?","E","T","E","M","M","$","M","R","BOSS"],"items_purchased_type":["Relic","Card","Card","Card","Card","Card","Card","Card","Card","Relic","Relic","Potion","Relic"],"build_version":"2020-12-22","purchased_purges":2,"victory":false,"max_hp_per_floor":[68,68,68,68,68,68,68,68,68,68,68,68,68,68,68,68,68,68,68,68,68,68,68,68,68,68,68,68,68,68,68,68,68,68,68,68,68,68,68,68,68,68,68,68,68,68,68,68,68,68,68],"relic_stats":{"Happy Flower":[8],"counters":[27,158],"Golden Idol":177,"CeramicFish":279,"Astrolabe":["WindmillStrike","Wish","DeusExMachina"],"Yang":[26],"Ginger":[26],"Whetstone":["Strike_P","Strike_P"],"Medical Kit":[0],"GoldenEye":[0],"Strange Spoon":[60],"Sundial":[0],"VioletLotus":[17],"obtain_stats":[{"Lantern":30,"Happy Flower":43,"Golden Idol":2,"CeramicFish":0,"Astrolabe":17,"Damaru":39,"Yang":44,"Ginger":7,"Whetstone":13,"TeardropLocket":47,"Medical Kit":39,"GoldenEye":40,"White Beast Statue":9,"Calling Bell":0,"Strange Spoon":14,"Sundial":42,"VioletLotus":34,"Bag of Marbles":26,"PureWater":0,"Toxic Egg 2":0,"TungstenRod":0,"Unceasing Top":24},{"Lantern":14,"Happy Flower":22,"Golden Idol":1,"CeramicFish":0,"Astrolabe":7,"Damaru":19,"Yang":23,"Ginger":2,"Whetstone":6,"TeardropLocket":25,"Medical Kit":19,"GoldenEye":20,"White Beast Statue":4,"Calling Bell":0,"Strange Spoon":6,"Sundial":22,"VioletLotus":16,"Bag of Marbles":10,"PureWater":0,"Toxic Egg 2":0,"TungstenRod":0,"Unceasing Top":10},{"Lantern":85,"Happy Flower":132,"Golden Idol":3,"CeramicFish":0,"Astrolabe":38,"Damaru":116,"Yang":135,"Ginger":8,"Whetstone":32,"TeardropLocket":149,"Medical Kit":116,"GoldenEye":122,"White Beast Statue":21,"Calling Bell":0,"Strange Spoon":32,"Sundial":132,"VioletLotus":96,"Bag of Marbles":59,"PureWater":0,"Toxic Egg 2":0,"TungstenRod":0,"Unceasing Top":59}],"TungstenRod":48,"Unceasing Top":[0]},"card_choices":[{"not_picked":["CrushJoints","Conclude"],"picked":"BowlingBash","floor":1.0},{"not_picked":["BowlingBash","EmptyFist"],"picked":"WreathOfFlame+1","floor":4.0},{"not_picked":["WheelKick","PathToVictory+1"],"picked":"Crescendo+1","floor":7.0},{"not_picked":["FlyingSleeves","ThirdEye+1"],"picked":"Protect+1","floor":8.0},{"not_picked":["EmptyBody+1","JustLucky"],"picked":"Vault+1","floor":11.0},{"not_picked":["FearNoEvil","Weave"],"picked":"Wallop","floor":13.0},{"not_picked":["DeusExMachina+1","Establishment"],"picked":"Wish+1","floor":16.0},{"not_picked":["WreathOfFlame+1","ThirdEye+1"],"picked":"Meditate+1","floor":18.0},{"not_picked":["EmptyBody+1","EmptyFist","FollowUp+1"],"picked":"SKIP","floor":21.0},{"not_picked":["Consecrate","Worship+1","CrushJoints"],"picked":"SKIP","floor":24.0},{"not_picked":["SashWhip","WreathOfFlame+1"],"picked":"FearNoEvil","floor":27.0},{"not_picked":["Consecrate","Conclude"],"picked":"FlyingSleeves","floor":28.0},{"not_picked":["BowlingBash","Collect+1","WindmillStrike"],"picked":"SKIP","floor":29.0},{"not_picked":["WreathOfFlame+1","Wallop","Vengeance+1"],"picked":"SKIP","floor":30.0},{"not_picked":["Prostrate+1","FlyingSleeves"],"picked":"Blasphemy+1","floor":31.0},{"not_picked":["Vault+1","Scrawl+1"],"picked":"SpiritShield+1","floor":33.0},{"not_picked":["FollowUp+1","ForeignInfluence+1","FlyingSleeves"],"picked":"SKIP","floor":35.0},{"not_picked":["EmptyFist","SashWhip"],"picked":"EmptyMind+1","floor":36.0},{"not_picked":["ThirdEye+1","CarveReality+1"],"picked":"Sanctity+1","floor":38.0},{"not_picked":["Fasting2","FearNoEvil","Crescendo+1"],"picked":"SKIP","floor":40.0},{"not_picked":["Collect+1","ReachHeaven","Wireheading+1"],"picked":"SKIP","floor":41.0},{"not_picked":["JustLucky+1","ThirdEye+1"],"picked":"Indignation+1","floor":42.0},{"not_picked":["Consecrate","Weave","Blasphemy+1"],"picked":"SKIP","floor":44.0},{"not_picked":["CutThroughFate+1","Adaptation"],"picked":"ClearTheMind+1","floor":45.0},{"not_picked":["WindmillStrike","EmptyFist+1","PathToVictory+1"],"picked":"SKIP","floor":46},{"not_picked":["JustLucky","ThirdEye+1"],"picked":"TalkToTheHand","floor":48}],"player_experience":474867,"relics_obtained":[{"floor":0.0,"key":"CeramicFish"},{"floor":0.0,"key":"Toxic Egg 2"},{"floor":0.0,"key":"TungstenRod"},{"floor":9.0,"key":"White Beast Statue"},{"floor":13.0,"key":"Whetstone"},{"floor":24.0,"key":"Unceasing Top"},{"floor":26.0,"key":"Bag of Marbles"},{"floor":30.0,"key":"Lantern"},{"floor":40.0,"key":"GoldenEye"},{"floor":42.0,"key":"Sundial"},{"floor":43.0,"key":"Happy Flower"},{"floor":44.0,"key":"Yang"}],"event_choices":[{"damage_healed":0.0,"max_hp_gain":0.0,"max_hp_loss":0.0,"gold_gain":0.0,"event_name":"Golden Idol","player_choice":"Take Wound","floor":2.0,"gold_loss":0.0,"damage_taken":0.0,"relics_obtained":["Golden Idol"],"cards_obtained":["Injury"]},{"damage_healed":0.0,"max_hp_gain":0.0,"max_hp_loss":0.0,"gold_gain":0.0,"event_name":"Shining Light","player_choice":"Entered Light","floor":3.0,"gold_loss":0.0,"damage_taken":20.0,"cards_upgraded":["Defend_P","Defend_P"]},{"cards_removed":["Strike_P"],"damage_healed":0.0,"max_hp_gain":0.0,"max_hp_loss":0.0,"gold_gain":0.0,"event_name":"Golden Wing","player_choice":"Card Removal","floor":5.0,"gold_loss":0.0,"damage_taken":7.0},{"damage_healed":0.0,"max_hp_gain":0.0,"max_hp_loss":0.0,"gold_gain":0.0,"event_name":"Dead Adventurer","player_choice":"Searched \u00272\u0027 times","floor":7.0,"gold_loss":0.0,"damage_taken":0.0,"relics_obtained":["Ginger"]},{"damage_healed":0.0,"max_hp_gain":0.0,"max_hp_loss":0.0,"gold_gain":0.0,"event_name":"Duplicator","player_choice":"Copied","floor":19.0,"gold_loss":0.0,"damage_taken":0.0,"cards_obtained":["Prostrate"]},{"damage_healed":0.0,"max_hp_gain":0.0,"max_hp_loss":0.0,"gold_gain":0.0,"cards_transformed":["FlyingSleeves"],"event_name":"Transmorgrifier","player_choice":"Transformed","floor":37.0,"gold_loss":0.0,"damage_taken":0.0,"cards_obtained":["DevaForm"]}],"is_beta":false,"boss_relics":[{"not_picked":["Pandora\u0027s Box","Fusion Hammer"],"picked":"Astrolabe"},{"not_picked":["Sozu","Runic Dome"],"picked":"VioletLotus"}],"items_purged_floors":[14,20],"is_endless":false,"potions_floor_spawned":[1,4,7,11,13,16,18,21,24,27,28,29,30,31,33,35,36,38,40,41,42,44,45,46,48],"killed_by":"Donu and Deca","ascension_level":17}}