{"host":"7v9t59ze4jbx2rzq","time":1609370430,"event":{"mods":["BaseMod","Highlight Path","Minty Spire (QoL Compilation)","Spicy Shops","StSLib","The Caster","The Hydrologist","The Marked","Wide Potions"],"gold_per_floor":[211,223,223,184,197,197,197,210,210,82,116,132,142,142,142,244,244,257,257,53,0,0,0,11,11,11,27,45,45,64,137,137,137,137],"floor_reached":33,"playtime":2557,"items_purged":["theMarked:Strike"],"score":247,"play_id":"14f650b3-0db5-4afc-a5a6-043da49dde9d","local_time":"20201230182030","is_ascension_mode":false,"campfire_choices":[{"data":"theMarked:RogueSparks","floor":6.0,"key":"SMITH"},{"floor":15,"key":"REST"},{"data":"theMarked:TakeOffHeels","floor":23,"key":"SMITH"},{"floor":29,"key":"REST"},{"floor":32,"key":"REST"}],"circlet_count":0,"master_deck":["theMarked:Strike","theMarked:Strike","theMarked:Strike","theMarked:Strike","theMarked:Defend","theMarked:Defend","theMarked:Defend","theMarked:Defend","theMarked:SoldierOfQuellstein","theMarked:Electrify","theMarked:TunnelVision","theMarked:RogueSparks+1","theMarked:Improvise","theMarked:WardOff","theMarked:Parkour","theMarked:Standoff","theMarked:PowerFlow","theMarked:RepellingDischarge","theMarked:SoldierOfQuellstein","theMarked:Seal","theMarked:TakeOffHeels+1","theMarked:Generate+1","theMarked:Static","theMarked:TwofoldDefense","theMarked:AttractMetal"],"relics":["theMarked:ArtifactOfAir","theMarked:NailFile","Gremlin Horn","Happy Flower","Sozu","Pen Nib","Tiny Chest","Blue Candle","Molten Egg 2"],"acts_visited":["Exordium","TheCity"],"potions_floor_usage":[16],"damage_taken":[{"damage":0.0,"enemies":"2 Louse","floor":1.0,"turns":3.0},{"damage":0.0,"enemies":"Small Slimes","floor":2.0,"turns":3.0},{"damage":1.0,"enemies":"Cultist","floor":5.0,"turns":3.0},{"damage":0.0,"enemies":"3 Louse","floor":8.0,"turns":1.0},{"damage":11.0,"enemies":"3 Sentries","floor":11.0,"turns":5.0},{"damage":7.0,"enemies":"2 Fungi Beasts","floor":12.0,"turns":2.0},{"damage":2,"enemies":"Exordium Wildlife","floor":13,"turns":2},{"damage":35,"enemies":"Slime Boss","floor":16,"turns":6},{"damage":7,"enemies":"2 Thieves","floor":18,"turns":4},{"damage":0,"enemies":"Spheric Guardian","floor":24,"turns":3},{"damage":14,"enemies":"Shelled Parasite and Fungi","floor":27,"turns":5},{"damage":33,"enemies":"Snake Plant","floor":28,"turns":5},{"damage":27,"enemies":"Cultist and Chosen","floor":30,"turns":6},{"damage":57,"enemies":"Champ","floor":33,"turns":12}],"seed_played":"-2214961259187634281","potions_obtained":[{"floor":5.0,"key":"AttackPotion"},{"floor":8.0,"key":"ColorlessPotion"},{"floor":13,"key":"PowerPotion"},{"floor":16,"key":"Fruit Juice"}],"is_trial":false,"path_per_floor":["M","M","?","?","M","R","?","M","T","$","E","M","M","?","R","B",null,"M","T","$","?","?","R","M","$","T","M","M","R","M","T","R","B"],"character_chosen":"THE_DEFAULT","items_purchased":["theMarked:WardOff","theMarked:Parkour","theMarked:Static","Tiny Chest"],"campfire_rested":3,"item_purchase_floors":[10,10,20,20],"current_hp_per_floor":[70,70,70,70,69,69,57,57,57,57,46,39,37,37,58,35,82,75,75,75,75,75,75,75,75,75,61,28,52,25,25,49,0,0],"gold":137,"neow_bonus":"HUNDRED_GOLD","is_daily":false,"chose_seed":false,"campfire_upgraded":2,"win_rate":0.0,"timestamp":1609370430,"path_taken":["M","M","?","?","M","R","?","M","T","$","E","M","M","?","R","BOSS","M","?","$","?","?","R","M","$","T","M","M","R","?","?","R","BOSS"],"items_purchased_type":["Card","Card","Card","Relic"],"build_version":"2020-12-22","purchased_purges":1,"victory":false,"max_hp_per_floor":[70,70,70,70,70,70,70,70,70,70,70,70,70,70,70,82,82,82,82,82,82,82,82,82,82,82,82,82,82,82,82,82,82,82],"card_choices":[{"not_picked":["theMarked:Static","theMarked:TwofoldDefense"],"picked":"theMarked:Electrify","floor":1.0},{"not_picked":["theMarked:Improvise","theMarked:BanishingStrike"],"picked":"theMarked:TunnelVision","floor":2.0},{"not_picked":["theMarked:SelfDefenseTraining","theMarked:UnarmedFury"],"picked":"theMarked:RogueSparks","floor":5.0},{"not_picked":["theMarked:ReduceFriction","theMarked:Convert"],"picked":"theMarked:Improvise","floor":8.0},{"not_picked":["theMarked:BanishingStrike","theMarked:Opportunist"],"picked":"theMarked:Standoff","floor":11.0},{"not_picked":["theMarked:Parkour","theMarked:HeightenedSenses"],"picked":"theMarked:PowerFlow","floor":12},{"not_picked":["theMarked:ChainLightning","theMarked:SwordAndMagic"],"picked":"theMarked:RepellingDischarge","floor":13},{"not_picked":["theMarked:ThrowWeapon","theMarked:MuscleMemory"],"picked":"theMarked:TakeOffHeels","floor":16},{"not_picked":["theMarked:WardOff+1","theMarked:Parry"],"picked":"theMarked:Generate+1","floor":18},{"not_picked":["theMarked:Aftermath+1","theMarked:SwordAndMagic"],"picked":"theMarked:TwofoldDefense","floor":24},{"not_picked":["theMarked:ResourceFulStrike","theMarked:WastefulDefense","theMarked:Improvise"],"picked":"SKIP","floor":27},{"not_picked":["theMarked:Parry","theMarked:ChainLightning"],"picked":"theMarked:AttractMetal","floor":28},{"not_picked":["theMarked:Overcharge","theMarked:DeterminationOfTheMarked","theMarked:AttractMetal"],"picked":"SKIP","floor":30}],"player_experience":2190074,"relics_obtained":[{"floor":9.0,"key":"Gremlin Horn"},{"floor":11.0,"key":"Happy Flower"},{"floor":19,"key":"Pen Nib"},{"floor":26,"key":"Blue Candle"},{"floor":31,"key":"Molten Egg 2"}],"event_choices":[{"damage_healed":0.0,"max_hp_gain":0.0,"max_hp_loss":0.0,"gold_gain":0.0,"event_name":"Liars Game","player_choice":"Ignored","floor":3.0,"gold_loss":0.0,"damage_taken":0.0},{"damage_healed":0.0,"max_hp_gain":0.0,"max_hp_loss":0.0,"gold_gain":0.0,"event_name":"World of Goop","player_choice":"Left Gold","floor":4.0,"gold_loss":39.0,"damage_taken":0.0},{"damage_healed":0.0,"max_hp_gain":0.0,"max_hp_loss":0.0,"gold_gain":0.0,"event_name":"Scrap Ooze","player_choice":"Success","floor":7.0,"gold_loss":0.0,"damage_taken":12.0,"relics_obtained":["theMarked:NailFile"]},{"damage_healed":0,"gold_gain":0,"player_choice":"2 cards matched","damage_taken":0,"max_hp_gain":0,"max_hp_loss":0,"event_name":"Match and Keep!","floor":14,"gold_loss":0,"cards_obtained":["theMarked:SoldierOfQuellstein","theMarked:Seal"]},{"damage_healed":0,"gold_gain":0,"player_choice":"Paid Fearfully","damage_taken":0,"max_hp_gain":0,"max_hp_loss":0,"event_name":"Masked Bandits","floor":21,"gold_loss":53}],"is_beta":false,"boss_relics":[{"not_picked":["Black Star","Astrolabe"],"picked":"Sozu"}],"items_purged_floors":[20],"is_endless":false,"potions_floor_spawned":[5,8,13,16,24],"killed_by":"Champ","ascension_level":0}}