{"host":"s0ikvqhe10eopvjn","time":1609336595,"event":{"mods":["Act Like it!","Bard","BaseMod","Better Third Choice","Block Reminder","Colored Map","Colored Powertips","DeckTracker","Downfall","Duelist Mod","GifTheSpireLib","Halation","Hallownest","Hermit","Highlight Path","Hubris","Infinite Spire","Mad Scientist","Minty Spire (QoL Compilation)","Permanent Neow","Random Character Button","Replay The Spire","StSLib","The Blackbeard","The Blue Laboratory","The Bug Knight","The Cursed","The Disciple","The Marked","The Mystic","The Necromancer","The Poker Player","The Runesmith","The Servant 0.9.4"],"gold_per_floor":[111,125,105,30,30,30,30,30,76,96,122,122,132,146,146,249,249,261,261,277,296,316,316,332,332,413,413,413,413,413,413,196,241,241,354,354,368,368,368,389,407,407,444,444,469,469,484,499,499,519,519,529,529,529,258,289,305],"floor_reached":58,"playtime":4323,"items_purged":["TheCursedMod:Defend_TheCursed","theDuelist:CurseDarkness","theDuelist:CurseArmaments","TheCursedMod:Strike_TheCursed","TheCursedMod:Strike_TheCursed","TheCursedMod:Defend_TheCursed"],"score":1405,"play_id":"05eb96e5-b5e4-4be5-aa13-8b64e6321d73","local_time":"20201230135635","is_ascension_mode":false,"campfire_choices":[{"data":"TheCursedMod:SurpriseAttack","floor":6,"key":"SMITH"},{"data":"TheCursedMod:CursedWand","floor":8,"key":"SMITH"},{"data":"TheCursedMod:Hemoplague","floor":12,"key":"SMITH"},{"data":"TheCursedMod:CursedBlade","floor":15,"key":"SMITH"},{"floor":23,"key":"REST"},{"data":"infinitespire:Starlight","floor":25,"key":"SMITH"},{"data":"TheCursedMod:AntiAging","floor":25,"key":"SMITH"},{"floor":30,"key":"REST"},{"data":"TheCursedMod:RapidMovement","floor":34,"key":"SMITH"},{"data":"TheCursedMod:TacticalStrike","floor":34,"key":"SMITH"},{"data":"TheCursedMod:SpreadPlague","floor":42,"key":"SMITH"},{"data":"TheCursedMod:CleanUpWorkshop","floor":42,"key":"SMITH"},{"floor":44,"key":"REST"},{"data":"TheCursedMod:WearCloak","floor":46,"key":"SMITH"},{"data":"TheCursedMod:Wield","floor":46,"key":"SMITH"},{"floor":51,"key":"RECALL"},{"data":"TheCursedMod:LuckyCharm","floor":54,"key":"SMITH"},{"data":"TheCursedMod:Defend_TheCursed","floor":54,"key":"SMITH"}],"circlet_count":0,"master_deck":["TheCursedMod:Strike_TheCursed+1","TheCursedMod:Strike_TheCursed+1","TheCursedMod:Defend_TheCursed+1","TheCursedMod:Defend_TheCursed+1","TheCursedMod:CursedWand+1","TheCursedMod:CleanUpWorkshop+1","TheCursedMod:Dregs","TheCursedMod:WearCloak+1","TheCursedMod:Wield+1","TheCursedMod:RapidMovement+1","TheCursedMod:CursedBlade+1","TheCursedMod:AntiAging+1","hubris:DuctTapeCard","Doubt","CurseOfTheBell","TheCursedMod:TacticalStrike+1","infinitespire:Starlight+1","TheCursedMod:SoulReap+1","TheCursedMod:SpreadPlague+1","Shame","ReplayTheSpireMod:IOU","TheCursedMod:SpitefulStrike+1","TheCursedMod:Neurasthenia","TheCursedMod:SmokeScreen+1","TheCursedMod:CursedShiv+1","TheCursedMod:SpitefulPlan+1","TheCursedMod:LuckyCharm+1","TheCursedMod:BlessingInDisguise+1"],"relics":["TheCursedMod:BlackMagic101","Juzu Bracelet","Pantograph","ReplayTheSpireMod:Lightbulb","Gremlin Food","Replay:Ancient Bell","TheCursedMod:Tack","hubris:DuctTape","Durian","Replay:Arrowhead","ReplayTheSpireMod:CursedCoin","Pen Nib","infinitespire:Midas Blood","Membership Card","Replay:Wax Seal","Centennial Puzzle","Bronze Scales","Philosopher\u0027s Stone","Happy Flower","Darkstone Periapt","Smiling Mask","Kunai","Sling","Lantern"],"acts_visited":["Exordium","TheCity","TheBeyond","TheEnding"],"potions_floor_usage":[35,35,35,52,57,57],"damage_taken":[{"damage":1,"enemies":"Jaw Worm","floor":1,"turns":4},{"damage":2,"enemies":"Cultist","floor":2,"turns":4},{"damage":0,"enemies":"2 Louse","floor":10,"turns":3},{"damage":13,"enemies":"Lagavulin","floor":11,"turns":9},{"damage":0,"enemies":"Lots of Slimes","floor":13,"turns":4},{"damage":0,"enemies":"Looter","floor":14,"turns":3},{"damage":43,"enemies":"Slime Boss","floor":16,"turns":12},{"damage":16,"enemies":"Spheric Guardian","floor":18,"turns":6},{"damage":34,"enemies":"Shell Parasite","floor":20,"turns":6},{"damage":26,"enemies":"3 Cultists","floor":21,"turns":5},{"damage":23,"enemies":"Snake Plant","floor":22,"turns":5},{"damage":48,"enemies":"Gremlin Leader","floor":33,"turns":8},{"damage":97,"enemies":"Collector","floor":35,"turns":13},{"damage":4,"enemies":"3 Shapes","floor":37,"turns":4},{"damage":37,"enemies":"3 Darklings","floor":40,"turns":4},{"damage":30,"enemies":"Spire Growth","floor":41,"turns":5},{"damage":30,"enemies":"R_Hoarder","floor":43,"turns":9},{"damage":0,"enemies":"Writhing Mass","floor":47,"turns":6},{"damage":3,"enemies":"Maw","floor":48,"turns":8},{"damage":28,"enemies":"3 Darklings","floor":50,"turns":5},{"damage":37,"enemies":"infinitespire:MassOfShapes","floor":52,"turns":7},{"damage":33,"enemies":"Shield and Spear","floor":56,"turns":5},{"damage":67,"enemies":"The Heart","floor":57,"turns":8}],"seed_played":"4375223979267198429","potions_obtained":[{"floor":1,"key":"blueLaboratory:BottleOfVodka"},{"floor":2,"key":"blueLaboratory:PhilterOfMotion"},{"floor":3,"key":"SmokeBomb"},{"floor":20,"key":"LiquidMemories"},{"floor":22,"key":"Fire Potion"},{"floor":33,"key":"blueLaboratory:SavagePotion"},{"floor":35,"key":"blueLaboratory:PyrophylliteBrew"},{"floor":40,"key":"blueLaboratory:PhilterOfMotion"},{"floor":41,"key":"PowerPotion"}],"is_trial":false,"path_per_floor":["M","M","?","$","?","R","$","R","T","M","E","R","M","M","R","B",null,"M","AVR","M","M","M","R","$","R","T","?","PTL","PTL","R","?","$","E","R","B",null,"M","?","AVR","M","M","R","E","R","T","R","M","M","?","M","R","B",null,"R","$","E","B",null],"character_chosen":"THE_CURSED","items_purchased":["ReplayTheSpireMod:CursedCoin","TheCursedMod:SpreadPlague","Membership Card","Replay:Wax Seal","Centennial Puzzle","Kunai","Sling","blueLaboratory:BottleOfRum"],"campfire_rested":3,"item_purchase_floors":[24,24,32,32,32,55,55,55],"current_hp_per_floor":[74,72,72,72,72,72,72,72,72,72,59,59,59,59,59,32,80,66,66,44,33,27,52,52,52,52,52,52,52,77,77,77,52,52,9,92,91,94,94,79,74,74,69,101,101,101,110,113,113,116,116,107,119,119,119,104,83],"gold":305,"neow_bonus":"RANDOM_COMMON_RELIC","is_daily":false,"chose_seed":false,"campfire_upgraded":14,"win_rate":0.0,"timestamp":1609336595,"path_taken":["M","M","?","$","?","R","?","R","T","M","E","R","M","M","R","BOSS","M","AVR","M","M","M","R","?","R","T","?","PTL","PTL","R","?","?","E","R","BOSS","M","?","AVR","M","M","R","E","R","T","R","M","M","?","M","R","BOSS","R","$","E","BOSS"],"items_purchased_type":["Relic","Card","Relic","Relic","Relic","Relic","Relic","Potion"],"build_version":"2020-12-22","purchased_purges":6,"victory":true,"max_hp_per_floor":[75,75,75,75,75,75,75,75,75,75,75,75,75,75,75,75,80,82,82,84,84,86,86,86,86,86,86,86,86,86,86,86,89,89,92,92,95,98,98,101,104,104,107,107,107,107,110,113,113,116,116,119,119,119,119,122,125],"card_choices":[{"not_picked":["TheCursedMod:ReleasedKnowledge","TheCursedMod:HellsGateOpen"],"picked":"TheCursedMod:SurpriseAttack","floor":1},{"not_picked":["TheCursedMod:StingEye","TheCursedMod:SpitefulStrike"],"picked":"TheCursedMod:WearCloak","floor":2},{"not_picked":["TheCursedMod:CircleOfWindfury","TheCursedMod:SurpriseAttack"],"picked":"TheCursedMod:Wield","floor":10},{"not_picked":["TheCursedMod:Obscuration","TheCursedMod:TacticalStrike"],"picked":"TheCursedMod:Hemoplague","floor":11},{"not_picked":["TheCursedMod:ManaCirculation","TheCursedMod:Stigma"],"picked":"TheCursedMod:RapidMovement","floor":13},{"not_picked":["TheCursedMod:LuckyCharm","TheCursedMod:ManaBullet"],"picked":"TheCursedMod:CursedBlade","floor":14},{"not_picked":["TheCursedMod:CircleOfAbyss","TheCursedMod:OutForBlood"],"picked":"TheCursedMod:AntiAging","floor":16},{"not_picked":["Hallucinations","hexamod:Haunted"],"picked":"Doubt","floor":17},{"not_picked":["Spreading Infection","hubris:Envy"],"picked":"theDuelist:CurseDarkness","floor":17},{"not_picked":["theDuelist:VampireCurse","theDuelist:CurseArmaments"],"picked":"CurseOfTheBell","floor":17},{"not_picked":["TheCursedMod:AshesToAshes","TheCursedMod:ReleasedKnowledge"],"picked":"TheCursedMod:TacticalStrike","floor":18},{"not_picked":["TheCursedMod:Stretching+1","TheCursedMod:CursedMace"],"picked":"TheCursedMod:SoulReap+1","floor":20},{"not_picked":["TheCursedMod:ForbiddenAlchemy","TheCursedMod:RapidMovement","TheCursedMod:Wield"],"picked":"SKIP","floor":21},{"not_picked":["TheCursedMod:CursedBoomerang","TheCursedMod:Torture","TheCursedMod:CursedMace+1"],"picked":"SKIP","floor":22},{"not_picked":["TheCursedMod:Mangle","TheCursedMod:AshesToAshes+1"],"picked":"TheCursedMod:SpitefulStrike+1","floor":33},{"not_picked":["TheCursedMod:ShockAndAwe","TheCursedMod:ManaCirculation"],"picked":"TheCursedMod:Neurasthenia","floor":35},{"not_picked":["TheCursedMod:SpitefulStrike","TheCursedMod:CursedBlade+1"],"picked":"TheCursedMod:RapidMovement+1","floor":37},{"not_picked":["TheCursedMod:CursedBlade","TheCursedMod:Torture+1"],"picked":"TheCursedMod:SmokeScreen+1","floor":40},{"not_picked":["TheCursedMod:CursedAmulet+1","TheCursedMod:CircleOfCorruption"],"picked":"TheCursedMod:CursedShiv+1","floor":41},{"not_picked":["TheCursedMod:DarkBarrier","TheCursedMod:TacticalStrike"],"picked":"TheCursedMod:SpitefulPlan+1","floor":43},{"not_picked":["TheCursedMod:ManaBullet+1","TheCursedMod:CircleOfFlame+1","TheCursedMod:Obscuration+1"],"picked":"SKIP","floor":47},{"not_picked":["TheCursedMod:ManaBullet","TheCursedMod:Evocation"],"picked":"TheCursedMod:LuckyCharm","floor":48},{"not_picked":["TheCursedMod:CursedMace","TheCursedMod:CircleOfCorruption+1"],"picked":"TheCursedMod:BlessingInDisguise+1","floor":50},{"not_picked":["TheCursedMod:ReleasedKnowledge+1","TheCursedMod:AshesToAshes+1","TheCursedMod:CursedBlade"],"picked":"SKIP","floor":56}],"player_experience":97853,"relics_obtained":[{"floor":5,"key":"Pantograph"},{"floor":9,"key":"ReplayTheSpireMod:Lightbulb"},{"floor":11,"key":"Gremlin Food"},{"floor":33,"key":"Bronze Scales"},{"floor":43,"key":"Darkstone Periapt"},{"floor":45,"key":"Smiling Mask"},{"floor":56,"key":"Lantern"}],"event_choices":[{"damage_healed":0,"gold_gain":0,"player_choice":"Bought 1 Potion","damage_taken":0,"max_hp_gain":0,"max_hp_loss":0,"event_name":"The Woman in Blue","floor":3,"gold_loss":0},{"damage_healed":0,"gold_gain":0,"player_choice":"Stole Relic","damage_taken":0,"relics_obtained":["Pen Nib"],"max_hp_gain":0,"max_hp_loss":0,"event_name":"Addict","floor":27,"gold_loss":0,"cards_obtained":["Shame"]},{"damage_healed":0,"gold_gain":0,"player_choice":"Gave Potion","damage_taken":0,"relics_obtained":["infinitespire:Midas Blood"],"max_hp_gain":0,"max_hp_loss":0,"event_name":"WeMeetAgain","floor":31,"gold_loss":0},{"cards_removed":["TheCursedMod:RapidMovement"],"damage_healed":0,"gold_gain":0,"player_choice":"Removed Skill","damage_taken":0,"max_hp_gain":0,"max_hp_loss":0,"event_name":"Falling","floor":49,"gold_loss":0}],"is_beta":false,"boss_relics":[{"not_picked":["hubris:VirtuousBlindfold","halation:SmartPhone"],"picked":"Replay:Ancient Bell"},{"not_picked":["infinitespire:PuzzleCube","Replay:Mystery Machine"],"picked":"TheCursedMod:Tack"},{"not_picked":["Meat on the Bone","Molten Egg 2"],"picked":"hubris:DuctTape"},{"not_picked":["Turnip","hubris:CuriousFeather"],"picked":"Durian"},{"not_picked":["Runic Pyramid","halation:CatFaceCupcake"],"picked":"Philosopher\u0027s Stone"}],"items_purged_floors":[4,19,24,32,39,55],"is_endless":false,"potions_floor_spawned":[1,2,20,22,33,35,40,41,43,47],"ascension_level":0}}