{"host":"x4x6fw95e6eqd4n0","time":1609310537,"event":{"mods":["AchievementEnabler","BaseMod","Colored Map","Colored Powertips","DeckTracker","Minty Spire (QoL Compilation)","Shop Mod"],"gold_per_floor":[111,111,121,131,151,151,151,151,174,174,208,218,253,264,264,364,364,383,399,419,432,447,447,458,458,458,458,469,469,469],"floor_reached":29,"playtime":1589,"items_purged":[],"score":241,"play_id":"1fed86d8-2c87-4f28-8b15-a2bc1a1c7f5b","local_time":"20201230084217","is_ascension_mode":false,"campfire_choices":[{"data":"Eruption","floor":6,"key":"SMITH"},{"data":"Crescendo","floor":8,"key":"SMITH"},{"data":"Perseverance","floor":10,"key":"SMITH"},{"floor":15,"key":"REST"},{"data":"Blasphemy","floor":23,"key":"SMITH"},{"data":"Ragnarok","floor":25,"key":"SMITH"}],"circlet_count":0,"master_deck":["Strike_P","Strike_P","Defend_P","Defend_P","Defend_P","Defend_P","Eruption+1","Vigilance","WheelKick","Crescendo+1","PathToVictory","Perseverance+1","SandsOfTime","PathToVictory","Adaptation","FearNoEvil","Ragnarok+1","JustLucky","JustLucky+1","Study+1","Blasphemy+1","Protect","FlurryOfBlows","Strike_P","Judgement"],"relics":["VioletLotus","Regal Pillow","Oddly Smooth Stone","Akabeko","Velvet Choker","InkBottle"],"acts_visited":["Exordium","TheCity"],"potions_floor_usage":[5,13,13,18,29,29],"damage_taken":[{"damage":6,"enemies":"Jaw Worm","floor":1,"turns":6},{"damage":1,"enemies":"Cultist","floor":3,"turns":4},{"damage":4,"enemies":"2 Louse","floor":4,"turns":2},{"damage":21,"enemies":"Lots of Slimes","floor":5,"turns":8},{"damage":10,"enemies":"Lagavulin","floor":11,"turns":6},{"damage":4,"enemies":"3 Louse","floor":12,"turns":3},{"damage":21,"enemies":"3 Sentries","floor":13,"turns":11},{"damage":1,"enemies":"Red Slaver","floor":14,"turns":2},{"damage":28,"enemies":"Slime Boss","floor":16,"turns":7},{"damage":3,"enemies":"3 Byrds","floor":18,"turns":4},{"damage":0,"enemies":"Chosen","floor":19,"turns":3},{"damage":0,"enemies":"Snake Plant","floor":20,"turns":2},{"damage":7,"enemies":"Centurion and Healer","floor":21,"turns":5},{"damage":11,"enemies":"Cultist and Chosen","floor":22,"turns":6},{"damage":0,"enemies":"Snake Plant","floor":24,"turns":4},{"damage":19,"enemies":"Shelled Parasite and Fungi","floor":28,"turns":6},{"damage":100023,"enemies":"Centurion and Healer","floor":29,"turns":6}],"seed_played":"6488042021600416191","potions_obtained":[{"floor":1,"key":"Ancient Potion"},{"floor":4,"key":"Swift Potion"},{"floor":11,"key":"EssenceOfSteel"},{"floor":16,"key":"ColorlessPotion"},{"floor":20,"key":"LiquidMemories"},{"floor":22,"key":"SkillPotion"}],"is_trial":false,"path_per_floor":["M","?","M","M","M","R","?","R","T","R","E","M","E","M","R","B",null,"M","M","M","M","M","R","M","R","T","?","M","M"],"character_chosen":"WATCHER","items_purchased":[],"campfire_rested":1,"item_purchase_floors":[],"current_hp_per_floor":[66,66,65,61,40,40,40,40,40,40,30,26,5,4,40,12,72,69,69,69,62,51,51,51,51,51,51,32,0,0],"gold":469,"neow_bonus":"BOSS_RELIC","is_daily":false,"chose_seed":false,"campfire_upgraded":5,"win_rate":0.0,"timestamp":1609310537,"path_taken":["M","?","M","M","?","R","?","R","T","R","E","M","E","?","R","BOSS","M","M","M","M","?","R","M","R","T","?","M","?"],"items_purchased_type":[],"build_version":"2020-12-13","purchased_purges":0,"victory":false,"max_hp_per_floor":[72,72,72,72,72,72,72,72,72,72,72,72,72,72,72,72,72,72,72,72,72,72,72,72,72,72,72,72,72,72],"card_choices":[{"not_picked":["Swivel","Halt"],"picked":"WheelKick","floor":1},{"not_picked":["SignatureMove","Worship"],"picked":"Crescendo","floor":3},{"not_picked":["ThirdEye","Halt"],"picked":"PathToVictory","floor":4},{"not_picked":["WaveOfTheHand","Weave"],"picked":"Perseverance","floor":5},{"not_picked":["BowlingBash","ForeignInfluence"],"picked":"SandsOfTime","floor":11},{"not_picked":["InnerPeace","Pray"],"picked":"PathToVictory","floor":12},{"not_picked":["SandsOfTime","Consecrate"],"picked":"Adaptation","floor":13},{"not_picked":["Swivel","SashWhip"],"picked":"FearNoEvil","floor":14},{"not_picked":["MasterReality","Establishment"],"picked":"Ragnarok","floor":16},{"not_picked":["CrushJoints","Fasting2"],"picked":"JustLucky","floor":18},{"not_picked":["EmptyFist","SashWhip"],"picked":"JustLucky+1","floor":19},{"not_picked":["Halt","DeceiveReality+1"],"picked":"Study+1","floor":20},{"not_picked":["Halt","SandsOfTime"],"picked":"Blasphemy","floor":21},{"not_picked":["Crescendo","Prostrate+1"],"picked":"Protect","floor":22},{"not_picked":["Halt","Crescendo"],"picked":"FlurryOfBlows","floor":24},{"not_picked":["Wallop","EmptyFist+1"],"picked":"Judgement","floor":28}],"player_experience":94762,"relics_obtained":[{"floor":9,"key":"Regal Pillow"},{"floor":11,"key":"Oddly Smooth Stone"},{"floor":13,"key":"Akabeko"},{"floor":26,"key":"InkBottle"}],"event_choices":[{"cards_removed":["Strike_P"],"damage_healed":0,"gold_gain":0,"player_choice":"Offered Basic","damage_taken":0,"max_hp_gain":0,"max_hp_loss":0,"event_name":"Bonfire Elementals","floor":2,"gold_loss":0},{"damage_healed":0,"gold_gain":0,"player_choice":"Bought 0 Potions","damage_taken":0,"max_hp_gain":0,"max_hp_loss":0,"event_name":"The Woman in Blue","floor":7,"gold_loss":0},{"cards_removed":["Strike_P"],"damage_healed":0,"gold_gain":0,"player_choice":"Took Card","damage_taken":0,"max_hp_gain":0,"max_hp_loss":0,"event_name":"NoteForYourself","floor":27,"gold_loss":0,"cards_obtained":["Strike_P"]}],"is_beta":false,"boss_relics":[{"not_picked":["Tiny House","Runic Pyramid"],"picked":"Velvet Choker"}],"items_purged_floors":[],"is_endless":false,"potions_floor_spawned":[1,4,11,16,20,22],"killed_by":"Centurion and Healer","ascension_level":0}}