{"host":"a1eatafr7pisesky","time":1609348028,"event":{"mods":["BaseMod","Colored Map","DeckTracker","Highlight Path","Keyboard Shortcuts","Minty Spire (QoL Compilation)","Permanent Neow","Random Character Button","StSLib","SuperFastMode","everything is the same but u backflip on backflip"],"gold_per_floor":[111,186,186,186,111,145,145,172,172,192,192,142,161,187,187,292,292,302,302,96,116,129,129,129,129,129,160,160,110,110,129,129,231,231,249,199,215,165,184,184,218,233,288,288,307,326,326,338,338,338,338,338,133,164,164],"floor_reached":56,"playtime":3324,"items_purged":["Defend_B","Defend_B","Tempest","Hello World","Redo","Zap","Conserve Battery"],"score":1584,"play_id":"151021c0-e5b9-447d-8798-e9a719729e9c","local_time":"20201231020708","is_ascension_mode":true,"campfire_choices":[{"data":"Dualcast","floor":11.0,"key":"SMITH"},{"floor":15.0,"key":"REST"},{"floor":23.0,"key":"REST"},{"data":"Buffer","floor":28,"key":"SMITH"},{"floor":30,"key":"REST"},{"data":"Storm","floor":32,"key":"SMITH"},{"data":"Creative AI","floor":40,"key":"SMITH"},{"floor":49,"key":"RECALL"},{"data":"Echo Form","floor":52,"key":"SMITH"}],"circlet_count":0,"master_deck":["Dualcast+1","Go for the Eyes","Storm+1","Undo","White Noise","Echo Form+1","Buffer+1","Ball Lightning+1","Coolheaded","Biased Cognition","Capacitor","Creative AI+1","Turbo+1","Heatsinks+1","Force Field+1","Capacitor+1"],"relics":["Cracked Core","NeowsBlessing","StrikeDummy","Smiling Mask","Prayer Wheel","Pen Nib","Pear","Toy Ornithopter","Pandora\u0027s Box","OrangePellets","Darkstone Periapt","Gambling Chip","Coffee Dripper","Letter Opener","Anchor"],"acts_visited":["Exordium","TheCity","TheBeyond","TheEnding"],"potions_floor_usage":[27,27,33,54,55,55,55,55],"damage_taken":[{"damage":0.0,"enemies":"Jaw Worm","floor":1.0,"turns":1.0},{"damage":0.0,"enemies":"3 Sentries","floor":6.0,"turns":1.0},{"damage":0.0,"enemies":"Lagavulin","floor":8.0,"turns":1.0},{"damage":11.0,"enemies":"Small Slimes","floor":10.0,"turns":3.0},{"damage":0.0,"enemies":"2 Louse","floor":13.0,"turns":1.0},{"damage":20.0,"enemies":"3 Sentries","floor":14.0,"turns":6.0},{"damage":20.0,"enemies":"Slime Boss","floor":16.0,"turns":10.0},{"damage":9.0,"enemies":"Shell Parasite","floor":18.0,"turns":8.0},{"damage":30.0,"enemies":"2 Thieves","floor":21.0,"turns":4.0},{"damage":5.0,"enemies":"Centurion and Healer","floor":22.0,"turns":7.0},{"damage":25,"enemies":"Slavers","floor":27,"turns":4},{"damage":0,"enemies":"Snecko","floor":31,"turns":4},{"damage":0,"enemies":"Automaton","floor":33,"turns":8},{"damage":3,"enemies":"Orb Walker","floor":35,"turns":3},{"damage":10,"enemies":"3 Darklings","floor":37,"turns":4},{"damage":2,"enemies":"Spire Growth","floor":39,"turns":5},{"damage":12,"enemies":"Nemesis","floor":41,"turns":6},{"damage":0,"enemies":"Transient","floor":42,"turns":5},{"damage":0,"enemies":"Jaw Worm Horde","floor":45,"turns":3},{"damage":9,"enemies":"4 Shapes","floor":46,"turns":2},{"damage":0,"enemies":"Maw","floor":48,"turns":4},{"damage":38,"enemies":"Awakened One","floor":50,"turns":7},{"damage":43,"enemies":"Shield and Spear","floor":54,"turns":7},{"damage":33,"enemies":"The Heart","floor":55,"turns":9}],"seed_played":"7110734032173100221","potions_obtained":[{"floor":6.0,"key":"FocusPotion"},{"floor":10.0,"key":"EssenceOfSteel"},{"floor":16.0,"key":"EntropicBrew"},{"floor":22.0,"key":"LiquidBronze"},{"floor":27,"key":"ColorlessPotion"},{"floor":31,"key":"SpeedPotion"},{"floor":35,"key":"PotionOfCapacity"},{"floor":39,"key":"Ancient Potion"},{"floor":48,"key":"PowerPotion"}],"is_trial":false,"path_per_floor":["M","?","T","?","$","E","?","E","T","M","R","$","M","E","R","B",null,"M","?","$","M","M","R","?","?","T","E","R","$","R","M","R","B",null,"M","$","M","$","M","R","E","M","T","?","M","M","?","M","R","B",null,"R","$","E","B",null],"character_chosen":"DEFECT","items_purchased":["OrangePellets","Anchor"],"campfire_rested":3,"item_purchase_floors":[20,53],"current_hp_per_floor":[68,57,57,50,50,50,43,43,53,42,42,42,42,22,47,27,71,62,46,46,16,16,43,43,43,43,28,28,28,55,55,55,60,83,80,80,70,70,68,68,56,56,56,56,56,47,47,47,47,9,70,70,70,32,19],"gold":164,"neow_bonus":"THREE_ENEMY_KILL","is_daily":false,"chose_seed":false,"campfire_upgraded":5,"win_rate":0.0,"timestamp":1609348028,"path_taken":["M","?","?","?","$","E","?","E","T","?","R","$","M","E","R","BOSS","M","?","$","M","M","R","?","?","T","E","R","$","R","M","R","BOSS","M","$","M","$","M","R","E","M","T","?","M","M","?","M","R","BOSS","R","$","E","BOSS"],"items_purchased_type":["Relic","Relic"],"build_version":"2020-12-22","purchased_purges":7,"victory":true,"max_hp_per_floor":[75,75,75,75,75,75,75,75,85,85,85,85,85,85,85,85,85,85,90,90,90,90,90,90,90,90,90,90,90,90,90,90,90,90,90,90,90,90,90,90,90,90,90,90,90,90,90,90,90,90,90,90,90,90,90],"card_choices":[{"not_picked":["Steam","Rebound"],"picked":"Go for the Eyes","floor":1.0},{"not_picked":["Compile Driver","Loop","Fusion"],"picked":"SKIP","floor":6.0},{"not_picked":["Static Discharge","Melter"],"picked":"Storm","floor":8.0},{"not_picked":["Scrape","Rebound"],"picked":"Undo","floor":10.0},{"not_picked":["BootSequence","Redo","Hologram"],"picked":"SKIP","floor":10.0},{"not_picked":["Coolheaded","Redo"],"picked":"White Noise","floor":13.0},{"not_picked":["Loop","Compile Driver","Stack"],"picked":"SKIP","floor":13.0},{"not_picked":["Consume","Hologram"],"picked":"Conserve Battery","floor":14.0},{"not_picked":["Thunder Strike","Rainbow"],"picked":"Echo Form","floor":16.0},{"not_picked":["Steam","BootSequence"],"picked":"Ball Lightning+1","floor":18.0},{"not_picked":["Doom and Gloom","Beam Cell","Go for the Eyes"],"picked":"SKIP","floor":18.0},{"not_picked":["Hello World","Lockon"],"picked":"Coolheaded","floor":21.0},{"not_picked":["Heatsinks","Hello World","Fusion"],"picked":"SKIP","floor":21.0},{"not_picked":["Sunder+1","Gash","Recycle"],"picked":"SKIP","floor":22.0},{"not_picked":["Streamline+1","Skim+1","Hello World+1"],"picked":"SKIP","floor":22.0},{"not_picked":["Undo","All For One","Conserve Battery"],"picked":"SKIP","floor":27},{"not_picked":["Beam Cell","Streamline"],"picked":"Capacitor","floor":31},{"not_picked":["Aggregate","Rebound","Go for the Eyes"],"picked":"SKIP","floor":31},{"not_picked":["Hyperbeam","Machine Learning"],"picked":"Creative AI","floor":33},{"not_picked":["Steam Power","Ball Lightning","Blizzard"],"picked":"SKIP","floor":35},{"not_picked":["Gash+1","Barrage+1","All For One"],"picked":"SKIP","floor":35},{"not_picked":["Conserve Battery","Sweeping Beam+1"],"picked":"Turbo+1","floor":37},{"not_picked":["Leap+1","Beam Cell","Turbo"],"picked":"SKIP","floor":37},{"not_picked":["Consume+1","Biased Cognition"],"picked":"Heatsinks+1","floor":39},{"not_picked":["Auto Shields+1","Conserve Battery","Ball Lightning"],"picked":"SKIP","floor":39},{"not_picked":["Blizzard","Barrage","Rebound+1"],"picked":"SKIP","floor":41},{"not_picked":["Leap+1","Redo+1","Steam+1"],"picked":"SKIP","floor":42},{"not_picked":["Defragment","Steam+1","Rebound+1"],"picked":"SKIP","floor":42},{"not_picked":["Stack","Skim"],"picked":"Force Field+1","floor":45},{"not_picked":["Go for the Eyes","Ball Lightning","Turbo+1"],"picked":"SKIP","floor":45},{"not_picked":["Chill+1","Multi-Cast"],"picked":"Capacitor+1","floor":46},{"not_picked":["Barrage","Double Energy","Defragment"],"picked":"SKIP","floor":46},{"not_picked":["Blizzard","Stack+1","Go for the Eyes+1"],"picked":"SKIP","floor":48},{"not_picked":["Go for the Eyes+1","Capacitor","Loop"],"picked":"SKIP","floor":48},{"not_picked":["Fission","Compile Driver","Coolheaded+1"],"picked":"SKIP","floor":54}],"player_experience":273227,"relics_obtained":[{"floor":3.0,"key":"StrikeDummy"},{"floor":6.0,"key":"Smiling Mask"},{"floor":8.0,"key":"Pen Nib"},{"floor":9.0,"key":"Pear"},{"floor":14.0,"key":"Toy Ornithopter"},{"floor":26,"key":"Darkstone Periapt"},{"floor":27,"key":"Gambling Chip"},{"floor":41,"key":"Letter Opener"}],"event_choices":[{"damage_healed":0.0,"max_hp_gain":0.0,"max_hp_loss":0.0,"gold_gain":75.0,"event_name":"World of Goop","player_choice":"Gather Gold","floor":2.0,"gold_loss":0.0,"damage_taken":11.0},{"cards_removed":["Strike_B"],"damage_healed":0.0,"max_hp_gain":0.0,"max_hp_loss":0.0,"gold_gain":0.0,"event_name":"Golden Wing","player_choice":"Card Removal","floor":4.0,"gold_loss":0.0,"damage_taken":7.0},{"damage_healed":0.0,"max_hp_gain":0.0,"max_hp_loss":0.0,"gold_gain":0.0,"event_name":"Scrap Ooze","player_choice":"Success","floor":7.0,"gold_loss":0.0,"damage_taken":7.0,"relics_obtained":["Prayer Wheel"]},{"damage_healed":0.0,"max_hp_gain":5.0,"max_hp_loss":0.0,"gold_gain":0.0,"event_name":"Forgotten Altar","player_choice":"Shed Blood","floor":19.0,"gold_loss":0.0,"damage_taken":21.0},{"damage_healed":0,"gold_gain":0,"player_choice":"Ignored","damage_taken":0,"max_hp_gain":0,"max_hp_loss":0,"event_name":"The Mausoleum","floor":24,"gold_loss":0},{"damage_healed":0,"gold_gain":0,"player_choice":"Read","damage_taken":0,"max_hp_gain":0,"max_hp_loss":0,"event_name":"The Library","floor":25,"gold_loss":0,"cards_obtained":["Biased Cognition"]},{"cards_removed":["Chill"],"damage_healed":0,"gold_gain":0,"player_choice":"Removed Skill","damage_taken":0,"max_hp_gain":0,"max_hp_loss":0,"event_name":"Falling","floor":44,"gold_loss":0},{"damage_healed":0,"gold_gain":0,"player_choice":"Memory 1","damage_taken":0,"max_hp_gain":0,"max_hp_loss":0,"event_name":"SensoryStone","floor":47,"gold_loss":0}],"is_beta":false,"boss_relics":[{"not_picked":["Sozu","Empty Cage"],"picked":"Pandora\u0027s Box"},{"not_picked":["Astrolabe","Runic Dome"],"picked":"Coffee Dripper"}],"items_purged_floors":[5,12,20,29,36,38,53],"is_endless":false,"potions_floor_spawned":[6,10,16,22,27,31,35,39,46,48],"ascension_level":6}}