{"host":"m77rrhbqzv44va4v","time":1609358011,"event":{"mods":["AchievementEnabler","BaseMod","Colored Map","DeckTracker","Keyboard Shortcuts","Minty Spire (QoL Compilation)","StSLib","SuperFastMode","everything is the same but u backflip on backflip"],"gold_per_floor":[125,149,161,173,185,227,249,261,296,321,333,358,411,403,415,512,524,557,100,113,113,113],"floor_reached":21,"playtime":477,"items_purged":["Strike_G"],"score":378,"play_id":"61c2b050-3d93-4a68-9aa5-c7b7cad71829","local_time":"20201231045331","is_ascension_mode":true,"campfire_choices":[{"floor":8.0,"key":"REST"},{"data":"Leg Sweep","floor":11.0,"key":"SMITH"},{"floor":15.0,"key":"REST"}],"circlet_count":0,"master_deck":["AscendersBane","Strike_G","Strike_G+1","Strike_G","Defend_G","Defend_G","Defend_G","Defend_G","Defend_G","Survivor","Neutralize","Bouncing Flask+1","Bane","Backflip","Leg Sweep+1","Dagger Throw","Dash","Corpse Explosion","Catalyst","Crippling Poison"],"relics":["Ring of the Snake","MawBank","Boot","Oddly Smooth Stone","Snake Skull","CeramicFish","HoveringKite","Dream Catcher","Sling"],"acts_visited":["Exordium","TheCity"],"potions_floor_usage":[21],"damage_taken":[{"damage":3.0,"enemies":"Small Slimes","floor":1.0,"turns":5.0},{"damage":0.0,"enemies":"2 Louse","floor":2.0,"turns":3.0},{"damage":17.0,"enemies":"Lagavulin","floor":6.0,"turns":5.0},{"damage":0.0,"enemies":"Cultist","floor":7.0,"turns":3.0},{"damage":2.0,"enemies":"3 Louse","floor":10.0,"turns":5.0},{"damage":0.0,"enemies":"Lots of Slimes","floor":12.0,"turns":4.0},{"damage":18.0,"enemies":"Gremlin Nob","floor":13.0,"turns":4.0},{"damage":4.0,"enemies":"The Guardian","floor":16.0,"turns":9.0},{"damage":9.0,"enemies":"Chosen","floor":18.0,"turns":5.0},{"damage":11.0,"enemies":"Spheric Guardian","floor":20.0,"turns":3.0},{"damage":39,"enemies":"Snake Plant","floor":21,"turns":7}],"seed_played":"-2597199861420107747","potions_obtained":[{"floor":1.0,"key":"Energy Potion"},{"floor":7.0,"key":"Block Potion"},{"floor":10.0,"key":"DistilledChaos"},{"floor":13.0,"key":"Weak Potion"},{"floor":14.0,"key":"Energy Potion"},{"floor":16.0,"key":"GamblersBrew"}],"is_trial":false,"path_per_floor":["M","M","?","?","?","E","M","R","T","M","R","M","E","?","R","B",null,"M","$","M","M"],"character_chosen":"THE_SILENT","items_purchased":["Crippling Poison","Dream Catcher","Sling"],"campfire_rested":2,"item_purchase_floors":[19,19,19],"current_hp_per_floor":[56,56,36,36,36,19,19,38,38,36,36,36,18,18,37,33,58,49,49,38,0,0],"gold":113,"neow_bonus":"RANDOM_COMMON_RELIC","is_daily":false,"chose_seed":false,"campfire_upgraded":1,"win_rate":0.0,"timestamp":1609358011,"path_taken":["M","M","?","?","?","E","M","R","T","?","R","M","E","?","R","BOSS","M","$","M","M"],"items_purchased_type":["Card","Relic","Relic"],"build_version":"2020-12-22","purchased_purges":1,"victory":false,"max_hp_per_floor":[66,66,66,66,66,66,66,66,66,66,66,66,66,66,66,66,66,66,66,66,66,66],"card_choices":[{"not_picked":["Backflip","PiercingWail"],"picked":"Bouncing Flask","floor":1.0},{"not_picked":["Predator","Footwork"],"picked":"Bane","floor":2.0},{"not_picked":["Poisoned Stab","Backstab"],"picked":"Backflip","floor":6.0},{"not_picked":["Dodge and Roll","Deadly Poison"],"picked":"Leg Sweep","floor":7.0},{"not_picked":["Blade Dance","Underhanded Strike","Prepared"],"picked":"SKIP","floor":10.0},{"not_picked":["Acrobatics","Dodge and Roll"],"picked":"Dagger Throw","floor":12.0},{"not_picked":["Die Die Die","Choke"],"picked":"Dash","floor":13.0},{"not_picked":["Malaise","Venomology"],"picked":"Corpse Explosion","floor":16.0},{"not_picked":["Concentrate","Bouncing Flask"],"picked":"Catalyst","floor":18.0},{"not_picked":["Blade Dance","Concentrate","Choke"],"picked":"SKIP","floor":20.0}],"player_experience":841684,"relics_obtained":[{"floor":6.0,"key":"Oddly Smooth Stone"},{"floor":9.0,"key":"Snake Skull"},{"floor":13.0,"key":"CeramicFish"}],"event_choices":[{"damage_healed":0.0,"max_hp_gain":0.0,"max_hp_loss":0.0,"gold_gain":0.0,"event_name":"Shining Light","player_choice":"Entered Light","floor":3.0,"gold_loss":0.0,"damage_taken":20.0,"cards_upgraded":["Strike_G","Bouncing Flask"]},{"cards_removed":["Strike_G"],"damage_healed":0.0,"max_hp_gain":0.0,"max_hp_loss":0.0,"gold_gain":0.0,"event_name":"Living Wall","player_choice":"Forget","floor":4.0,"gold_loss":0.0,"damage_taken":0.0},{"damage_healed":0.0,"max_hp_gain":0.0,"max_hp_loss":0.0,"gold_gain":0.0,"event_name":"WeMeetAgain","player_choice":"Gave Potion","floor":5.0,"gold_loss":0.0,"damage_taken":0.0,"relics_obtained":["Boot"]},{"damage_healed":0.0,"max_hp_gain":0.0,"max_hp_loss":0.0,"gold_gain":0.0,"event_name":"The Woman in Blue","player_choice":"Bought 1 Potion","floor":14.0,"gold_loss":0.0,"damage_taken":0.0}],"is_beta":false,"boss_relics":[{"not_picked":["Pandora\u0027s Box","Ectoplasm"],"picked":"HoveringKite"}],"items_purged_floors":[19],"is_endless":false,"potions_floor_spawned":[1,7,10,13,16],"killed_by":"Snake Plant","ascension_level":20}}