{"host":"kdt6w7ix8lwe69i9","time":1609339358,"event":{"mods":["Bartender","BaseMod","ChefMod","Downfall","Fiend Mod","Jorbs\u0027s Wanderer Trilogy","Minty Spire (QoL Compilation)","Reimu（博丽灵梦）","Robot Space Explorer","StSLib","The Cursed","The Disciple","The Dragon Tamer","The Druid","The Elementalist","The Forsaken","The Gatherer","The Judge","The Marked","TheBandit"],"gold_per_floor":[361,374,392,392,392,392,421,434,434,444,444,460,494,168,168,168,168],"floor_reached":16,"playtime":1928,"items_purged":[],"score":112,"play_id":"97fe479c-529b-4968-b74f-fdcdf4f699b7","local_time":"20201230094238","is_ascension_mode":false,"campfire_choices":[{"floor":6,"key":"REST"},{"floor":11,"key":"REST"},{"floor":15,"key":"REST"}],"circlet_count":0,"master_deck":["chefmod:Strike","chefmod:Strike","chefmod:Strike","chefmod:Strike","chefmod:Strike","chefmod:Defend","chefmod:Defend","chefmod:Defend","chefmod:QuickThaw+1","chefmod:TodaysSpecial","chefmod:Fillet","chefmod:SliceAndDice","chefmod:QuickChop","chefmod:Gelato","chefmod:Julienne","chefmod:SpaghettiCarbonara","chefmod:FireUp","chefmod:ColdSteel","Violence"],"relics":["chefmod:TrustyPot","theForsaken:ScaryMask","Bottled Flame","Blue Candle","Strange Spoon"],"acts_visited":["Exordium"],"potions_floor_usage":[12,13,16],"damage_taken":[{"damage":0,"enemies":"Cultist","floor":1,"turns":4},{"damage":1,"enemies":"Jaw Worm","floor":2,"turns":4},{"damage":0,"enemies":"Small Slimes","floor":3,"turns":3},{"damage":41,"enemies":"3 Sentries","floor":7,"turns":8},{"damage":0,"enemies":"Exordium Wildlife","floor":8,"turns":3},{"damage":4,"enemies":"2 Fungi Beasts","floor":10,"turns":3},{"damage":11,"enemies":"Gremlin Gang","floor":12,"turns":4},{"damage":13,"enemies":"Gremlin Nob","floor":13,"turns":4},{"damage":52,"enemies":"The Guardian","floor":16,"turns":7}],"seed_played":"-161293749696383326","potions_obtained":[{"floor":10,"key":"DistilledChaos"},{"floor":12,"key":"AttackPotion"},{"floor":13,"key":"Weak Potion"}],"is_trial":false,"path_per_floor":["M","M","M","?","?","R","E","M","T","M","R","M","E","$","R","B"],"character_chosen":"THE_CHEF","items_purchased":["Strange Spoon","Violence"],"campfire_rested":3,"item_purchase_floors":[14,14],"current_hp_per_floor":[55,54,54,54,54,76,35,35,35,31,53,42,29,29,51,0,0],"gold":168,"neow_bonus":"TWO_FIFTY_GOLD","is_daily":false,"chose_seed":false,"campfire_upgraded":0,"win_rate":0.0,"timestamp":1609339358,"path_taken":["M","M","?","?","?","R","E","?","T","M","R","M","E","$","R","BOSS"],"items_purchased_type":["Relic","Card"],"build_version":"2020-12-22","purchased_purges":0,"victory":false,"max_hp_per_floor":[76,76,76,76,76,76,76,76,76,76,76,76,76,76,76,76,76],"card_choices":[{"not_picked":["chefmod:LocoMoco","chefmod:IcePick"],"picked":"chefmod:Fillet","floor":1},{"not_picked":["chefmod:Omelette","chefmod:CayenneCloud"],"picked":"chefmod:SliceAndDice","floor":2},{"not_picked":["chefmod:VegetableTart","chefmod:HotSoup"],"picked":"chefmod:QuickChop","floor":3},{"not_picked":["chefmod:Defrost","chefmod:ColdSteel"],"picked":"chefmod:Gelato","floor":7},{"not_picked":["chefmod:Sorbet","chefmod:Defrost"],"picked":"chefmod:Julienne","floor":8},{"not_picked":["chefmod:Sorbet","chefmod:ColdSteel"],"picked":"chefmod:SpaghettiCarbonara","floor":10},{"not_picked":["chefmod:FryPan","chefmod:SaveForLater"],"picked":"chefmod:FireUp","floor":12},{"not_picked":["chefmod:BaoBuns","chefmod:Puree"],"picked":"chefmod:ColdSteel","floor":13}],"player_experience":1644973,"relics_obtained":[{"floor":7,"key":"theForsaken:ScaryMask"},{"floor":9,"key":"Bottled Flame"},{"floor":13,"key":"Blue Candle"}],"event_choices":[{"damage_healed":0,"gold_gain":0,"player_choice":"Ignored","damage_taken":0,"max_hp_gain":0,"max_hp_loss":0,"event_name":"Golden Wing","floor":4,"gold_loss":0},{"damage_healed":0,"gold_gain":0,"player_choice":"Upgraded","damage_taken":0,"max_hp_gain":0,"max_hp_loss":0,"event_name":"Upgrade Shrine","floor":5,"gold_loss":0,"cards_upgraded":["chefmod:QuickThaw"]}],"is_beta":false,"boss_relics":[],"items_purged_floors":[],"is_endless":false,"potions_floor_spawned":[10,12,13],"killed_by":"The Guardian","ascension_level":0}}