{"host":"q8niu1x2pgv94o1d","time":1609365955,"event":{"mods":["AchievementEnabler","BaseMod","Colored Map","Colored Powertips","Minty Spire (QoL Compilation)","StSLib"],"gold_per_floor":[112,162,176,187,207,237,249,285,285,285,323,340,340,362,362,444,444,468,468,477,489,508,508,508,508],"floor_reached":24,"playtime":2540,"items_purged":[],"score":440,"play_id":"032b8565-67cd-4030-9a93-6f8392947d60","local_time":"20201230230555","is_ascension_mode":true,"campfire_choices":[{"floor":10.0,"key":"REST"},{"floor":13.0,"key":"REST"},{"data":"Footwork","floor":15.0,"key":"SMITH"},{"floor":23,"key":"REST"}],"circlet_count":0,"master_deck":["AscendersBane","Strike_G","Strike_G","Strike_G","Strike_G","Strike_G","Defend_G","Defend_G","Defend_G","Defend_G","Defend_G","Survivor","Neutralize","Deadly Poison","Sucker Punch","Masterful Stab","Footwork+1","Crippling Poison","Dagger Spray","Catalyst","Caltrops","Prepared","Burst","PiercingWail","Pain","Deflect+1"],"relics":["Ring of the Snake","NeowsBlessing","Question Card","CeramicFish","Bottled Tornado","White Beast Statue","Runic Pyramid","Enchiridion","WarpedTongs"],"acts_visited":["Exordium","TheCity"],"potions_floor_usage":[16,18,22,22,24],"damage_taken":[{"damage":0.0,"enemies":"2 Louse","floor":1.0,"turns":1.0},{"damage":0.0,"enemies":"Cultist","floor":3.0,"turns":1.0},{"damage":0.0,"enemies":"Small Slimes","floor":4.0,"turns":1.0},{"damage":0.0,"enemies":"Red Slaver","floor":5.0,"turns":3.0},{"damage":29.0,"enemies":"Lagavulin","floor":6.0,"turns":9.0},{"damage":6.0,"enemies":"Lots of Slimes","floor":7.0,"turns":4.0},{"damage":3.0,"enemies":"3 Sentries","floor":8.0,"turns":7.0},{"damage":24.0,"enemies":"Gremlin Nob","floor":11.0,"turns":4.0},{"damage":0.0,"enemies":"Large Slime","floor":12.0,"turns":7.0},{"damage":6.0,"enemies":"Red Slaver","floor":14.0,"turns":3.0},{"damage":22,"enemies":"The Guardian","floor":16,"turns":11},{"damage":11,"enemies":"Shell Parasite","floor":18,"turns":7},{"damage":0,"enemies":"3 Byrds","floor":21,"turns":3},{"damage":12,"enemies":"Shelled Parasite and Fungi","floor":22,"turns":3},{"damage":33,"enemies":"Slavers","floor":24,"turns":6}],"seed_played":"7629159035659660666","potions_obtained":[{"floor":1.0,"key":"Block Potion"},{"floor":6.0,"key":"DuplicationPotion"},{"floor":8.0,"key":"EssenceOfSteel"},{"floor":11.0,"key":"BlessingOfTheForge"},{"floor":12.0,"key":"AttackPotion"},{"floor":14.0,"key":"ColorlessPotion"},{"floor":16,"key":"Fire Potion"},{"floor":18,"key":"Energy Potion"},{"floor":21,"key":"Poison Potion"},{"floor":22,"key":"GamblersBrew"}],"is_trial":false,"path_per_floor":["M","?","M","M","M","E","M","E","T","R","E","M","R","M","R","B",null,"M","?","?","M","M","R","E"],"character_chosen":"THE_SILENT","items_purchased":[],"campfire_rested":3,"item_purchase_floors":[],"current_hp_per_floor":[59,53,53,53,53,24,18,15,15,34,10,10,29,23,23,1,50,39,18,18,18,6,25,0,0],"gold":508,"neow_bonus":"THREE_ENEMY_KILL","is_daily":false,"chose_seed":false,"campfire_upgraded":1,"win_rate":0.0,"timestamp":1609365955,"path_taken":["M","?","?","M","M","E","M","E","T","R","E","M","R","M","R","BOSS","M","?","?","M","M","R","E"],"items_purchased_type":[],"build_version":"2020-12-22","purchased_purges":0,"victory":false,"max_hp_per_floor":[66,66,66,66,66,66,66,66,66,66,66,66,66,66,66,66,66,66,66,66,66,66,66,66,66],"card_choices":[{"not_picked":["Well Laid Plans","Eviscerate"],"picked":"Deadly Poison","floor":1.0},{"not_picked":["PiercingWail","Choke"],"picked":"Sucker Punch","floor":3.0},{"not_picked":["Deflect","Footwork"],"picked":"Masterful Stab","floor":4.0},{"not_picked":["Concentrate","Bane"],"picked":"Footwork","floor":5.0},{"not_picked":["Choke","Accuracy"],"picked":"Crippling Poison","floor":6.0},{"not_picked":["Deflect","Deadly Poison","Infinite Blades"],"picked":"Dagger Spray","floor":7.0},{"not_picked":["Masterful Stab","Well Laid Plans","Prepared"],"picked":"Catalyst","floor":8.0},{"not_picked":["Underhanded Strike","Dagger Throw","Acrobatics"],"picked":"Caltrops","floor":11.0},{"not_picked":["Distraction","Deadly Poison","A Thousand Cuts","Slice"],"picked":"SKIP","floor":12.0},{"not_picked":["Bane","Concentrate","Dodge and Roll"],"picked":"Prepared","floor":14.0},{"not_picked":["Phantasmal Killer","Tools of the Trade","Bullet Time"],"picked":"Burst","floor":16},{"not_picked":["Acrobatics","Slice","Prepared"],"picked":"PiercingWail","floor":18},{"not_picked":["Slice","Finisher","Prepared+1","Choke"],"picked":"SKIP","floor":21},{"not_picked":["Heel Hook","Accuracy","Poisoned Stab+1"],"picked":"Deflect+1","floor":22}],"player_experience":1706762,"relics_obtained":[{"floor":6.0,"key":"Question Card"},{"floor":8.0,"key":"CeramicFish"},{"floor":9.0,"key":"Bottled Tornado"},{"floor":11.0,"key":"White Beast Statue"},{"floor":19,"key":"Enchiridion"}],"event_choices":[{"damage_healed":0.0,"max_hp_gain":0.0,"max_hp_loss":0.0,"gold_gain":50.0,"event_name":"FaceTrader","player_choice":"Touch","floor":2.0,"gold_loss":0.0,"damage_taken":6.0},{"damage_healed":0,"gold_gain":0,"player_choice":"Obtained Book","damage_taken":21,"max_hp_gain":0,"max_hp_loss":0,"event_name":"Cursed Tome","floor":19,"gold_loss":0},{"damage_healed":0,"gold_gain":0,"player_choice":"Rummage","damage_taken":0,"relics_obtained":["WarpedTongs"],"max_hp_gain":0,"max_hp_loss":0,"event_name":"Accursed Blacksmith","floor":20,"gold_loss":0,"cards_obtained":["Pain"]}],"is_beta":false,"boss_relics":[{"not_picked":["Empty Cage","Runic Dome"],"picked":"Runic Pyramid"}],"items_purged_floors":[],"is_endless":false,"potions_floor_spawned":[1,6,8,11,12,14,16,18,21,22],"killed_by":"Slavers","ascension_level":20}}