{"host":"f5ezd1v29dtbwkzo","time":1609363284,"event":{"mods":["2.2 Compatiblity","BaseMod","Hermit","Hubris","Infinite Spire","Minty Spire (QoL Compilation)","Rare Cards Sparkle","Replay The Spire","StSLib"],"gold_per_floor":[118,136,155,169,169,203,203,221,221,221,221,221,256,256,256,354,354,364,374,9,9,28,28,28,56,56,156,166,166,178,192,192,287,287,301,320,320,338,353,353,313,341,367,379,145,180,196,212,212,212,212],"floor_reached":50,"playtime":3054,"items_purged":["Defend_B"],"score":536,"play_id":"82d8d6d9-0fb0-4b29-8192-3de541b75815","local_time":"20201231002124","is_ascension_mode":false,"campfire_choices":[{"data":"Ball Lightning","floor":7,"key":"SMITH"},{"data":"Dualcast","floor":10,"key":"SMITH"},{"data":"Steam","floor":12,"key":"SMITH"},{"data":"Zap","floor":15,"key":"SMITH"},{"floor":23,"key":"RECALL"},{"floor":29,"key":"REST"},{"floor":32,"key":"REST"},{"data":"Barrage","floor":40,"key":"SMITH"},{"floor":49,"key":"REST"}],"circlet_count":0,"master_deck":["Strike_B+1","Strike_B+1","Defend_B","Defend_B","Zap+1","Dualcast+1","Steam+1","Ball Lightning+1","Conserve Battery","Chill","Reinforced Body","ReplayRNGCard","AbeCurse","Storm","Sweeping Beam","Redo","Coolheaded+1","FIFO Queue","BasicCrystalCard+1","Conserve Battery","Amplify","Barrage+1","Loop+1","Sweeping Beam+1","BasicCrystalCard+1","Conserve Battery+1","hubris:Ukulele","Replay:BasicMightCard","Compile Driver+1","Recycle"],"relics":["Cracked Core","NlothsMask","hubris:MysteriousPyramids","Whetstone","Replay:Grab Bag","hubris:CrackedHourglass","Abe\u0027s Treasure","Replay:Drink Me","hubris:Backtick","Gremlin Horn","Replay:Bottled Snecko","Replay:Towering Pillar of Hats","Lizard Tail","Sozu","Bronze Scales","Nunchaku","Solar Panel"],"acts_visited":["Exordium","TheCity","TheBeyond"],"potions_floor_usage":[16,33,33,39],"damage_taken":[{"damage":0,"enemies":"Small Slimes","floor":1,"turns":3},{"damage":6,"enemies":"Cultist","floor":2,"turns":3},{"damage":1,"enemies":"2 Louse","floor":3,"turns":2},{"damage":2,"enemies":"Blue Slaver","floor":4,"turns":3},{"damage":15,"enemies":"3 Sentries","floor":6,"turns":7},{"damage":0,"enemies":"2 Fungi Beasts","floor":8,"turns":4},{"damage":8,"enemies":"Lagavulin","floor":13,"turns":5},{"damage":20,"enemies":"Fading Forest","floor":16,"turns":11},{"damage":0,"enemies":"Shell Parasite","floor":18,"turns":5},{"damage":4,"enemies":"3 Byrds","floor":19,"turns":5},{"damage":4,"enemies":"Sentry and Sphere","floor":22,"turns":5},{"damage":13,"enemies":"Gremlin Leader","floor":25,"turns":5},{"damage":11,"enemies":"Centurion and Healer","floor":28,"turns":7},{"damage":2,"enemies":"Snake Plant","floor":30,"turns":5},{"damage":0,"enemies":"Cultist and Chosen","floor":31,"turns":6},{"damage":9,"enemies":"Automaton","floor":33,"turns":10},{"damage":16,"enemies":"3 Darklings","floor":35,"turns":5},{"damage":1,"enemies":"Orb Walker","floor":36,"turns":5},{"damage":0,"enemies":"Maw","floor":38,"turns":8},{"damage":4,"enemies":"Sphere and 2 Shapes","floor":39,"turns":4},{"damage":21,"enemies":"R_Hoarder","floor":42,"turns":8},{"damage":36,"enemies":"Jaw Worm Horde","floor":44,"turns":4},{"damage":28,"enemies":"Giant Head","floor":46,"turns":9},{"damage":4,"enemies":"Spire Growth","floor":47,"turns":5},{"damage":0,"enemies":"Maw","floor":48,"turns":5},{"damage":8,"enemies":"Replay:Hell Engine","floor":50,"turns":9}],"seed_played":"2616039896504063145","potions_obtained":[{"floor":3,"key":"Milkshake"},{"floor":4,"key":"DistilledChaos"},{"floor":13,"key":"SteroidPotion"},{"floor":33,"key":"Explosive Potion"}],"is_trial":false,"path_per_floor":["M","M","M","M","?","E","R","M","T","R","?","R","E","?","R","B",null,"M","M","$","?","M","R","$","E","T","?","M","R","M","M","R","B",null,"M","M","?","M","M","R","?","E","T","M","$","E","M","M","R","B"],"character_chosen":"DEFECT","items_purchased":["FairyPotion","Replay:Bottled Snecko","Redo","hubris:Ukulele","Replay:BasicMightCard"],"campfire_rested":3,"item_purchase_floors":[20,20,20,45,45],"current_hp_per_floor":[82,76,75,73,73,58,58,58,58,58,63,63,55,55,55,45,66,66,62,62,50,46,46,46,33,33,33,22,43,41,41,62,53,71,55,54,81,81,77,77,77,56,56,20,20,24,26,28,52,0,0],"gold":212,"neow_bonus":"TEN_PERCENT_HP_BONUS","is_daily":false,"chose_seed":false,"campfire_upgraded":5,"win_rate":0.0,"timestamp":1609363284,"path_taken":["M","M","M","M","?","E","R","?","T","R","?","R","E","?","R","BOSS","M","M","$","?","M","R","$","E","T","?","?","R","?","M","R","BOSS","M","M","?","?","M","R","?","E","T","M","?","E","M","?","R","BOSS"],"items_purchased_type":["Potion","Relic","Card","Card","Card"],"build_version":"2020-12-22","purchased_purges":1,"victory":false,"max_hp_per_floor":[82,82,82,82,82,82,82,82,82,82,87,87,87,87,87,87,66,66,66,66,71,71,71,71,71,71,71,71,71,71,71,71,71,71,71,71,81,81,81,81,81,81,81,81,81,81,81,81,81,81,81],"card_choices":[{"not_picked":["Redo","Turbo"],"picked":"Steam","floor":1},{"not_picked":["Compile Driver","Leap"],"picked":"Ball Lightning","floor":2},{"not_picked":["Compile Driver","Stack"],"picked":"Conserve Battery","floor":3},{"not_picked":["ReplaySolidLightProjector","Reprogram","Crystallizer"],"picked":"SKIP","floor":4},{"not_picked":["Gash","Double Energy"],"picked":"Chill","floor":6},{"not_picked":["BasicCrystalCard","Fusion"],"picked":"Reinforced Body","floor":8},{"not_picked":["BasicCrystalCard","hubris:SpecializedCircuitry"],"picked":"Recycle","floor":13},{"not_picked":["Amplify","Thunder Strike"],"picked":"ReplayRNGCard","floor":16},{"not_picked":["Gash+1","ReplayTheSpireMod:GoodbyeWorld"],"picked":"Storm","floor":18},{"not_picked":["ReplayTheSpireMod:Repulse","Reprogram+1"],"picked":"Sweeping Beam","floor":19},{"not_picked":["Steam","Force Field"],"picked":"Coolheaded+1","floor":22},{"not_picked":["Coolheaded","Core Surge"],"picked":"FIFO Queue","floor":25},{"not_picked":["Undo+1","Compile Driver+1"],"picked":"BasicCrystalCard+1","floor":28},{"not_picked":["Melter","Cold Snap","Go for the Eyes"],"picked":"SKIP","floor":30},{"not_picked":["Beam Cell","Compile Driver+1"],"picked":"Conserve Battery","floor":31},{"not_picked":["ReplayRNGCard","hubris:Prefetch"],"picked":"Amplify","floor":33},{"not_picked":["ReplayTheSpireMod:GoodbyeWorld+1","Rebound"],"picked":"Barrage","floor":35},{"not_picked":["Steam","Undo+1"],"picked":"Loop","floor":36},{"not_picked":["Panic Button+1","Double Energy+1"],"picked":"Sweeping Beam+1","floor":38},{"not_picked":["Darkness","Gash+1","Turbo+1"],"picked":"SKIP","floor":39},{"not_picked":["Chaos","Tempest"],"picked":"BasicCrystalCard+1","floor":42},{"not_picked":["Loop","Barrage"],"picked":"Conserve Battery+1","floor":44},{"not_picked":["Panic Button+1","hubris:Prefetch"],"picked":"Compile Driver+1","floor":46},{"not_picked":["BasicCrystalCard","Conserve Battery"],"picked":"Recycle","floor":47},{"not_picked":["ReplayTheSpireMod:System Scan+1","Gash+1","Redo"],"picked":"SKIP","floor":48}],"player_experience":333839,"relics_obtained":[{"floor":6,"key":"hubris:MysteriousPyramids"},{"floor":13,"key":"Whetstone"},{"floor":25,"key":"Replay:Towering Pillar of Hats"},{"floor":26,"key":"Lizard Tail"},{"floor":42,"key":"Bronze Scales"},{"floor":43,"key":"Nunchaku"},{"floor":46,"key":"Solar Panel"}],"event_choices":[{"damage_healed":0,"gold_gain":0,"player_choice":"Trade","damage_taken":0,"relics_obtained":["NlothsMask"],"max_hp_gain":0,"max_hp_loss":0,"event_name":"FaceTrader","floor":5,"gold_loss":0},{"damage_healed":0,"gold_gain":0,"player_choice":"Donut","damage_taken":0,"max_hp_gain":5,"max_hp_loss":0,"event_name":"Big Fish","floor":11,"gold_loss":0},{"damage_healed":0,"gold_gain":0,"player_choice":"Shed Blood","damage_taken":17,"max_hp_gain":5,"max_hp_loss":0,"event_name":"Forgotten Altar","floor":21,"gold_loss":0},{"damage_healed":0,"gold_gain":100,"player_choice":"Pray","damage_taken":0,"max_hp_gain":0,"max_hp_loss":0,"event_name":"Golden Shrine","floor":27,"gold_loss":0},{"cards_removed":["hubris:Prefetch"],"damage_healed":17,"gold_gain":0,"player_choice":"Offered Rare","damage_taken":0,"max_hp_gain":10,"max_hp_loss":0,"event_name":"Bonfire Elementals","floor":37,"gold_loss":0},{"damage_healed":0,"gold_gain":0,"player_choice":"Upgrade","damage_taken":0,"max_hp_gain":0,"max_hp_loss":0,"event_name":"Designer","floor":41,"gold_loss":40,"cards_upgraded":["Loop"]}],"is_beta":false,"boss_relics":[{"not_picked":["Honey Jar","Runic Dome"],"picked":"Replay:Grab Bag"},{"not_picked":["Velvet Choker","ReplayTheSpireMod:Onyx Gauntlets"],"picked":"hubris:CrackedHourglass"},{"not_picked":["infinitespire:Cupcake","Coffee Dripper"],"picked":"Abe\u0027s Treasure"},{"not_picked":["Astrolabe","SlaversCollar"],"picked":"Replay:Drink Me"},{"not_picked":["Empty Cage","Inserter"],"picked":"hubris:Backtick"},{"not_picked":["Tiny House","Pandora\u0027s Box"],"picked":"Sozu"}],"items_purged_floors":[45],"is_endless":false,"potions_floor_spawned":[3,4,13,28,31,33,35,38,44,47,48],"killed_by":"Replay:Hell Engine","ascension_level":0}}