{"host":"7khtwbkyze7y134w","time":1609339148,"event":{"mods":["AchievementEnabler","BaseMod","Bestiary","Colored Map","Colored Powertips","Highlight Path","Minty Spire (QoL Compilation)","Quick Restart","Relic Stats","Slay-I","StSLib","SuperFastMode"],"gold_per_floor":[109,122,122,222,238,238,85,96,170,120,140,152,152,185,185,282,332,344,89,89,89,364,364,378,378,378,407,425,438,537,551,551,655,655,668,687,170,190,190,190,210,210,237,11,22,22,42,60,60,60],"floor_reached":51,"playtime":1940,"items_purged":["Strike_P","ReachHeaven","Defend_P","DeusExMachina"],"score":811,"play_id":"5be8bd6e-ae60-428a-9812-d423309c4e40","local_time":"20201230143908","is_ascension_mode":false,"campfire_choices":[{"data":"Strike_P","floor":6.0,"key":"PURGE"},{"data":"MentalFortress","floor":13.0,"key":"SMITH"},{"data":"MentalFortress","floor":15.0,"key":"SMITH"},{"data":"Eruption","floor":23.0,"key":"SMITH"},{"floor":25.0,"key":"REST"},{"floor":32.0,"key":"REST"},{"data":"TalkToTheHand","floor":40,"key":"SMITH"},{"data":"TalkToTheHand","floor":46,"key":"SMITH"},{"floor":49,"key":"REST"}],"circlet_count":0,"master_deck":["Defend_P","Defend_P","Eruption+1","Vigilance","Crescendo","FlurryOfBlows","EmptyFist+1","MentalFortress+1","MentalFortress+1","EmptyFist","ClearTheMind","EmptyFist","EmptyFist","Tantrum","Crescendo+1","FlurryOfBlows","ClearTheMind+1","TalkToTheHand+1","FlurryOfBlows+1","TalkToTheHand+1","Fasting2+1","FlurryOfBlows"],"relics":["PureWater","Peace Pipe","Pantograph","Odd Mushroom","Tiny House","Omamori","MutagenicStrength","Darkstone Periapt","Question Card","Calling Bell","Bag of Preparation","Ornamental Fan","StoneCalendar","Toxic Egg 2","Juzu Bracelet"],"acts_visited":["TheCity","TheBeyond"],"potions_floor_usage":[47,47,50,50],"damage_taken":[{"damage":0.0,"enemies":"Cultist","floor":1.0,"turns":3.0},{"damage":0.0,"enemies":"Small Slimes","floor":2.0,"turns":4.0},{"damage":0.0,"enemies":"2 Louse","floor":5.0,"turns":2.0},{"damage":0.0,"enemies":"Large Slime","floor":8.0,"turns":3.0},{"damage":13.0,"enemies":"The Mushroom Lair","floor":11.0,"turns":2.0},{"damage":0.0,"enemies":"Exordium Wildlife","floor":12.0,"turns":3.0},{"damage":0.0,"enemies":"Looter","floor":14.0,"turns":2.0},{"damage":41.0,"enemies":"The Guardian","floor":16.0,"turns":6.0},{"damage":0.0,"enemies":"3 Byrds","floor":18.0,"turns":5.0},{"damage":33.0,"enemies":"2 Thieves","floor":24.0,"turns":4.0},{"damage":0.0,"enemies":"Book of Stabbing","floor":27.0,"turns":5.0},{"damage":11.0,"enemies":"Shelled Parasite and Fungi","floor":28.0,"turns":4.0},{"damage":28.0,"enemies":"Sentry and Sphere","floor":29.0,"turns":4.0},{"damage":0.0,"enemies":"Cultist and Chosen","floor":31.0,"turns":4.0},{"damage":26.0,"enemies":"Automaton","floor":33.0,"turns":7.0},{"damage":0.0,"enemies":"3 Shapes","floor":35.0,"turns":3.0},{"damage":0.0,"enemies":"Orb Walker","floor":36.0,"turns":2.0},{"damage":0.0,"enemies":"Transient","floor":38.0,"turns":5.0},{"damage":0,"enemies":"Sphere and 2 Shapes","floor":41,"turns":4},{"damage":10,"enemies":"Writhing Mass","floor":45,"turns":5},{"damage":6,"enemies":"Transient","floor":47,"turns":5},{"damage":24,"enemies":"4 Shapes","floor":48,"turns":4},{"damage":17,"enemies":"Time Eater","floor":50,"turns":9}],"seed_played":"3477620895107690487","potions_obtained":[{"floor":11.0,"key":"ColorlessPotion"},{"floor":14.0,"key":"Strength Potion"},{"floor":16.0,"key":"Swift Potion"},{"floor":17.0,"key":"FairyPotion"},{"floor":18.0,"key":"Regen Potion"},{"floor":24.0,"key":"SpeedPotion"},{"floor":31.0,"key":"BlessingOfTheForge"},{"floor":38.0,"key":"DuplicationPotion"},{"floor":41,"key":"Regen Potion"},{"floor":45,"key":"AttackPotion"},{"floor":48,"key":"ColorlessPotion"}],"is_trial":false,"path_per_floor":["M","M","T","?","M","R","$","M","T","?","?","M","R","M","R","B",null,"M","$","?","$","?","R","M","R","T","E","M","M","?","M","R","B",null,"M","M","$","M","?","R","M","?","T","$","M","R","M","M","R","B",null],"character_chosen":"WATCHER","items_purchased":["MentalFortress","Omamori","Toxic Egg 2","ClearTheMind+1","TalkToTheHand","TalkToTheHand"],"campfire_rested":3,"item_purchase_floors":[7,19,37,37,37,44],"current_hp_per_floor":[65,65,65,65,65,65,65,65,65,65,52,52,52,52,52,24,70,70,70,70,70,70,70,37,58,58,70,59,31,31,31,52,44,70,70,70,70,70,70,70,70,70,70,70,60,60,67,43,64,53],"gold":60,"neow_bonus":"TRANSFORM_TWO_CARDS","is_daily":false,"chose_seed":false,"campfire_upgraded":5,"win_rate":0.0,"timestamp":1609339148,"path_taken":["M","M","?","?","?","R","$","M","T","?","?","M","R","M","R","BOSS","M","$","?","$","?","R","M","R","T","E","M","?","?","M","R","BOSS","M","M","$","M","?","R","M","?","T","$","M","R","M","M","R","BOSS"],"items_purchased_type":["Card","Relic","Relic","Card","Card","Card"],"build_version":"2020-12-22","purchased_purges":4,"victory":true,"max_hp_per_floor":[65,65,65,65,65,65,65,65,65,65,65,65,65,65,65,65,70,70,70,70,70,70,70,70,70,70,70,70,70,70,70,70,70,70,70,70,70,70,70,70,70,70,70,70,70,70,70,70,70,70],"relic_stats":{"Peace Pipe":2,"Darkstone Periapt":0,"counters":[23,95],"Ornamental Fan":[216],"Pantograph":37,"StoneCalendar":[52],"Bag of Preparation":[16],"Juzu Bracelet":0,"Question Card":13,"obtain_stats":[{"Darkstone Periapt":26,"Tiny House":17,"StoneCalendar":34,"Omamori":19,"Bag of Preparation":34,"Juzu Bracelet":43,"Odd Mushroom":11,"Question Card":27,"Peace Pipe":3,"Calling Bell":34,"Ornamental Fan":34,"Pantograph":9,"MutagenicStrength":20,"PureWater":0,"Toxic Egg 2":37},{"Darkstone Periapt":10,"Tiny House":8,"StoneCalendar":15,"Omamori":9,"Bag of Preparation":15,"Juzu Bracelet":19,"Odd Mushroom":5,"Question Card":11,"Peace Pipe":2,"Calling Bell":15,"Ornamental Fan":15,"Pantograph":4,"MutagenicStrength":9,"PureWater":0,"Toxic Egg 2":17},{"Darkstone Periapt":34,"Tiny House":25,"StoneCalendar":58,"Omamori":30,"Bag of Preparation":58,"Juzu Bracelet":72,"Odd Mushroom":14,"Question Card":39,"Peace Pipe":7,"Calling Bell":58,"Ornamental Fan":58,"Pantograph":12,"MutagenicStrength":30,"PureWater":0,"Toxic Egg 2":63}]},"card_choices":[{"not_picked":["EmptyFist","FollowUp"],"picked":"FlurryOfBlows","floor":1.0},{"not_picked":["DeceiveReality","Meditate"],"picked":"EmptyFist","floor":2.0},{"not_picked":["InnerPeace","Swivel"],"picked":"MentalFortress","floor":5.0},{"not_picked":["CrushJoints","ThirdEye","Nirvana"],"picked":"SKIP","floor":8.0},{"not_picked":["ForeignInfluence","EmptyBody"],"picked":"EmptyFist","floor":11.0},{"not_picked":["Crescendo","EmptyMind"],"picked":"ClearTheMind","floor":12.0},{"not_picked":["Pray","CrushJoints"],"picked":"EmptyFist","floor":14.0},{"not_picked":["Omniscience","Blasphemy"],"picked":"DeusExMachina","floor":16.0},{"not_picked":["Crescendo","Worship"],"picked":"EmptyFist","floor":17.0},{"not_picked":["WheelKick","ThirdEye+1","FollowUp"],"picked":"SKIP","floor":18.0},{"not_picked":["Meditate","Protect","Collect"],"picked":"SKIP","floor":24.0},{"not_picked":["EmptyMind","SandsOfTime"],"picked":"Tantrum","floor":27.0},{"not_picked":["SashWhip+1","SandsOfTime","Perseverance","WindmillStrike"],"picked":"SKIP","floor":28.0},{"not_picked":["LikeWater","Wallop","EmptyFist"],"picked":"Crescendo+1","floor":29.0},{"not_picked":["FollowUp","Sanctity+1","LikeWater","Devotion"],"picked":"SKIP","floor":31.0},{"not_picked":["Meditate","Crescendo","Study","LikeWater+1"],"picked":"SKIP","floor":35.0},{"not_picked":["Vengeance","Conclude","Wallop+1"],"picked":"FlurryOfBlows","floor":36.0},{"not_picked":["Prostrate+1","Swivel+1","CutThroughFate+1","CrushJoints+1"],"picked":"SKIP","floor":38.0},{"not_picked":["Protect+1","FollowUp+1","PathToVictory+1"],"picked":"FlurryOfBlows+1","floor":41},{"not_picked":["BowlingBash","Crescendo+1","PathToVictory+1"],"picked":"Fasting2+1","floor":45},{"not_picked":["BowlingBash","Establishment","CrushJoints+1","ThirdEye+1"],"picked":"SKIP","floor":47},{"not_picked":["ThirdEye+1","EmptyMind+1","Crescendo+1"],"picked":"FlurryOfBlows","floor":48}],"player_experience":36648,"relics_obtained":[{"floor":3.0,"key":"Peace Pipe"},{"floor":9.0,"key":"Pantograph"},{"floor":11.0,"key":"Odd Mushroom"},{"floor":26.0,"key":"Darkstone Periapt"},{"floor":27.0,"key":"Question Card"},{"floor":34.0,"key":"Bag of Preparation"},{"floor":34.0,"key":"Ornamental Fan"},{"floor":34.0,"key":"StoneCalendar"},{"floor":43,"key":"Juzu Bracelet"}],"event_choices":[{"damage_healed":0.0,"max_hp_gain":0.0,"max_hp_loss":0.0,"gold_gain":100.0,"event_name":"Golden Shrine","player_choice":"Pray","floor":4.0,"gold_loss":0.0,"damage_taken":0.0},{"cards_removed":["Defend_P"],"damage_healed":0.0,"max_hp_gain":0.0,"max_hp_loss":0.0,"gold_gain":0.0,"event_name":"The Cleric","player_choice":"Card Removal","floor":10.0,"gold_loss":50.0,"damage_taken":0.0},{"damage_healed":0.0,"max_hp_gain":0.0,"max_hp_loss":0.0,"gold_gain":0.0,"event_name":"Mushrooms","player_choice":"Fought Mushrooms","floor":11.0,"gold_loss":0.0,"damage_taken":0.0},{"damage_healed":0.0,"max_hp_gain":0.0,"max_hp_loss":0.0,"gold_gain":0.0,"event_name":"Drug Dealer","player_choice":"Inject Mutagens","floor":20.0,"gold_loss":0.0,"damage_taken":0.0,"relics_obtained":["MutagenicStrength"]},{"damage_healed":0.0,"max_hp_gain":0.0,"max_hp_loss":0.0,"gold_gain":275.0,"event_name":"Golden Shrine","player_choice":"Desecrate","floor":22.0,"gold_loss":0.0,"damage_taken":0.0,"cards_obtained":["Regret"]},{"damage_healed":0.0,"max_hp_gain":0.0,"max_hp_loss":0.0,"gold_gain":99.0,"event_name":"Nest","player_choice":"Stole From Cult","floor":30.0,"gold_loss":0.0,"damage_taken":0.0},{"damage_healed":0,"gold_gain":0,"player_choice":"Ignored","damage_taken":0,"max_hp_gain":0,"max_hp_loss":0,"event_name":"Mysterious Sphere","floor":39,"gold_loss":0},{"damage_healed":0,"gold_gain":0,"player_choice":"Memory 1","damage_taken":0,"max_hp_gain":0,"max_hp_loss":0,"event_name":"SensoryStone","floor":42,"gold_loss":0}],"is_beta":false,"boss_relics":[{"not_picked":["SlaversCollar","Astrolabe"],"picked":"Tiny House"},{"not_picked":["Empty Cage","Velvet Choker"],"picked":"Calling Bell"}],"items_purged_floors":[7,19,37,44],"is_endless":false,"potions_floor_spawned":[11,14,16,18,24,31,38,41,45,48],"ascension_level":0}}