{"host":"b4oqa93y40rb9616","time":1609289620,"event":{"mods":["BaseMod","Colored Map","Custom Start","DeckTracker","Keyboard Shortcuts","Minty Spire (QoL Compilation)","Permanent Neow","Quick Restart","StSLib","SuperFastMode","everything is the same but u backflip on backflip"],"gold_per_floor":[117,136,150,100,100,100,200,200,224,241,241,31,31,47,47,150,150,166,179,196,216,39,39,50,50,75,100,100,100,100,112,112,211,211,224,224,235,255,266,266,299,313,313,313,313,345,360,393,393,393,393,393,62,94,94],"floor_reached":56,"playtime":1372,"items_purged":["Defend_B","Defend_B","Defend_B"],"score":1810,"play_id":"4021761a-e362-4175-93dd-01398ea17f49","local_time":"20201230095340","is_ascension_mode":true,"campfire_choices":[{"data":"Storm","floor":6.0,"key":"SMITH"},{"data":"Storm","floor":8.0,"key":"SMITH"},{"data":"Sunder","floor":11.0,"key":"SMITH"},{"data":"Self Repair","floor":13.0,"key":"SMITH"},{"floor":15.0,"key":"REST"},{"data":"Apotheosis","floor":23,"key":"SMITH"},{"data":"Machine Learning","floor":25,"key":"SMITH"},{"data":"Heatsinks","floor":28,"key":"SMITH"},{"data":"Defragment","floor":30,"key":"SMITH"},{"floor":32,"key":"REST"},{"data":"Heatsinks","floor":40,"key":"SMITH"},{"data":"Thunder Strike","floor":44,"key":"SMITH"},{"floor":49,"key":"RECALL"},{"data":"Reboot","floor":52,"key":"SMITH"}],"circlet_count":0,"master_deck":["AscendersBane","Zap","Dualcast","Sunder+1","Storm+1","Storm+1","Leap","Heatsinks+1","Self Repair+1","Machine Learning+1","Thunder Strike+1","Leap+1","Static Discharge+1","BootSequence","Apotheosis+1","Heatsinks+1","Defragment+1","Turbo+1","Reboot+1","Loop+1","Finesse","Coolheaded+1","BootSequence+1","Coolheaded+1","Turbo+1","Skim","Defragment+1","Electrodynamics","Static Discharge+1"],"relics":["Cracked Core","Art of War","Membership Card","Runic Dome","Potion Belt","Shuriken","SacredBark","Pantograph","Nunchaku","Dream Catcher","Emotion Chip","Happy Flower"],"acts_visited":["Exordium","TheCity","TheBeyond","TheEnding"],"potions_floor_usage":[33,39,50,55,55,55],"damage_taken":[{"damage":0.0,"enemies":"Cultist","floor":1.0,"turns":2.0},{"damage":2.0,"enemies":"Jaw Worm","floor":2.0,"turns":3.0},{"damage":0.0,"enemies":"2 Louse","floor":3.0,"turns":1.0},{"damage":8.0,"enemies":"Exordium Thugs","floor":10.0,"turns":3.0},{"damage":15.0,"enemies":"Exordium Wildlife","floor":14.0,"turns":3.0},{"damage":5,"enemies":"Slime Boss","floor":16,"turns":9},{"damage":19,"enemies":"Shell Parasite","floor":18,"turns":3},{"damage":22,"enemies":"2 Thieves","floor":19,"turns":2},{"damage":8,"enemies":"Centurion and Healer","floor":20,"turns":5},{"damage":18,"enemies":"3 Cultists","floor":21,"turns":4},{"damage":9,"enemies":"Snake Plant","floor":24,"turns":2},{"damage":11,"enemies":"Gremlin Leader","floor":27,"turns":4},{"damage":13,"enemies":"Centurion and Healer","floor":31,"turns":2},{"damage":21,"enemies":"Collector","floor":33,"turns":3},{"damage":16,"enemies":"3 Darklings","floor":35,"turns":3},{"damage":1,"enemies":"Orb Walker","floor":37,"turns":2},{"damage":0,"enemies":"Transient","floor":38,"turns":5},{"damage":0,"enemies":"Jaw Worm Horde","floor":39,"turns":1},{"damage":27,"enemies":"Reptomancer","floor":41,"turns":3},{"damage":0,"enemies":"Writhing Mass","floor":42,"turns":3},{"damage":0,"enemies":"Giant Head","floor":46,"turns":4},{"damage":0,"enemies":"Transient","floor":47,"turns":5},{"damage":0,"enemies":"Reptomancer","floor":48,"turns":2},{"damage":7,"enemies":"Donu and Deca","floor":50,"turns":4},{"damage":10,"enemies":"Shield and Spear","floor":54,"turns":2},{"damage":76,"enemies":"The Heart","floor":55,"turns":6}],"seed_played":"4780501137404549091","potions_obtained":[{"floor":1.0,"key":"Dexterity Potion"},{"floor":3.0,"key":"Explosive Potion"},{"floor":14.0,"key":"FairyPotion"},{"floor":27,"key":"AttackPotion"},{"floor":31,"key":"Strength Potion"},{"floor":38,"key":"PowerPotion"},{"floor":42,"key":"CultistPotion"}],"is_trial":false,"path_per_floor":["M","M","M","?","?","R","?","R","T","M","R","$","R","M","R","B",null,"M","M","M","M","$","R","M","R","T","E","R","?","R","M","R","B",null,"M","?","M","M","M","R","E","M","T","R","?","E","M","E","R","B",null,"R","$","E","B",null],"character_chosen":"DEFECT","items_purchased":["Membership Card","Self Repair","Apotheosis","Heatsinks","Electrodynamics","Emotion Chip","Ancient Potion"],"campfire_rested":2,"item_purchase_floors":[12,12,22,22,53,53,53],"current_hp_per_floor":[50,48,48,48,41,41,41,41,41,33,33,33,33,28,50,55,70,61,49,51,43,43,43,34,34,34,33,33,33,33,30,52,41,67,61,51,60,70,75,75,58,68,68,68,68,75,75,75,75,75,75,75,75,75,54],"gold":94,"neow_bonus":"TRANSFORM_TWO_CARDS","is_daily":false,"chose_seed":false,"campfire_upgraded":11,"win_rate":0.0,"timestamp":1609289620,"path_taken":["M","M","M","?","?","R","?","R","T","?","R","$","R","M","R","BOSS","M","M","M","M","$","R","M","R","T","E","R","?","R","M","R","BOSS","M","?","M","M","M","R","E","M","T","R","?","E","M","E","R","BOSS","R","$","E","BOSS"],"items_purchased_type":["Relic","Card","Card","Card","Card","Relic","Potion"],"build_version":"2020-12-22","purchased_purges":3,"victory":true,"max_hp_per_floor":[75,75,75,75,75,75,75,75,75,75,75,75,75,75,75,75,75,75,75,75,75,75,75,75,75,75,75,75,75,75,75,75,75,75,75,75,75,75,75,75,75,75,75,75,75,75,75,75,75,75,75,75,75,75,75],"card_choices":[{"not_picked":["Steam Power","Aggregate"],"picked":"Storm","floor":1.0},{"not_picked":["Turbo","Aggregate"],"picked":"Storm","floor":2.0},{"not_picked":["Cold Snap","Steam"],"picked":"Leap","floor":3.0},{"not_picked":["Stack","Force Field"],"picked":"Heatsinks","floor":10.0},{"not_picked":["Reprogram","Cold Snap"],"picked":"Machine Learning","floor":14.0},{"not_picked":["All For One","Hyperbeam"],"picked":"Thunder Strike","floor":16},{"not_picked":["Auto Shields","Go for the Eyes"],"picked":"Leap+1","floor":18},{"not_picked":["Cold Snap","Streamline+1","Beam Cell+1"],"picked":"SKIP","floor":19},{"not_picked":["Auto Shields","Aggregate"],"picked":"Static Discharge+1","floor":20},{"not_picked":["Gash","Glacier"],"picked":"BootSequence","floor":21},{"not_picked":["Steam","Darkness"],"picked":"Defragment","floor":24},{"not_picked":["Melter","Steam Power"],"picked":"Turbo+1","floor":27},{"not_picked":["Turbo","Rainbow","Beam Cell+1"],"picked":"SKIP","floor":31},{"not_picked":["Fission","Thunder Strike"],"picked":"Reboot","floor":33},{"not_picked":["Leap","Hologram"],"picked":"Loop+1","floor":35},{"not_picked":["Swift Strike","Bandage Up"],"picked":"Finesse","floor":36},{"not_picked":["Sweeping Beam+1","Stack+1"],"picked":"Coolheaded+1","floor":37},{"not_picked":["Turbo+1","Coolheaded","Compile Driver"],"picked":"SKIP","floor":38},{"not_picked":["Sweeping Beam+1","Aggregate"],"picked":"BootSequence+1","floor":39},{"not_picked":["Sweeping Beam","Creative AI"],"picked":"Coolheaded+1","floor":41},{"not_picked":["Conserve Battery","Compile Driver+1"],"picked":"Turbo+1","floor":42},{"not_picked":["Compile Driver+1","Reprogram","Ball Lightning"],"picked":"SKIP","floor":46},{"not_picked":["Rebound+1","Chaos"],"picked":"Skim","floor":47},{"not_picked":["Sunder","FTL+1"],"picked":"Defragment+1","floor":48},{"not_picked":["Hyperbeam","Chaos"],"picked":"Static Discharge+1","floor":54}],"player_experience":405741,"relics_obtained":[{"floor":9.0,"key":"Art of War"},{"floor":26,"key":"Potion Belt"},{"floor":27,"key":"Shuriken"},{"floor":41,"key":"Pantograph"},{"floor":46,"key":"Nunchaku"},{"floor":48,"key":"Dream Catcher"},{"floor":54,"key":"Happy Flower"}],"event_choices":[{"cards_removed":["Strike_B"],"damage_healed":0.0,"max_hp_gain":0.0,"max_hp_loss":0.0,"gold_gain":0.0,"event_name":"The Cleric","player_choice":"Card Removal","floor":4.0,"gold_loss":50.0,"damage_taken":0.0},{"cards_removed":["Strike_B"],"damage_healed":0.0,"max_hp_gain":0.0,"max_hp_loss":0.0,"gold_gain":0.0,"event_name":"Golden Wing","player_choice":"Card Removal","floor":5.0,"gold_loss":0.0,"damage_taken":7.0},{"damage_healed":0.0,"max_hp_gain":0.0,"max_hp_loss":0.0,"gold_gain":100.0,"event_name":"Golden Shrine","player_choice":"Pray","floor":7.0,"gold_loss":0.0,"damage_taken":0.0},{"cards_removed":["Defend_B"],"damage_healed":0,"gold_gain":0,"player_choice":"Elegance","damage_taken":0,"max_hp_gain":0,"max_hp_loss":0,"event_name":"Back to Basics","floor":29,"gold_loss":0},{"damage_healed":0,"gold_gain":0,"player_choice":"Memory 3","damage_taken":10,"max_hp_gain":0,"max_hp_loss":0,"event_name":"SensoryStone","floor":36,"gold_loss":0},{"cards_removed":["Melter"],"damage_healed":0,"gold_gain":0,"player_choice":"Removed Attack","damage_taken":0,"max_hp_gain":0,"max_hp_loss":0,"event_name":"Falling","floor":45,"gold_loss":0}],"is_beta":false,"boss_relics":[{"not_picked":["Ectoplasm","Runic Pyramid"],"picked":"Runic Dome"},{"not_picked":["Empty Cage","SlaversCollar"],"picked":"SacredBark"}],"items_purged_floors":[12,22,53],"is_endless":false,"potions_floor_spawned":[1,3,14,18,19,20,27,31,38,42,46,47],"ascension_level":11}}