{"host":"i0avyit1s6jb1siw","time":1609363512,"event":{"mods":["BaseMod","DeckTracker","Dota2Spire","Highlight Path","Minty Spire (QoL Compilation)","Quick Restart","Replay The Spire","StSLib","SuperFastMode"],"gold_per_floor":[116,127,12,25,25,25,53,53,80,93,10,10,22,34,34,111,111,125,170,195,212,223,223,223,223,246,281,298,213,263,6,6,81,81,91,91,104,104,114,114,139,139,139,170,170,197,215,90,90,90,90,90,90,90,115,115,115],"floor_reached":56,"playtime":1432,"items_purged":["Strike_G","Strike_G","Strike_G"],"score":1606,"play_id":"d2d42d96-dc67-4727-be77-7ef18755b7fe","local_time":"20201230222512","is_ascension_mode":true,"campfire_choices":[{"data":"Crippling Poison","floor":6.0,"key":"SMITH"},{"data":"Noxious Fumes","floor":8.0,"key":"SMITH"},{"floor":15,"key":"REST"},{"floor":23,"key":"REST"},{"data":"Bouncing Flask","floor":25,"key":"SMITH"},{"floor":32,"key":"REST"},{"data":"Replay:Poison Smokescreen","floor":40,"key":"SMITH"},{"floor":42,"key":"REST"},{"floor":49,"key":"RECALL"},{"data":"Footwork","floor":53,"key":"SMITH"}],"circlet_count":0,"master_deck":["AscendersBane","Strike_G","Strike_G","Defend_G","Defend_G","Defend_G","Defend_G","Defend_G","Survivor","Neutralize","Quick Slash","Crippling Poison+1","Noxious Fumes+1","Poisoned Stab","After Image","Bouncing Flask+1","Dash","Backflip","ReplayTheSpireMod:Speed Training","Replay:Bag of Tricks","Blur","Replay:Poison Smokescreen+1","Dodge and Roll+1","Burst+1","Backflip+1","Toxin Wave+1","Footwork+1"],"relics":["Ring of the Snake","NeowsBlessing","Centennial Puzzle","Snake Skull","Dota2Spire:Bloodstone","Red Mask","MealTicket","Orichalcum","TwistedFunnel","Replay:Grab Bag","Dota2Spire:RefresherOrb","Sozu","SacredBark","Runic Pyramid","Ninja Scroll","Iron Hammer","Mercury Hourglass","Art of War","Mango"],"acts_visited":["Exordium","TheCity","TheBeyond","TheEnding"],"potions_floor_usage":[13,20,20,27,33,44],"damage_taken":[{"damage":0.0,"enemies":"Cultist","floor":1.0,"turns":1.0},{"damage":0.0,"enemies":"Small Slimes","floor":2.0,"turns":1.0},{"damage":0.0,"enemies":"2 Louse","floor":4.0,"turns":1.0},{"damage":36.0,"enemies":"3 Sentries","floor":7.0,"turns":9.0},{"damage":1.0,"enemies":"Looter","floor":10.0,"turns":4.0},{"damage":3,"enemies":"Exordium Wildlife","floor":13,"turns":3},{"damage":11,"enemies":"3 Louse","floor":14,"turns":4},{"damage":5,"enemies":"The Guardian","floor":16,"turns":9},{"damage":0,"enemies":"Spheric Guardian","floor":18,"turns":3},{"damage":5,"enemies":"Masked Bandits","floor":20,"turns":5},{"damage":1,"enemies":"3 Byrds","floor":21,"turns":4},{"damage":0,"enemies":"Snecko","floor":22,"turns":4},{"damage":35,"enemies":"Gremlin Leader","floor":27,"turns":6},{"damage":14,"enemies":"Sentry and Sphere","floor":28,"turns":5},{"damage":23,"enemies":"Champ","floor":33,"turns":9},{"damage":0,"enemies":"3 Shapes","floor":35,"turns":3},{"damage":0,"enemies":"3 Darklings","floor":37,"turns":4},{"damage":0,"enemies":"Spire Growth","floor":39,"turns":4},{"damage":46,"enemies":"Giant Head","floor":41,"turns":8},{"damage":0,"enemies":"Reptomancer","floor":44,"turns":6},{"damage":0,"enemies":"R_Hoarder","floor":46,"turns":7},{"damage":0,"enemies":"Sphere and 2 Shapes","floor":47,"turns":2},{"damage":11,"enemies":"Replay:Hell Engine","floor":50,"turns":11},{"damage":58,"enemies":"Time Eater","floor":51,"turns":12},{"damage":52,"enemies":"Shield and Spear","floor":55,"turns":7},{"damage":36,"enemies":"The Heart","floor":56,"turns":2}],"seed_played":"-2489003845663656396","potions_obtained":[{"floor":2.0,"key":"SteroidPotion"},{"floor":10.0,"key":"SpeedPotion"},{"floor":14,"key":"Elixir"},{"floor":19,"key":"SteroidPotion"},{"floor":22,"key":"Energy Potion"},{"floor":27,"key":"Swift Potion"},{"floor":33,"key":"GhostInAJar"}],"is_trial":false,"path_per_floor":["M","M","$","M","?","R","E","R","T","M","$","?","M","M","R","B",null,"M","?","?","M","M","R","?","R","T","E","M","?","?","$","R","B",null,"M","?","M","?","M","R","E","R","T","E","T","E","M","$","R","B","B",null,"R","$","E","B"],"character_chosen":"THE_SILENT","items_purchased":["Noxious Fumes","Dash","TwistedFunnel"],"campfire_rested":4,"item_purchase_floors":[3,11,31],"current_hp_per_floor":[59,59,59,59,59,59,23,23,23,22,22,22,19,8,27,22,55,55,29,24,23,23,42,42,42,42,22,8,8,8,23,42,19,54,54,54,54,54,54,54,8,26,26,26,26,26,26,41,41,30,2,48,48,63,25,0,0],"gold":115,"neow_bonus":"THREE_ENEMY_KILL","is_daily":false,"chose_seed":false,"campfire_upgraded":5,"win_rate":0.0,"timestamp":1609363512,"path_taken":["M","M","$","?","?","R","E","R","T","M","$","?","M","M","R","BOSS","M","?","?","M","M","R","?","R","T","E","M","?","?","$","R","BOSS","M","?","M","?","?","R","E","R","T","E","?","E","?","$","R","BOSS","BOSS","R","$","E","BOSS"],"items_purchased_type":["Card","Card","Relic"],"build_version":"2020-12-22","purchased_purges":3,"victory":false,"max_hp_per_floor":[66,66,66,66,66,66,66,66,66,66,66,66,66,66,66,66,66,66,66,66,66,66,66,66,66,66,66,66,66,66,66,66,66,66,66,63,63,63,63,63,63,63,63,63,63,63,63,63,63,63,63,63,63,63,77,77,77],"card_choices":[{"not_picked":["Bane","Catalyst"],"picked":"Quick Slash","floor":1.0},{"not_picked":["Deadly Poison","Sucker Punch"],"picked":"Crippling Poison","floor":2.0},{"not_picked":["All Out Attack","ReplayTheSpireMod:The Works"],"picked":"Poisoned Stab","floor":4.0},{"not_picked":["Quick Slash","Dodge and Roll"],"picked":"After Image","floor":7.0},{"not_picked":["ReplayTheSpireMod:Shiv Toss","Masterful Stab"],"picked":"Bouncing Flask","floor":10.0},{"not_picked":["Distraction","Dagger Spray"],"picked":"Backflip","floor":13},{"not_picked":["Flying Knee","Concentrate"],"picked":"ReplayTheSpireMod:Speed Training","floor":14},{"not_picked":["Doppelganger","ReplayTheSpireMod:From All Sides"],"picked":"Replay:Bag of Tricks","floor":16},{"not_picked":["Dagger Throw","Slice"],"picked":"Blur","floor":18},{"not_picked":["Dagger Throw","Quick Slash"],"picked":"Replay:Poison Smokescreen","floor":20},{"not_picked":["Prepared","Flying Knee","Storm of Steel"],"picked":"SKIP","floor":21},{"not_picked":["Bane","Dodge and Roll","Hidden Blade"],"picked":"SKIP","floor":22},{"not_picked":["Choke","Concentrate"],"picked":"Dodge and Roll+1","floor":27},{"not_picked":["Dash","Slice","Outmaneuver"],"picked":"SKIP","floor":28},{"not_picked":["Tools of the Trade","Poison Darts"],"picked":"Burst","floor":33},{"not_picked":["Outmaneuver+1","Quick Slash","Eviscerate"],"picked":"SKIP","floor":35},{"not_picked":["Acrobatics","Backflip","Dagger Spray"],"picked":"SKIP","floor":37},{"not_picked":["Flying Knee","Distraction+1"],"picked":"Backflip+1","floor":39},{"not_picked":["Backflip","Dagger Throw","ReplayTheSpireMod:From All Sides"],"picked":"SKIP","floor":41},{"not_picked":["Dagger Spray","PiercingWail"],"picked":"Toxin Wave+1","floor":44},{"not_picked":["ReplayTheSpireMod:Speed Training+1","Escape Plan"],"picked":"Footwork","floor":46},{"not_picked":["Deflect","Calculated Gamble","Slice"],"picked":"SKIP","floor":47},{"not_picked":["ReplayTheSpireMod:Scrap Shanks","Dodge and Roll","Replay:Poison Smokescreen"],"picked":"SKIP","floor":55}],"player_experience":2147257,"relics_obtained":[{"floor":7.0,"key":"Centennial Puzzle"},{"floor":9.0,"key":"Snake Skull"},{"floor":20,"key":"Red Mask"},{"floor":27,"key":"MealTicket"},{"floor":41,"key":"Ninja Scroll"},{"floor":43,"key":"Iron Hammer"},{"floor":45,"key":"Mercury Hourglass"},{"floor":46,"key":"Art of War"},{"floor":55,"key":"Mango"}],"event_choices":[{"damage_healed":0.0,"max_hp_gain":0.0,"max_hp_loss":0.0,"gold_gain":0.0,"event_name":"Liars Game","player_choice":"Ignored","floor":5.0,"gold_loss":0.0,"damage_taken":0.0},{"damage_healed":0,"gold_gain":0,"player_choice":"Fought Bandits","damage_taken":0,"max_hp_gain":0,"max_hp_loss":0,"event_name":"Masked Bandits","floor":20,"gold_loss":0},{"damage_healed":0,"gold_gain":0,"player_choice":"Ignored","damage_taken":0,"max_hp_gain":0,"max_hp_loss":0,"event_name":"The Mausoleum","floor":24,"gold_loss":0},{"damage_healed":0,"gold_gain":0,"player_choice":"Obtained Relic","damage_taken":0,"relics_obtained":["Orichalcum"],"max_hp_gain":0,"max_hp_loss":0,"event_name":"Addict","floor":29,"gold_loss":85},{"damage_healed":0,"gold_gain":50,"player_choice":"Stole From Cult","damage_taken":0,"max_hp_gain":0,"max_hp_loss":0,"event_name":"Nest","floor":30,"gold_loss":0},{"damage_healed":0,"gold_gain":0,"player_choice":"Max HP","damage_taken":0,"max_hp_gain":0,"max_hp_loss":3,"event_name":"Winding Halls","floor":36,"gold_loss":0},{"damage_healed":0,"gold_gain":0,"player_choice":"Upgraded","damage_taken":0,"max_hp_gain":0,"max_hp_loss":0,"event_name":"Upgrade Shrine","floor":38,"gold_loss":0,"cards_upgraded":["Burst"]}],"is_beta":false,"boss_relics":[{"not_picked":["Black Star","Replay:Drink Me"],"picked":"Dota2Spire:Bloodstone"},{"not_picked":["Kintsugi","Replay:Bronze Core"],"picked":"Replay:Grab Bag"},{"not_picked":["ReplayTheSpireMod:DimensionalGlitch","Philosopher\u0027s Stone"],"picked":"Dota2Spire:RefresherOrb"},{"not_picked":["Replay:Wanted Poster","Painkiller Herb"],"picked":"Sozu"},{"not_picked":["Snecko Heart","Pandora\u0027s Box"],"picked":"SacredBark"},{"not_picked":["Calling Bell","Ring of the Serpent"],"picked":"Runic Pyramid"}],"items_purged_floors":[3,31,48],"is_endless":false,"potions_floor_spawned":[2,10,14,22,27,33,37,44,46,47],"killed_by":"The Heart","ascension_level":20}}