{"host":"ypphcgdomtfqpc2w","time":1609337069,"event":{"mods":["BaseMod","Minty Spire (QoL Compilation)","StSLib"],"gold_per_floor":[119,132,207,226,226,226,226,226,226,252,271,271,271,302,302,302,302],"floor_reached":16,"playtime":603,"items_purged":[],"score":162,"play_id":"27b4b397-61fd-41cd-bbdd-a4707fc4549a","local_time":"20201230230429","is_ascension_mode":true,"campfire_choices":[{"data":"Flame Barrier","floor":6.0,"key":"SMITH"},{"floor":8.0,"key":"REST"},{"data":"Shrug It Off","floor":15.0,"key":"SMITH"}],"circlet_count":0,"master_deck":["AscendersBane","Strike_R+1","Strike_R","Strike_R+1","Strike_R","Strike_R","Defend_R","Defend_R","Defend_R","Bash","Feed","Flame Barrier+1","Fire Breathing","Reaper","Shrug It Off+1"],"relics":["Burning Blood","The Courier","Letter Opener","Dream Catcher"],"acts_visited":["Exordium"],"potions_floor_usage":[16],"damage_taken":[{"damage":8.0,"enemies":"Jaw Worm","floor":1.0,"turns":4.0},{"damage":19.0,"enemies":"Small Slimes","floor":2.0,"turns":5.0},{"damage":0.0,"enemies":"Cultist","floor":4.0,"turns":5.0},{"damage":24.0,"enemies":"3 Sentries","floor":10.0,"turns":5.0},{"damage":9.0,"enemies":"2 Fungi Beasts","floor":11.0,"turns":4.0},{"damage":25.0,"enemies":"Lagavulin","floor":14.0,"turns":10.0},{"damage":51,"enemies":"The Guardian","floor":16,"turns":13}],"seed_played":"-5012153377490794635","potions_obtained":[{"floor":1.0,"key":"PowerPotion"},{"floor":10.0,"key":"SneckoOil"}],"is_trial":false,"path_per_floor":["M","M","?","M","?","R","?","R","T","E","M","?","?","E","R","B"],"character_chosen":"IRONCLAD","items_purchased":[],"campfire_rested":1,"item_purchase_floors":[],"current_hp_per_floor":[52,42,31,40,40,40,40,66,66,60,68,50,50,35,35,0,0],"gold":302,"neow_bonus":"THREE_RARE_CARDS","is_daily":false,"chose_seed":false,"campfire_upgraded":2,"win_rate":0.0,"timestamp":1609337069,"path_taken":["M","M","?","M","?","R","?","R","T","E","M","?","?","E","R","BOSS"],"items_purchased_type":[],"build_version":"2020-12-22","purchased_purges":0,"victory":false,"max_hp_per_floor":[83,86,86,89,89,89,89,89,89,89,92,92,92,92,92,92,92],"card_choices":[{"not_picked":["Impervious","Demon Form"],"picked":"Feed","floor":0.0},{"not_picked":["Cleave","Twin Strike"],"picked":"Flame Barrier","floor":1.0},{"not_picked":["Iron Wave","Warcry"],"picked":"Fire Breathing","floor":2.0},{"not_picked":["Warcry","Iron Wave","Flex"],"picked":"SKIP","floor":4.0},{"not_picked":["Double Tap","Body Slam","Combust"],"picked":"SKIP","floor":10.0},{"not_picked":["Sword Boomerang","Bloodletting"],"picked":"Shrug It Off","floor":11.0},{"not_picked":["Dark Embrace","Uppercut","Limit Break"],"picked":"SKIP","floor":14.0}],"player_experience":1971042,"relics_obtained":[{"floor":9.0,"key":"The Courier"},{"floor":10.0,"key":"Letter Opener"},{"floor":14.0,"key":"Dream Catcher"}],"event_choices":[{"damage_healed":0.0,"max_hp_gain":0.0,"max_hp_loss":0.0,"gold_gain":75.0,"event_name":"World of Goop","player_choice":"Gather Gold","floor":3.0,"gold_loss":0.0,"damage_taken":11.0},{"damage_healed":0.0,"max_hp_gain":0.0,"max_hp_loss":0.0,"gold_gain":0.0,"cards_transformed":["Defend_R"],"event_name":"Living Wall","player_choice":"Change","floor":5.0,"gold_loss":0.0,"damage_taken":0.0,"cards_obtained":["Reaper"]},{"damage_healed":0.0,"max_hp_gain":0.0,"max_hp_loss":0.0,"gold_gain":0.0,"event_name":"Liars Game","player_choice":"Ignored","floor":7.0,"gold_loss":0.0,"damage_taken":0.0},{"damage_healed":0.0,"max_hp_gain":0.0,"max_hp_loss":0.0,"gold_gain":0.0,"event_name":"Shining Light","player_choice":"Entered Light","floor":12.0,"gold_loss":0.0,"damage_taken":18.0,"cards_upgraded":["Strike_R","Strike_R"]},{"damage_healed":0.0,"max_hp_gain":0.0,"max_hp_loss":0.0,"gold_gain":0.0,"event_name":"Match and Keep!","player_choice":"0 cards matched","floor":13.0,"gold_loss":0.0,"damage_taken":0.0,"cards_obtained":[]},{"damage_healed":0.0,"max_hp_gain":0.0,"max_hp_loss":0.0,"gold_gain":0.0,"event_name":"Match and Keep!","player_choice":"0 cards matched","floor":13.0,"gold_loss":0.0,"damage_taken":0.0,"cards_obtained":[]}],"is_beta":false,"boss_relics":[],"items_purged_floors":[],"is_endless":false,"potions_floor_spawned":[1,10],"killed_by":"The Guardian","ascension_level":10}}