{"host":"7uuqqk35leady37t","time":1609302571,"event":{"mods":["BaseMod","Colored Powertips","Downfall","Marisa£®ÏF”Í°°ƒß¿Ì…≥£©","Minty Spire (QoL Compilation)","StSLib","The Bug Knight","The Servant 0.9.4","Waifu the Spire","Yuri Mod","[IsaacMod]“‘»ˆº‚À˛"],"gold_per_floor":[115,133,149,99,119,119,166,166,166,214,214,242,242,286,286,460,460,491,335,380,436,40,40,87,87,87,144,144,144,178,178,178,313,313,342,358,358,25,52,113,113,175,221,221,235,300,300,300,300,300,300],"floor_reached":50,"playtime":3548,"items_purged":[],"score":673,"play_id":"4525cba1-a133-48ad-97c7-038affaf707e","local_time":"20201230122931","is_ascension_mode":false,"campfire_choices":[{"data":"Occultation","floor":6.0,"key":"SMITH"},{"floor":8.0,"key":"REST"},{"data":"ManaRampage","floor":15.0,"key":"SMITH"},{"data":"MaximisePower","floor":23,"key":"SMITH"},{"floor":32,"key":"REST"},{"data":"sneckomod:UnknownX","floor":41,"key":"SMITH"},{"data":"1","floor":47,"key":"LIFT"},{"data":"2","floor":49,"key":"LIFT"}],"circlet_count":0,"master_deck":["Strike_MRS","Strike_MRS+1","Strike_MRS","Defend_MRS","Defend_MRS","Defend_MRS","MasterSpark","UpSweep+1","Occultation+1","PowerUp","Singularity","PowerUp","WitchOfGreed","ManaRampage+1","WitchOfGreed","MysteriousBeam+1","Acceleration","UltimateShortwave","MaximisePower+1","JA+1","StarlightTyphoon","OpenUniverse","Orbital+1","EventHorizon","GrandCross+1","Writhe","NonDirectionalLaser+1","sneckomod:UnknownUncommonSkill","Feed+1","Ball Lightning+1","sneckomod:UnknownCommonAttack+1","Wraith","PowerUp","sneckomod:UnknownX+1","sneckomod:UnknownUncommonSkill","Warcry","yuri:TPose+1","expansioncontent:QuickStudy","expansioncontent:Chronoboost","Secret Weapon"],"relics":["MiniHakkero","HushsDoor","BookofShadows","HornCleat","PokeGo","Molten Egg 2","RampagingMagicTools","HollowMod:PaleOreRelic","PrismaticShard","AmplifyWand","Nunchaku","Bottled Lightning","Juzu Bracelet","MutagenicStrength","White Beast Statue","Letter Opener","Runic Pyramid","SimpleLauncher","Mercury Hourglass","Meat on the Bone","Centennial Puzzle","Whetstone","Girya"],"acts_visited":["Exordium","TheCity","TheBeyond"],"potions_floor_usage":[16,16,27,33,33,40,40,42,46,46,50,50],"damage_taken":[{"damage":5.0,"enemies":"Small Slimes","floor":1.0,"turns":5.0},{"damage":5.0,"enemies":"Jaw Worm","floor":2.0,"turns":4.0},{"damage":0.0,"enemies":"Cultist","floor":3.0,"turns":3.0},{"damage":20.0,"enemies":"Gremlin Gang","floor":5.0,"turns":5.0},{"damage":36.0,"enemies":"Gremlin Nob","floor":7.0,"turns":4.0},{"damage":16.0,"enemies":"3 Sentries","floor":10.0,"turns":5.0},{"damage":5.0,"enemies":"Looter","floor":12.0,"turns":3.0},{"damage":0.0,"enemies":"Large Slime","floor":14.0,"turns":5.0},{"damage":27,"enemies":"The Guardian","floor":16,"turns":7},{"damage":0,"enemies":"2 Thieves","floor":18,"turns":3},{"damage":0,"enemies":"Shell Parasite","floor":20,"turns":5},{"damage":8,"enemies":"Centurion and Healer","floor":21,"turns":5},{"damage":5,"enemies":"3 Cultists","floor":24,"turns":3},{"damage":1,"enemies":"Gremlin Leader","floor":27,"turns":4},{"damage":3,"enemies":"HollowMod:Nosk","floor":30,"turns":2},{"damage":37,"enemies":"Automaton","floor":33,"turns":10},{"damage":0,"enemies":"3 Shapes","floor":35,"turns":1},{"damage":18,"enemies":"Orb Walker","floor":36,"turns":2},{"damage":18,"enemies":"Jaw Worm Horde","floor":39,"turns":2},{"damage":0,"enemies":"HollowMod:StalkingDevout","floor":40,"turns":6},{"damage":15,"enemies":"Giant Head","floor":42,"turns":5},{"damage":9,"enemies":"Sphere and 2 Shapes","floor":45,"turns":2},{"damage":0,"enemies":"Mind Bloom Boss Battle","floor":46,"turns":4},{"damage":118,"enemies":"Awakened One","floor":50,"turns":7}],"seed_played":"-7355591883045513077","potions_obtained":[{"floor":5.0,"key":"GamblersBrew"},{"floor":7.0,"key":"FairyPotion"},{"floor":10.0,"key":"SpeedPotion"},{"floor":10.0,"key":"DuplicationPotion"},{"floor":16,"key":"AttackPotion"},{"floor":18,"key":"Strength Potion"},{"floor":20,"key":"StarNLove"},{"floor":20,"key":"Energy Potion"},{"floor":27,"key":"Explosive Potion"},{"floor":33,"key":"Block Potion"},{"floor":33,"key":"Block Potion"},{"floor":40,"key":"Dexterity Potion"},{"floor":40,"key":"PowerPotion"},{"floor":42,"key":"Fire Potion"},{"floor":45,"key":"Slimebound:ThreeZeroPotion"},{"floor":46,"key":"PowerPotion"},{"floor":46,"key":"AttackPotion"}],"is_trial":false,"path_per_floor":["M","M","M","?","M","R","E","R","T","E","$","M","?","M","R","B",null,"M","$","M","M","$","R","M","?","T","E","?","T","E","?","R","B",null,"M","M","?","$","M","E","R","E","T","T","M","?","R","?","R","B"],"character_chosen":"MARISA","items_purchased":["MaximisePower","JA+1","StarlightTyphoon","HollowMod:PaleOreRelic","PrismaticShard","AmplifyWand","PowerUp","SimpleLauncher"],"campfire_rested":2,"item_purchase_floors":[17,17,17,19,22,22,38,38],"current_hp_per_floor":[70,65,65,65,45,45,9,31,31,15,15,10,75,75,75,48,64,64,64,64,56,56,56,51,51,51,50,50,50,47,36,56,19,69,69,51,51,51,37,37,37,22,22,22,25,45,45,35,35,0,0],"gold":300,"neow_bonus":"TRANSFORM_CARD","is_daily":false,"chose_seed":false,"campfire_upgraded":4,"win_rate":0.0,"timestamp":1609302571,"path_taken":["M","M","M","?","M","R","E","R","T","E","$","M","?","M","R","BOSS","M","$","?","M","$","R","M","?","T","E","?","?","E","?","R","BOSS","M","M","?","$","M","E","R","E","T","?","M","?","R","?","R","BOSS"],"items_purchased_type":["Card","Card","Card","Relic","Relic","Relic","Card","Relic"],"build_version":"2020-12-22","purchased_purges":0,"victory":false,"max_hp_per_floor":[75,75,75,75,75,75,75,75,75,75,75,75,75,75,75,75,64,64,64,64,64,64,64,64,64,64,64,64,64,64,69,69,69,69,69,69,69,69,73,73,73,73,73,73,73,73,73,73,73,73,73],"card_choices":[{"not_picked":[],"picked":"Bomb","floor":0.0},{"not_picked":["SporeBomb","WitchLeyline"],"picked":"PowerUp","floor":1.0},{"not_picked":["Acceleration","MilkyWay"],"picked":"Singularity","floor":2.0},{"not_picked":["GalacticHalo","DragonMeteor"],"picked":"PowerUp","floor":3.0},{"not_picked":["EarthLightRay","NonDirectionalLaser"],"picked":"WitchOfGreed","floor":5.0},{"not_picked":["AlicesGift","BlazeAway"],"picked":"ManaRampage","floor":7.0},{"not_picked":["GravityBeat+1","MilkyWay"],"picked":"WitchOfGreed","floor":10.0},{"not_picked":["Acceleration","RefractionSpark+1"],"picked":"MysteriousBeam+1","floor":12.0},{"not_picked":["WitchOfGreed","ChargingUp"],"picked":"Acceleration","floor":14.0},{"not_picked":["BigCrunch","SuperNova"],"picked":"UltimateShortwave","floor":16},{"not_picked":["MilkyWay+1","GravityBeat+1"],"picked":"OpenUniverse","floor":18},{"not_picked":["WitchLeyline+1","AlicesGift+1"],"picked":"Orbital+1","floor":20},{"not_picked":["SporeBomb+1","OortCloud"],"picked":"EventHorizon","floor":21},{"not_picked":["SashWhip+1","Guardian:Recover+1"],"picked":"GrandCross+1","floor":24},{"not_picked":["Swift Strike+1","Guardian:Gem_Green"],"picked":"NonDirectionalLaser+1","floor":27},{"not_picked":["ShatteredReality+1","Guardian:GuardianWhirl+1"],"picked":"sneckomod:UnknownUncommonSkill","floor":30},{"not_picked":["Burst","Omniscience"],"picked":"Feed+1","floor":33},{"not_picked":["Sucker Punch+1","Replace"],"picked":"Ball Lightning+1","floor":35},{"not_picked":["Acceleration","HollowMod:SiblingsShadow+1"],"picked":"sneckomod:UnknownCommonAttack+1","floor":36},{"not_picked":["yuri:ThrowBook+1","yuri:CalmingAura","Clothesline+1"],"picked":"SKIP","floor":39},{"not_picked":["sneckomod:Unknown1Cost","Shockwave+1"],"picked":"sneckomod:UnknownX","floor":40},{"not_picked":["Auto Shields","expansioncontent:AwakenDeath+1"],"picked":"sneckomod:UnknownUncommonSkill","floor":42},{"not_picked":["HollowMod:NewLittleFool+1","MilkyWay"],"picked":"Warcry","floor":45},{"not_picked":["Slimebound:SplitMire","HollowMod:ShadowDash+1"],"picked":"yuri:TPose+1","floor":46},{"not_picked":["expansioncontent:GoopSpray","expansioncontent:StudyTheSpire"],"picked":"expansioncontent:QuickStudy","floor":48},{"not_picked":["expansioncontent:GuardianWhirl+1","expansioncontent:PolyBeam+1"],"picked":"expansioncontent:Chronoboost","floor":48},{"not_picked":["Dramatic Entrance+1","expansioncontent:DashGenerateEvil+1"],"picked":"Secret Weapon","floor":48}],"player_experience":14776,"relics_obtained":[{"floor":7.0,"key":"HornCleat"},{"floor":9.0,"key":"PokeGo"},{"floor":10.0,"key":"Molten Egg 2"},{"floor":26,"key":"Bottled Lightning"},{"floor":27,"key":"Juzu Bracelet"},{"floor":29,"key":"White Beast Statue"},{"floor":30,"key":"Letter Opener"},{"floor":40,"key":"Mercury Hourglass"},{"floor":42,"key":"Meat on the Bone"},{"floor":43,"key":"Centennial Puzzle"},{"floor":44,"key":"Whetstone"},{"floor":46,"key":"Girya"}],"event_choices":[{"cards_removed":["Defend_MRS"],"damage_healed":0.0,"max_hp_gain":0.0,"max_hp_loss":0.0,"gold_gain":0.0,"event_name":"The Cleric","player_choice":"Card Removal","floor":4.0,"gold_loss":50.0,"damage_taken":0.0},{"damage_healed":65.0,"max_hp_gain":0.0,"max_hp_loss":0.0,"gold_gain":0.0,"event_name":"Wheel of Change","player_choice":"Full Heal","floor":13.0,"gold_loss":0.0,"damage_taken":0.0},{"damage_healed":0,"gold_gain":0,"player_choice":"Opened","damage_taken":0,"relics_obtained":["Nunchaku"],"max_hp_gain":0,"max_hp_loss":0,"event_name":"The Mausoleum","floor":25,"gold_loss":0,"cards_obtained":["Writhe"]},{"damage_healed":0,"gold_gain":0,"player_choice":"Inject Mutagens","damage_taken":0,"relics_obtained":["MutagenicStrength"],"max_hp_gain":0,"max_hp_loss":0,"event_name":"Drug Dealer","floor":28,"gold_loss":0},{"damage_healed":0,"gold_gain":0,"player_choice":"Shed Blood","damage_taken":16,"max_hp_gain":5,"max_hp_loss":0,"event_name":"Forgotten Altar","floor":31,"gold_loss":0},{"damage_healed":0,"gold_gain":0,"player_choice":"Ignored","damage_taken":0,"max_hp_gain":0,"max_hp_loss":0,"event_name":"OrinTheCat","floor":37,"gold_loss":0},{"damage_healed":0,"gold_gain":0,"player_choice":"Fight","damage_taken":0,"max_hp_gain":0,"max_hp_loss":0,"event_name":"MindBloom","floor":46,"gold_loss":0},{"damage_healed":0,"gold_gain":0,"player_choice":"Memory 3","damage_taken":10,"max_hp_gain":0,"max_hp_loss":0,"event_name":"SensoryStone","floor":48,"gold_loss":0}],"is_beta":false,"boss_relics":[{"not_picked":["SlaversCollar","Fusion Hammer"],"picked":"RampagingMagicTools"},{"not_picked":[]},{"not_picked":["Snecko Eye","Busted Crown"],"picked":"Runic Pyramid"},{"not_picked":[]}],"items_purged_floors":[],"is_endless":false,"potions_floor_spawned":[5,10,12,20,24,30,33,35,36,39,45,46],"killed_by":"Awakened One","ascension_level":0}}