{"host":"loveinabox","time":1609338589,"event":{"mods":["BaseMod","Downfall","Minty Spire (QoL Compilation)","StSLib"],"gold_per_floor":[11300,10268,10268,10268,10282,10311,10311,10344,10397,2789,2832,2643,2678,2691,2700,2812,2812,2812,2812,2812,2812,2812,2812,2812,2812,2812,2812,2812,2812,2812,2812,2812,2812,2812,2812,2812,2812,2812,2701,2701,2611,2611,2611,2611,2499,2499,2499,2499,2499,2499,2499,2499,2438,2438,2438],"floor_reached":56,"playtime":1908,"items_purged":["Strike_P","Strike_P","Slimebound:Tackle+1","expansioncontent:QuickStudy+1"],"score":1883,"play_id":"7738e222-be1c-48f6-9259-6abff737b43e","local_time":"20201230222949","is_ascension_mode":true,"campfire_choices":[{"data":"Adaptation","floor":7.0,"key":"SMITH"},{"floor":15.0,"key":"REST"},{"floor":23,"key":"RECALL"},{"floor":25,"key":"REST"},{"data":"Defend_P","floor":32,"key":"PURGE"},{"data":"Defend_P","floor":40,"key":"PURGE"},{"floor":42,"key":"REST"},{"floor":49,"key":"REST"},{"data":"1","floor":52,"key":"LIFT"}],"circlet_count":3,"master_deck":["Defend_P+1","Defend_P+1","Eruption+1","Vigilance","Crescendo","Adaptation+1","FearNoEvil+1","ClearTheMind+1","Scrawl+1","Madness+1","InnerPeace+1","DevaForm+1","Fasting2+1","Wish+1","Fasting2+1","Slimebound:Tackle+1","Omniscience+1","DevaForm+1"],"relics":["Black Star","TheAbacus","Mercury Hourglass","Mummified Hand","Dream Catcher","Toxic Egg 2","Art of War","The Courier","Smiling Mask","Pen Nib","Membership Card","CaptainsWheel","Toy Ornithopter","White Beast Statue","Omamori","TeardropLocket","Anchor","StrikeDummy","Nunchaku","Kunai","Vajra","Calipers","Turnip","Tiny Chest","Letter Opener","Bronze Scales","Ginger","Orichalcum","HornCleat","Sundial","Bag of Marbles","Happy Flower","InkBottle","Oddly Smooth Stone","Strawberry","Regal Pillow","Eternal Feather","Bottled Lightning","CeramicFish","Shuriken","Damaru","PreservedInsect","Bag of Preparation","Yang","Centennial Puzzle","War Paint","Potion Belt","Bottled Tornado","MealTicket","Bottled Flame","Ornamental Fan","Question Card","Pear","Boot","StoneCalendar","Molten Egg 2","Juzu Bracelet","Pantograph","Whetstone","Ancient Tea Set","Blood Vial","Frozen Egg 2","Akabeko","Gambling Chip","Lantern","Meat on the Bone","Gremlin Horn","Girya","Singing Bowl","Matryoshka","Blue Candle","Darkstone Periapt","Lizard Tail","Pocketwatch","WingedGreaves","Incense Burner","Dead Branch","Unceasing Top","Torii","Du-Vu Doll","Shovel","Mango","TungstenRod","Bird Faced Urn","Thread and Needle","CloakClasp","FossilizedHelix","Peace Pipe","Ice Cream","Prayer Wheel","GoldenEye","Circlet","Ectoplasm","VioletLotus","Chemical X","DollysMirror","Toolbox"],"acts_visited":["Exordium","TheCity","TheBeyond","TheEnding"],"potions_floor_usage":[55,55,55,55],"damage_taken":[{"damage":9.0,"enemies":"2 Louse","floor":1.0,"turns":4.0},{"damage":2.0,"enemies":"Jaw Worm","floor":5.0,"turns":2.0},{"damage":11.0,"enemies":"Lagavulin","floor":6.0,"turns":6.0},{"damage":5.0,"enemies":"Gremlin Nob","floor":8.0,"turns":3.0},{"damage":0.0,"enemies":"3 Sentries","floor":11.0,"turns":1.0},{"damage":0.0,"enemies":"Gremlin Nob","floor":13.0,"turns":1.0},{"damage":0.0,"enemies":"Small Slimes","floor":14.0,"turns":1.0},{"damage":0.0,"enemies":"Hexaghost","floor":16.0,"turns":3.0},{"damage":0.0,"enemies":"2 Thieves","floor":18.0,"turns":1.0},{"damage":0.0,"enemies":"Spheric Guardian","floor":19.0,"turns":1.0},{"damage":0.0,"enemies":"Cultist and Chosen","floor":21.0,"turns":1.0},{"damage":0.0,"enemies":"3 Cultists","floor":22.0,"turns":1.0},{"damage":0,"enemies":"Slavers","floor":24,"turns":1},{"damage":0,"enemies":"Snake Plant","floor":27,"turns":1},{"damage":0,"enemies":"Book of Stabbing","floor":28,"turns":1},{"damage":0,"enemies":"Snecko","floor":30,"turns":1},{"damage":0,"enemies":"Automaton","floor":33,"turns":1},{"damage":0,"enemies":"3 Shapes","floor":35,"turns":1},{"damage":0,"enemies":"Orb Walker","floor":36,"turns":1},{"damage":0,"enemies":"Spire Growth","floor":38,"turns":1},{"damage":0,"enemies":"Nemesis","floor":44,"turns":3},{"damage":0,"enemies":"Maw","floor":46,"turns":3},{"damage":0,"enemies":"4 Shapes","floor":47,"turns":1},{"damage":0,"enemies":"Reptomancer","floor":48,"turns":1},{"damage":0,"enemies":"Donu and Deca","floor":50,"turns":4},{"damage":0,"enemies":"Shield and Spear","floor":54,"turns":2},{"damage":0,"enemies":"The Heart","floor":55,"turns":3}],"seed_played":"-552099380297874295","potions_obtained":[{"floor":1.0,"key":"Strength Potion"},{"floor":8.0,"key":"DuplicationPotion"},{"floor":11.0,"key":"hexamod:EctoCoolerPotion"},{"floor":13.0,"key":"SneckoOil"},{"floor":14.0,"key":"AttackPotion"},{"floor":28,"key":"hexamod:EctoCoolerPotion"}],"is_trial":false,"path_per_floor":["M","$","?","?","M","E","R","E","T","$","E","$","E","M","R","B",null,"M","M","?","M","M","R","E","R","T","M","E","?","M","?","R","B",null,"M","M","T","M","$","R","?","R","T","E","$","M","M","E","R","B",null,"R","$","E","B",null],"character_chosen":"WATCHER","items_purchased":["TheAbacus","Mercury Hourglass","Mummified Hand","Adaptation","FearNoEvil","CultistPotion","Explosive Potion","Membership Card","CaptainsWheel","Toy Ornithopter","White Beast Statue","Omamori","TeardropLocket","Anchor","StrikeDummy","Nunchaku","Kunai","Vajra","Calipers","Turnip","Tiny Chest","Letter Opener","Bronze Scales","Ginger","Orichalcum","HornCleat","Sundial","Bag of Marbles","Happy Flower","InkBottle","Oddly Smooth Stone","Strawberry","Regal Pillow","Eternal Feather","Bottled Lightning","CeramicFish","Shuriken","Damaru","PreservedInsect","Bag of Preparation","Yang","Centennial Puzzle","War Paint","Potion Belt","Bottled Tornado","MealTicket","Bottled Flame","Ornamental Fan","Question Card","Pear","Boot","StoneCalendar","Molten Egg 2","Juzu Bracelet","Pantograph","Whetstone","Ancient Tea Set","Blood Vial","Frozen Egg 2","Akabeko","Gambling Chip","Lantern","Meat on the Bone","Gremlin Horn","Girya","Singing Bowl","Matryoshka","Blue Candle","Darkstone Periapt","Lizard Tail","Pocketwatch","WingedGreaves","Incense Burner","Dead Branch","Unceasing Top","Torii","Du-Vu Doll","Shovel","Mango","TungstenRod","Bird Faced Urn","Thread and Needle","CloakClasp","FossilizedHelix","Peace Pipe","Ice Cream","Prayer Wheel","GoldenEye","Scrawl+1","expansioncontent:QuickStudy+1","Madness+1","Fruit Juice","Chemical X","DollysMirror","Toolbox"],"campfire_rested":4,"item_purchase_floors":[2,2,2,2,2,2,2,10,10,10,10,10,10,10,10,10,10,10,10,10,10,10,10,10,10,10,10,10,10,10,10,10,10,10,10,10,10,10,10,10,10,10,10,10,10,10,10,10,10,10,10,10,10,10,10,10,10,10,10,10,10,10,10,10,10,10,10,10,10,10,10,10,10,10,10,10,10,10,10,10,10,10,10,10,10,10,10,10,12,12,12,12,39,45,53],"current_hp_per_floor":[63,63,51,51,49,38,38,33,33,64,68,93,99,107,114,114,114,118,122,122,126,130,130,132,132,132,136,138,138,140,140,140,140,140,144,148,148,152,152,152,152,154,154,156,156,160,164,166,168,168,168,168,168,170,170],"gold":2438,"neow_bonus":"BOSS_RELIC","is_daily":false,"chose_seed":false,"campfire_upgraded":1,"win_rate":0.0,"timestamp":1609338589,"path_taken":["M","$","?","?","M","E","R","E","T","$","E","$","E","M","R","BOSS","M","M","?","M","M","R","E","R","T","M","E","?","M","?","R","BOSS","M","M","?","M","$","R","?","R","T","E","$","M","M","E","R","BOSS","R","$","E","BOSS"],"items_purchased_type":["Relic","Relic","Relic","Card","Card","Potion","Potion","Relic","Relic","Relic","Relic","Relic","Relic","Relic","Relic","Relic","Relic","Relic","Relic","Relic","Relic","Relic","Relic","Relic","Relic","Relic","Relic","Relic","Relic","Relic","Relic","Relic","Relic","Relic","Relic","Relic","Relic","Relic","Relic","Relic","Relic","Relic","Relic","Relic","Relic","Relic","Relic","Relic","Relic","Relic","Relic","Relic","Relic","Relic","Relic","Relic","Relic","Relic","Relic","Relic","Relic","Relic","Relic","Relic","Relic","Relic","Relic","Relic","Relic","Relic","Relic","Relic","Relic","Relic","Relic","Relic","Relic","Relic","Relic","Relic","Relic","Relic","Relic","Relic","Relic","Relic","Relic","Relic","Card","Card","Card","Potion","Relic","Relic","Relic"],"build_version":"2020-12-18","purchased_purges":4,"victory":true,"max_hp_per_floor":[72,72,72,72,72,72,72,72,72,103,103,108,110,114,114,114,114,118,122,122,126,130,130,132,132,132,136,138,138,140,140,140,140,140,144,148,148,152,152,152,152,154,154,156,156,160,164,166,168,168,168,168,168,170,170],"card_choices":[{"not_picked":["Vengeance","EmptyFist"],"picked":"Crescendo","floor":1.0},{"not_picked":["Sanctity","ThirdEye","CrushJoints"],"picked":"SKIP","floor":5.0},{"not_picked":["EmptyFist","FollowUp","CrushJoints"],"picked":"SKIP","floor":6.0},{"not_picked":["Wireheading","FlurryOfBlows","Consecrate"],"picked":"SKIP","floor":8.0},{"not_picked":["EmptyBody+1","MentalFortress+1","CrushJoints+1"],"picked":"ClearTheMind+1","floor":11.0},{"not_picked":["ClearTheMind+1","Alpha+1","EmptyBody+1","Weave+1"],"picked":"Singing Bowl","floor":13.0},{"not_picked":["Crescendo+1","Prostrate+1","EmptyBody+1","Worship+1"],"picked":"Singing Bowl","floor":14.0},{"not_picked":["FollowUp+1","ThirdEye+1","BowlingBash+1","PathToVictory+1"],"picked":"Singing Bowl","floor":14.0},{"not_picked":["EmptyBody+1","PathToVictory+1","FollowUp+1"],"picked":"InnerPeace+1","floor":15.0},{"not_picked":["Establishment+1","DeusExMachina+1","Ragnarok+1"],"picked":"DevaForm+1","floor":16.0},{"not_picked":["EmptyFist+1","LikeWater+1","ThirdEye+1","FlurryOfBlows+1"],"picked":"Singing Bowl","floor":18.0},{"not_picked":["Consecrate+1","ReachHeaven+1","FlyingSleeves+1","SashWhip+1"],"picked":"Singing Bowl","floor":18.0},{"not_picked":["SignatureMove+1","Indignation+1","SashWhip+1","PathToVictory+1"],"picked":"Singing Bowl","floor":19.0},{"not_picked":["EmptyBody+1","Study+1","LessonLearned+1","LikeWater+1"],"picked":"Singing Bowl","floor":19.0},{"not_picked":["EmptyBody+1","BattleHymn+1","Wallop+1","EmptyFist+1"],"picked":"Singing Bowl","floor":21.0},{"not_picked":["Perseverance+1","Protect+1","SashWhip+1","CutThroughFate+1"],"picked":"Singing Bowl","floor":21.0},{"not_picked":["FlyingSleeves+1","ReachHeaven+1","Protect+1","DeceiveReality+1"],"picked":"Singing Bowl","floor":22.0},{"not_picked":["EmptyFist+1","FlurryOfBlows+1","ClearTheMind+1","Conclude+1"],"picked":"Singing Bowl","floor":22.0},{"not_picked":["TalkToTheHand+1","SashWhip+1","CrushJoints+1","Perseverance+1"],"picked":"Singing Bowl","floor":24},{"not_picked":["JustLucky+1","SignatureMove+1","SashWhip+1"],"picked":"Wish+1","floor":25},{"not_picked":["EmptyFist+1","Halt+1","FlurryOfBlows+1","ThirdEye+1"],"picked":"Singing Bowl","floor":27},{"not_picked":["EmptyBody+1","Wireheading+1","PathToVictory+1","FearNoEvil+1"],"picked":"Singing Bowl","floor":27},{"not_picked":["PathToVictory+1","Study+1","FlurryOfBlows+1","Evaluate+1"],"picked":"Singing Bowl","floor":28},{"not_picked":["InnerPeace+1","SashWhip+1","Tantrum+1","Nirvana+1"],"picked":"Singing Bowl","floor":30},{"not_picked":["Evaluate+1","Consecrate+1","JustLucky+1"],"picked":"Fasting2+1","floor":30},{"not_picked":["Vault+1","ConjureBlade+1","Ragnarok+1"],"picked":"Omniscience+1","floor":33},{"not_picked":["Nirvana+1","JustLucky+1","Swivel+1","WindmillStrike+1"],"picked":"Singing Bowl","floor":35},{"not_picked":["Tantrum+1","Fasting2+1","WaveOfTheHand+1","Evaluate+1"],"picked":"Singing Bowl","floor":35},{"not_picked":["WheelKick+1","PathToVictory+1","Study+1","SashWhip+1"],"picked":"Singing Bowl","floor":36},{"not_picked":["CrushJoints+1","Halt+1","Crescendo+1","Protect+1"],"picked":"Singing Bowl","floor":36},{"not_picked":["ConjureBlade+1","Perseverance+1","SashWhip+1","Halt+1"],"picked":"Singing Bowl","floor":38},{"not_picked":["Sanctity+1","FlyingSleeves+1","MentalFortress+1","Protect+1"],"picked":"Singing Bowl","floor":38},{"not_picked":["FlyingSleeves+1","Pray+1","EmptyFist+1","Worship+1"],"picked":"Singing Bowl","floor":42},{"not_picked":["Crescendo+1","FlurryOfBlows+1","Wish+1","ForeignInfluence+1"],"picked":"Singing Bowl","floor":44},{"not_picked":["Consecrate+1","FlurryOfBlows+1","Collect+1","EmptyFist+1"],"picked":"Singing Bowl","floor":46},{"not_picked":["CrushJoints+1","CutThroughFate+1","BowlingBash+1","FlurryOfBlows+1"],"picked":"Singing Bowl","floor":46},{"not_picked":["SashWhip+1","FollowUp+1","SpiritShield+1","Evaluate+1"],"picked":"Singing Bowl","floor":47},{"not_picked":["Meditate+1","Crescendo+1","LikeWater+1","CrushJoints+1"],"picked":"Singing Bowl","floor":47},{"not_picked":["Prostrate+1","FlyingSleeves+1","Worship+1","SignatureMove+1"],"picked":"Singing Bowl","floor":48},{"not_picked":["FollowUp+1","CutThroughFate+1","EmptyFist+1","ThirdEye+1"],"picked":"Singing Bowl","floor":49},{"not_picked":["WindmillStrike+1","FlurryOfBlows+1","LessonLearned+1","Adaptation+1"],"picked":"Singing Bowl","floor":54}],"player_experience":220888,"relics_obtained":[{"floor":6.0,"key":"Toxic Egg 2"},{"floor":6.0,"key":"Art of War"},{"floor":8.0,"key":"The Courier"},{"floor":8.0,"key":"Smiling Mask"},{"floor":9.0,"key":"Pen Nib"},{"floor":11.0,"key":"Circlet"},{"floor":11.0,"key":"Circlet"},{"floor":13.0,"key":"Circlet"}],"event_choices":[{"damage_healed":0.0,"max_hp_gain":0.0,"max_hp_loss":0.0,"gold_gain":0.0,"event_name":"Scrap Ooze","player_choice":"Success","floor":3.0,"gold_loss":0.0,"damage_taken":12.0,"relics_obtained":["Dream Catcher"]},{"damage_healed":0.0,"max_hp_gain":0.0,"max_hp_loss":0.0,"gold_gain":0.0,"event_name":"Golden Idol","player_choice":"Ignored","floor":4.0,"gold_loss":0.0,"damage_taken":0.0},{"damage_healed":0.0,"max_hp_gain":0.0,"max_hp_loss":0.0,"gold_gain":0.0,"event_name":"The Library","player_choice":"Read","floor":20.0,"gold_loss":0.0,"damage_taken":0.0,"cards_obtained":["Fasting2"]},{"damage_healed":0,"gold_gain":99,"player_choice":"Stole From Cult","damage_taken":0,"max_hp_gain":0,"max_hp_loss":0,"event_name":"Nest","floor":29,"gold_loss":0},{"cards_removed":["Slimebound:Tackle"],"damage_healed":0,"gold_gain":0,"player_choice":"Upgrade and Remove","damage_taken":0,"max_hp_gain":0,"max_hp_loss":0,"event_name":"Designer","floor":41,"gold_loss":90,"cards_upgraded":["Eruption"]}],"is_beta":true,"boss_relics":[{"not_picked":["SacredBark","Philosopher\u0027s Stone"],"picked":"Ectoplasm"},{"not_picked":["Coffee Dripper","Astrolabe"],"picked":"VioletLotus"}],"items_purged_floors":[2,10,39,45],"is_endless":false,"potions_floor_spawned":[1,8,11,13,14,16,18,19,21,22,24,27,28,30,33,35,36,38,44,46,47,48,54],"ascension_level":2}}