{"host":"npubv26u89aif4fa","time":1609315994,"event":{"mods":["Astrologer","BaseMod","Better Vampires","Better-Laid Plans","Colored Powertips","GifTheSpireLib","GungeonMod","HornydragonMod","Hubris","Jedi Mod","Minty Spire (QoL Compilation)","Quick Restart","Remilia（蕾米莉亚）","Replay The Spire","StSLib","Td1madao Mod","The Administrix","The Alterego","The Bug Knight","The Cursed","The Runesmith","Yuri Mod","残留之物"],"gold_per_floor":[11,86,186,202,202,202,214,231,231,259,259,274,303,319,319,319,319],"floor_reached":16,"playtime":679,"items_purged":[],"score":137,"play_id":"c2e32306-dfda-4af2-bbe8-969615db9075","local_time":"20201230161314","is_ascension_mode":false,"campfire_choices":[{"data":"Bash","floor":6,"key":"SMITH"},{"data":"ReplayReversal","floor":11,"key":"SMITH"},{"data":"hubris:DuctTapeCard","floor":15,"key":"SMITH"}],"circlet_count":0,"master_deck":["Strike_R","Strike_R","Strike_R","Strike_R","Strike_R","Defend_R","Defend_R","Defend_R","Defend_R","Bash+1","Shrug It Off","Clash","Rampage","hubris:DuctTapeCard+2"],"relics":["Burning Blood","hubris:Towel","Onion Ring","Smiling Mask","hubris:DuctTape"],"acts_visited":["Exordium"],"potions_floor_usage":[16],"damage_taken":[{"damage":11,"enemies":"Jaw Worm","floor":1,"turns":5},{"damage":0,"enemies":"Small Slimes","floor":4,"turns":3},{"damage":1,"enemies":"Cultist","floor":7,"turns":3},{"damage":36,"enemies":"Large Slime","floor":8,"turns":9},{"damage":23,"enemies":"Gremlin Nob","floor":10,"turns":4},{"damage":0,"enemies":"Looter","floor":12,"turns":1},{"damage":18,"enemies":"3 Sentries","floor":13,"turns":8},{"damage":2,"enemies":"Red Slaver","floor":14,"turns":3},{"damage":61,"enemies":"Fading Forest","floor":16,"turns":7}],"seed_played":"6280675502993114027","potions_obtained":[{"floor":10,"key":"Dexterity Potion"},{"floor":12,"key":"SkillPotion"},{"floor":14,"key":"FearPotion"}],"is_trial":false,"path_per_floor":["M","?","?","M","?","R","M","M","T","E","R","M","E","M","R","B"],"character_chosen":"IRONCLAD","items_purchased":[],"campfire_rested":0,"item_purchase_floors":[],"current_hp_per_floor":[91,80,80,86,86,86,91,61,61,44,44,50,38,42,42,0,0],"gold":319,"neow_bonus":"TWENTY_PERCENT_HP_BONUS","is_daily":false,"chose_seed":false,"campfire_upgraded":3,"win_rate":0.0,"timestamp":1609315994,"path_taken":["M","?","?","?","?","R","M","M","T","E","R","M","E","M","R","BOSS"],"items_purchased_type":[],"build_version":"2020-12-22","purchased_purges":0,"victory":false,"max_hp_per_floor":[96,96,96,96,96,96,96,96,96,96,96,96,96,96,96,96,96],"card_choices":[{"not_picked":["Heavy Blade","Iron Wave","Pommel Strike"],"picked":"SKIP","floor":1},{"not_picked":["Thunderclap","ReplayTheSpireMod:Strike From Hell"],"picked":"Shrug It Off","floor":4},{"not_picked":["Clothesline","Heavy Blade"],"picked":"ReplayReversal","floor":7},{"not_picked":["Replay:Undeath\u0027s Touch","Offering"],"picked":"Clash","floor":8},{"not_picked":["ReplayTheSpireMod:Limb From Limb","jedi:MakeshiftSword"],"picked":"Rampage","floor":10},{"not_picked":["Clothesline","jedi:controlledanger","Heavy Blade"],"picked":"SKIP","floor":12},{"not_picked":["Uppercut","Iron Wave"],"picked":"Body Slam","floor":13},{"not_picked":["jedi:suffering","Cleave","Pommel Strike"],"picked":"SKIP","floor":14}],"player_experience":213095,"relics_obtained":[{"floor":9,"key":"Onion Ring"},{"floor":10,"key":"Smiling Mask"},{"floor":13,"key":"hubris:DuctTape"}],"event_choices":[{"damage_healed":0,"gold_gain":75,"player_choice":"Gather Gold","damage_taken":11,"max_hp_gain":0,"max_hp_loss":0,"event_name":"World of Goop","floor":2,"gold_loss":0},{"damage_healed":0,"gold_gain":100,"player_choice":"Pray","damage_taken":0,"max_hp_gain":0,"max_hp_loss":0,"event_name":"Golden Shrine","floor":3,"gold_loss":0}],"is_beta":false,"boss_relics":[],"items_purged_floors":[],"is_endless":false,"potions_floor_spawned":[10,12,14],"killed_by":"Fading Forest","ascension_level":0}}