{"host":"9io14o21xr6fdznz","time":1609315372,"event":{"mods":["AchievementEnabler","Act Like it!","Arknights The Spire","Ascension Unlocker","BaseMod","Better Vampires","Challenge The Spire","Colored Powertips","Decade(王小明)","Downfall","Emptier Cage","GifTheSpireLib","Minty Spire (QoL Compilation)","MostiFishMod","Quick Restart","Rare Cards Sparkle","Relic Stats","Spire Birthday Party","StSLib","【遗物卡牌】REMEMod"],"gold_per_floor":[111,111,123,143,204,204,219,219,297,313,313,344,344,358,358,487,487,507,507,507,525,543,543,543,543],"floor_reached":24,"playtime":728,"items_purged":[],"score":208,"play_id":"462f94f3-e220-473e-a2b7-252fcacfbbe0","local_time":"20201230160252","is_ascension_mode":true,"campfire_choices":[{"data":"ats:Overload","floor":6,"key":"SMITH"},{"data":"ats:Hammer On","floor":11,"key":"SMITH"},{"floor":15,"key":"RECALL"},{"data":"ats:Emotion Absorption","floor":23,"key":"SMITH"}],"circlet_count":0,"master_deck":["ats:Strike C","ats:Strike G","ats:Strike S","ats:Strike V","ats:Armor Crushing Shot","ats:Defend","ats:Defend","ats:Defend","ats:Defend","ats:Emotion Absorption+1","ats:Shadow Assault","ats:Overload+1","ats:Shell Defense","ats:Hammer On+1","ats:Calcification","ats:Soul Rend","ats:Hook Shot","Pain","ats:Cat Scratch+1"],"relics":["ats:Sanity","DaveBox","REME_ComplimentaryCards","NeowsBlessing","JellyFishMachine","SynthV:TestCard","Golden Idol","ats:Lavender","ats:Originium","ats:Rhine Circuitry","Ancient Tea Set","xbg","Nilry\u0027s Codex","WarpedTongs"],"acts_visited":["Exordium","TheCity"],"potions_floor_usage":[],"damage_taken":[{"damage":0,"enemies":"2 Louse","floor":1,"turns":1},{"damage":0,"enemies":"Cultist","floor":3,"turns":1},{"damage":0,"enemies":"Small Slimes","floor":4,"turns":1},{"damage":1,"enemies":"2 Fungi Beasts","floor":7,"turns":3},{"damage":6,"enemies":"Exordium Thugs","floor":10,"turns":6},{"damage":27,"enemies":"Gremlin Nob","floor":12,"turns":4},{"damage":9,"enemies":"Exordium Wildlife","floor":14,"turns":5},{"damage":33,"enemies":"The Guardian","floor":16,"turns":15},{"damage":31,"enemies":"2 Thieves","floor":18,"turns":4},{"damage":9,"enemies":"Chosen","floor":21,"turns":3},{"damage":32,"enemies":"Snake Plant","floor":22,"turns":5},{"damage":10,"enemies":"Gremlin Leader","floor":24,"turns":1}],"seed_played":"-5999475514210293520","potions_obtained":[{"floor":3,"key":"GamblersBrew"},{"floor":7,"key":"Strength Potion"},{"floor":12,"key":"FearPotion"}],"is_trial":false,"path_per_floor":["M","?","M","M","?","R","M","?","T","M","R","E","?","M","R","B",null,"M","?","?","M","M","R","E"],"character_chosen":"DOCTOR_CLASS","items_purchased":[],"campfire_rested":0,"item_purchase_floors":[],"current_hp_per_floor":[72,72,72,72,72,72,72,54,54,56,56,32,14,11,11,23,72,46,30,30,26,6,6,0,0],"gold":543,"neow_bonus":"THREE_ENEMY_KILL","is_daily":false,"chose_seed":false,"campfire_upgraded":3,"win_rate":0.0,"timestamp":1609315372,"path_taken":["M","?","M","?","?","R","M","?","T","M","R","E","?","M","R","BOSS","M","?","?","M","M","R","E"],"items_purchased_type":[],"build_version":"2020-12-22","purchased_purges":0,"victory":false,"max_hp_per_floor":[72,72,72,72,72,72,72,72,72,72,72,72,72,72,72,72,72,72,72,72,72,72,72,72,72],"relic_stats":{"counters":[12,49],"Golden Idol":50,"obtain_stats":[{"DaveBox":0,"NeowsBlessing":0,"JellyFishMachine":0,"Golden Idol":8,"ats:Lavender":9,"Nilry\u0027s Codex":19,"Ancient Tea Set":13,"WarpedTongs":20,"SynthV:TestCard":1,"ats:Originium":12,"ats:Sanity":0,"xbg":17,"ats:Rhine Circuitry":12,"REME_ComplimentaryCards":0},{"DaveBox":0,"NeowsBlessing":0,"JellyFishMachine":0,"Golden Idol":4,"ats:Lavender":4,"Nilry\u0027s Codex":9,"Ancient Tea Set":6,"WarpedTongs":9,"SynthV:TestCard":1,"ats:Originium":6,"ats:Sanity":0,"xbg":8,"ats:Rhine Circuitry":6,"REME_ComplimentaryCards":0},{"DaveBox":0,"NeowsBlessing":0,"JellyFishMachine":0,"Golden Idol":6,"ats:Lavender":6,"Nilry\u0027s Codex":40,"Ancient Tea Set":16,"WarpedTongs":40,"SynthV:TestCard":1,"ats:Originium":16,"ats:Sanity":0,"xbg":36,"ats:Rhine Circuitry":16,"REME_ComplimentaryCards":0}],"WarpedTongs":[9]},"card_choices":[{"not_picked":["ats:Leaping Hammer","ats:Support Order"],"picked":"ats:Overload","floor":1},{"not_picked":["ats:Soul Absorption","ats:Revitalization","ats:Cat Scratch","ats:Encircling Forest"],"picked":"ats:Shell Defense","floor":3},{"not_picked":["ats:Magnetic Hammer","ats:Charging Defense","ats:Shell Defense","ats:Revitalization","ats:Flexible Camouflage"],"picked":"SKIP","floor":4},{"not_picked":["ats:Childhood Dance","ats:Ignite","ats:Curse Doll","ats:Automatic Cover"],"picked":"ats:Hammer On","floor":7},{"not_picked":["ats:Explosion Area Strengthen","ats:Powerful Strike","ats:Cat Scratch","ats:Support Order","ats:Beaten Up"],"picked":"SKIP","floor":10},{"not_picked":["ats:Childhood Dance","ats:Very Hot Blade","ats:Spore Proliferation","ats:Ignite"],"picked":"ats:Calcification","floor":12},{"not_picked":["ats:Directed Diagnosis","ats:Explosion Area Strengthen","ats:Shell Defense","ats:Leaping Hammer","ats:Automatic Cover"],"picked":"SKIP","floor":14},{"not_picked":["ats:Roar Of Ursus","ats:Disruption Kick","ats:Echo Reverb","ats:Dogmatic Field"],"picked":"ats:Soul Rend","floor":16},{"not_picked":["ats:Explosion Area Strengthen","ats:Powerful Strike+1","ats:Shell Defense","ats:Hammer On"],"picked":"ats:Hook Shot","floor":18},{"not_picked":["ats:Curse Doll","ats:Assault Order","ats:Ignite+1","ats:Overload+1","ats:Powerful Strike"],"picked":"SKIP","floor":21},{"not_picked":["ats:Spore Proliferation","ats:Assault Order","ats:Closed Bolt Burst Fire","ats:Shell Defense"],"picked":"ats:Cat Scratch+1","floor":22}],"player_experience":148300,"relics_obtained":[{"floor":1,"key":"SynthV:TestCard"},{"floor":9,"key":"ats:Lavender"},{"floor":12,"key":"ats:Originium"},{"floor":12,"key":"ats:Rhine Circuitry"},{"floor":19,"key":"Nilry\u0027s Codex"}],"event_choices":[{"damage_healed":0,"gold_gain":0,"player_choice":"Bought 0 Potions","damage_taken":0,"max_hp_gain":0,"max_hp_loss":0,"event_name":"The Woman in Blue","floor":2,"gold_loss":0},{"damage_healed":0,"gold_gain":61,"player_choice":"Gained Gold","damage_taken":0,"max_hp_gain":0,"max_hp_loss":0,"event_name":"Golden Wing","floor":5,"gold_loss":0},{"damage_healed":0,"gold_gain":0,"player_choice":"Take Damage","damage_taken":18,"relics_obtained":["Golden Idol"],"max_hp_gain":0,"max_hp_loss":0,"event_name":"Golden Idol","floor":8,"gold_loss":0},{"damage_healed":0,"gold_gain":0,"player_choice":"Success","damage_taken":18,"relics_obtained":["Ancient Tea Set"],"max_hp_gain":0,"max_hp_loss":0,"event_name":"Scrap Ooze","floor":13,"gold_loss":0},{"damage_healed":0,"gold_gain":0,"player_choice":"Obtained Book","damage_taken":16,"max_hp_gain":0,"max_hp_loss":0,"event_name":"Cursed Tome","floor":19,"gold_loss":0},{"damage_healed":0,"gold_gain":0,"player_choice":"Rummage","damage_taken":0,"relics_obtained":["WarpedTongs"],"max_hp_gain":0,"max_hp_loss":0,"event_name":"Accursed Blacksmith","floor":20,"gold_loss":0,"cards_obtained":["Pain"]}],"is_beta":false,"boss_relics":[{"not_picked":["PatriotShield","ChiXiaoBlade"],"picked":"xbg"}],"items_purged_floors":[],"is_endless":false,"potions_floor_spawned":[3,7,12,16,22],"killed_by":"Gremlin Leader","ascension_level":1}}