{"host":"5gvtsr4efrrdxof8","time":1609344891,"event":{"mods":["BaseMod","Bestiary","Better Altar","Better Match","Better Note","Better Skull","Better Vampires","ChefMod","Colored Powertips","Curses Come First","Downfall","Hermit","Hubris","Jorbs\u0027s Wanderer Trilogy","Luminous","Marisa????????","Minty Spire (QoL Compilation)","Quick Restart","READ ME - Guardian Mod","READ ME - Snecko Mod","Random Character Button","Rare Cards Sparkle","Replay The Spire","Robot Space Explorer","Shade Mod","StSLib","The Animator","The Blackbeard","The Construct","The Cursed","The Disciple","The Hierophant","The Judge","The Jungle","The Marked","The Necromancer","The Poker Player","The Servant 0.9.4","Unceasing Turn Reminder","thorton"],"gold_per_floor":[99,110,110,122,133,152,224,239,250,263,263,263,263,275,289,289,289,289],"floor_reached":16,"playtime":855,"items_purged":[],"score":98,"play_id":"6c7587ba-b6bc-4aae-ae29-32d63fb01b29","local_time":"20201230161451","is_ascension_mode":false,"campfire_choices":[{"data":"hexamod:UnleashSpirits","floor":1,"key":"SMITH"},{"floor":11,"key":"REST"},{"data":"hexamod:WildfireWeapon","floor":13,"key":"SMITH"}],"circlet_count":0,"master_deck":["hexamod:Strike","hexamod:Strike","hexamod:Strike","hexamod:Strike","hexamod:Defend","hexamod:Defend","hexamod:Defend","hexamod:Sear","hexamod:Float","hexamod:UnleashSpirits+1","hexamod:PhantomFireball","hexamod:GhostLash","hexamod:NightmareGuise","hexamod:NecessarySacrifice","hexamod:WildfireWeapon+1","hexamod:FourthSeal","hexamod:GhostLash","Parasite","hexamod:UnleashSpirits","hexamod:GhostShield"],"relics":["hexamod:SpiritBrand","ReplayTheSpireMod:Ninjato"],"acts_visited":["Exordium"],"potions_floor_usage":[15,16],"damage_taken":[{"damage":2,"enemies":"2 Louse","floor":2,"turns":2},{"damage":0,"enemies":"Cultist","floor":4,"turns":3},{"damage":0,"enemies":"Jaw Worm","floor":5,"turns":3},{"damage":6,"enemies":"Large Slime","floor":6,"turns":6},{"damage":0,"enemies":"2 Fungi Beasts","floor":8,"turns":2},{"damage":9,"enemies":"Exordium Wildlife","floor":9,"turns":5},{"damage":7,"enemies":"3 Louse","floor":10,"turns":4},{"damage":21,"enemies":"Exordium Thugs","floor":14,"turns":4},{"damage":8,"enemies":"Exordium Wildlife","floor":15,"turns":4},{"damage":41,"enemies":"downfall:Defect","floor":16,"turns":6}],"seed_played":"1778086822476544035","potions_obtained":[{"floor":2,"key":"Regen Potion"},{"floor":3,"key":"Languid Potion"},{"floor":3,"key":"Block Potion"},{"floor":4,"key":"Flashbang"},{"floor":10,"key":"Fire Potion"}],"is_trial":false,"path_per_floor":["R","M","?","M","M","M","T","M","M","M","R","?","R","M","M","B"],"character_chosen":"THE_SPIRIT","items_purchased":[],"campfire_rested":1,"item_purchase_floors":[],"current_hp_per_floor":[70,68,68,68,68,62,62,62,53,46,67,70,70,49,41,0,0,0],"gold":289,"neow_bonus":"TRANSFORM_CARD","is_daily":false,"chose_seed":false,"campfire_upgraded":2,"win_rate":0.0,"timestamp":1609344891,"path_taken":["R","M","?","?","M","M","T","M","M","?","R","?","R","M","M","BOSS"],"items_purchased_type":[],"build_version":"2020-12-22","purchased_purges":0,"victory":false,"max_hp_per_floor":[70,70,70,70,70,70,70,70,70,70,70,70,70,70,70,70,70,70],"card_choices":[{"not_picked":["hexamod:BacktrackSmack","hexamod:ThermalTransfer"],"picked":"hexamod:PhantomFireball","floor":2},{"not_picked":["hexamod:BacktrackSmack","hexamod:HeatShield"],"picked":"hexamod:GhostLash","floor":4},{"not_picked":["hexamod:AdvancingGuard","hexamod:Hexaguard"],"picked":"hexamod:NightmareGuise","floor":5},{"not_picked":["hexamod:ShieldOfDarkness","hexamod:CatchUp"],"picked":"hexamod:NecessarySacrifice","floor":6},{"not_picked":["hexamod:SpectersWail","hexamod:GhostLash"],"picked":"hexamod:WildfireWeapon","floor":8},{"not_picked":["hexamod:ThermalTransfer","hexamod:BacktrackSmack"],"picked":"hexamod:FourthSeal","floor":9},{"not_picked":["hexamod:ShieldOfDarkness","hexamod:SpectralAdrenaline"],"picked":"hexamod:GhostLash","floor":10},{"not_picked":["hexamod:Hexaguard","hexamod:ShieldOfDarkness"],"picked":"hexamod:UnleashSpirits","floor":14},{"not_picked":["hexamod:EtherealExpedition","hexamod:ChargedBarrage"],"picked":"hexamod:GhostShield","floor":15}],"player_experience":103119,"relics_obtained":[{"floor":7,"key":"ReplayTheSpireMod:Ninjato"}],"event_choices":[{"damage_healed":0,"gold_gain":0,"player_choice":"Got Potions","damage_taken":0,"max_hp_gain":0,"max_hp_loss":0,"event_name":"Lab","floor":3,"gold_loss":0},{"damage_healed":17,"gold_gain":0,"player_choice":"Healed and dodged fight","damage_taken":0,"max_hp_gain":0,"max_hp_loss":0,"event_name":"Mushrooms","floor":12,"gold_loss":0,"cards_obtained":["Parasite"]}],"is_beta":false,"boss_relics":[],"items_purged_floors":[],"is_endless":false,"potions_floor_spawned":[2,4,10],"killed_by":"downfall:Defect","ascension_level":0}}