{"host":"6pfj0wha12yu6wq3","time":1609367114,"event":{"mods":["AchievementEnabler","BaseMod","Colored Map","Colored Powertips","Curses Come First","DeckTracker","Minty Spire (QoL Compilation)","RNG Fix","Relic Sorter","Relic Stats","StSLib","UnlockEverythingMod","ojb\u0027s Better Paths Mod","ojb\u0027s Info Mod"],"gold_per_floor":[109,109,119,138,138,169,187,187,187,187,216,9,27,43,43,122,122,134,144,163,0,0,0,16,47,71,71,71,71],"floor_reached":28,"playtime":2000,"items_purged":[],"score":550,"play_id":"0e70e6e9-e228-4708-8997-4e979fc1811e","local_time":"20201230172514","is_ascension_mode":true,"campfire_choices":[{"data":"Noxious Fumes","floor":8.0,"key":"SMITH"},{"data":"Sucker Punch","floor":10.0,"key":"SMITH"},{"data":"Footwork","floor":15.0,"key":"SMITH"},{"floor":23.0,"key":"REST"}],"circlet_count":0,"master_deck":["AscendersBane","Strike_G","Strike_G","Strike_G","Defend_G","Defend_G","Defend_G","Defend_G","Defend_G","Survivor","Neutralize","Terror","Noxious Fumes+1","Footwork+1","Sucker Punch+1","Escape Plan","Underhanded Strike","Heel Hook","Noxious Fumes","Predator","Prepared+1","Quick Slash+1","Dash+1","Terror"],"relics":["Busted Crown","Blood Vial","Turnip","Anchor","Toolbox","Black Star","Toy Ornithopter","Shuriken","Juzu Bracelet","Kunai","Pen Nib"],"acts_visited":["Exordium","TheCity"],"potions_floor_usage":[28],"damage_taken":[{"damage":1.0,"enemies":"Small Slimes","floor":1.0,"turns":6.0},{"damage":0.0,"enemies":"Cultist","floor":3.0,"turns":5.0},{"damage":0.0,"enemies":"2 Louse","floor":4.0,"turns":3.0},{"damage":37.0,"enemies":"Gremlin Nob","floor":6.0,"turns":5.0},{"damage":7.0,"enemies":"Large Slime","floor":7.0,"turns":8.0},{"damage":0.0,"enemies":"Lagavulin","floor":11.0,"turns":7.0},{"damage":0.0,"enemies":"3 Louse","floor":13.0,"turns":4.0},{"damage":0.0,"enemies":"Red Slaver","floor":14.0,"turns":3.0},{"damage":23.0,"enemies":"Slime Boss","floor":16.0,"turns":9.0},{"damage":13.0,"enemies":"2 Thieves","floor":18.0,"turns":5.0},{"damage":15.0,"enemies":"3 Byrds","floor":19.0,"turns":6.0},{"damage":17.0,"enemies":"Snecko","floor":20.0,"turns":5.0},{"damage":22.0,"enemies":"3 Cultists","floor":24.0,"turns":5.0},{"damage":14.0,"enemies":"Gremlin Leader","floor":25.0,"turns":6.0},{"damage":12,"enemies":"Book of Stabbing","floor":28,"turns":3}],"seed_played":"275854391832776187","potions_obtained":[{"floor":4.0,"key":"SpeedPotion"},{"floor":6.0,"key":"Fire Potion"},{"floor":7.0,"key":"PowerPotion"},{"floor":11.0,"key":"Block Potion"},{"floor":20.0,"key":"SkillPotion"},{"floor":24.0,"key":"FearPotion"},{"floor":25.0,"key":"Weak Potion"}],"is_trial":false,"path_per_floor":["M","?","M","M","?","E","M","R","T","R","E","$","M","M","R","B",null,"M","M","M","$","?","R","M","E","T","?","E"],"character_chosen":"THE_SILENT","items_purchased":["Toolbox","Noxious Fumes","Toy Ornithopter"],"campfire_rested":1,"item_purchase_floors":[12,12,21],"current_hp_per_floor":[58,58,58,58,58,21,16,16,16,16,18,18,20,22,22,1,50,39,26,11,11,11,30,10,3,3,3,0,0],"gold":71,"neow_bonus":"BOSS_RELIC","is_daily":false,"chose_seed":false,"campfire_upgraded":3,"win_rate":0.0,"timestamp":1609367114,"path_taken":["M","?","M","M","?","E","M","R","T","R","E","$","M","M","R","BOSS","M","M","M","$","?","R","M","E","T","?","E"],"items_purchased_type":["Relic","Card","Relic"],"build_version":"2020-12-22","purchased_purges":0,"victory":false,"max_hp_per_floor":[66,66,66,66,66,66,66,66,66,66,66,66,66,66,66,66,66,66,66,66,66,66,66,66,66,66,66,66,66],"relic_stats":{"Blood Vial":22,"Busted Crown":28,"counters":[15,80],"Shuriken":[6],"Turnip":[4],"Pen Nib":[0],"Black Star":1,"Juzu Bracelet":1,"Kunai":[0],"obtain_stats":[{"Blood Vial":6,"Anchor":11,"Busted Crown":0,"Shuriken":22,"Toolbox":12,"Turnip":9,"Pen Nib":26,"Black Star":17,"Juzu Bracelet":25,"Kunai":25,"Toy Ornithopter":21,"Ring of the Snake":0},{"Blood Vial":4,"Anchor":6,"Busted Crown":0,"Shuriken":12,"Toolbox":6,"Turnip":5,"Pen Nib":14,"Black Star":9,"Juzu Bracelet":14,"Kunai":14,"Toy Ornithopter":12,"Ring of the Snake":0},{"Blood Vial":19,"Anchor":34,"Busted Crown":0,"Shuriken":66,"Toolbox":34,"Turnip":27,"Pen Nib":77,"Black Star":50,"Juzu Bracelet":77,"Kunai":77,"Toy Ornithopter":66,"Ring of the Snake":0}],"Toy Ornithopter":10},"card_choices":[{"not_picked":[],"picked":"Terror","floor":1.0},{"not_picked":[],"picked":"Footwork","floor":3.0},{"not_picked":[],"picked":"Sucker Punch","floor":4.0},{"not_picked":[],"picked":"Escape Plan","floor":6.0},{"not_picked":[],"picked":"Underhanded Strike","floor":7.0},{"not_picked":[],"picked":"Heel Hook","floor":11.0},{"not_picked":[],"picked":"Predator","floor":13.0},{"not_picked":["Outmaneuver"],"picked":"SKIP","floor":14.0},{"not_picked":[],"picked":"Prepared+1","floor":18.0},{"not_picked":[],"picked":"Quick Slash+1","floor":19.0},{"not_picked":["Quick Slash"],"picked":"SKIP","floor":20.0},{"not_picked":["Outmaneuver"],"picked":"SKIP","floor":24.0},{"not_picked":[],"picked":"Dash+1","floor":25.0}],"player_experience":4205,"relics_obtained":[{"floor":6.0,"key":"Blood Vial"},{"floor":9.0,"key":"Turnip"},{"floor":11.0,"key":"Anchor"},{"floor":25.0,"key":"Juzu Bracelet"},{"floor":25.0,"key":"Kunai"},{"floor":26.0,"key":"Pen Nib"}],"event_choices":[{"damage_healed":0.0,"max_hp_gain":0.0,"max_hp_loss":0.0,"gold_gain":0.0,"cards_transformed":["Strike_G"],"event_name":"Living Wall","player_choice":"Change","floor":2.0,"gold_loss":0.0,"damage_taken":0.0,"cards_obtained":["Noxious Fumes"]},{"damage_healed":0.0,"max_hp_gain":0.0,"max_hp_loss":0.0,"gold_gain":0.0,"event_name":"Liars Game","player_choice":"Ignored","floor":5.0,"gold_loss":0.0,"damage_taken":0.0},{"damage_healed":0.0,"max_hp_gain":0.0,"max_hp_loss":0.0,"gold_gain":0.0,"event_name":"WeMeetAgain","player_choice":"Gave Potion","floor":22.0,"gold_loss":0.0,"damage_taken":0.0,"relics_obtained":["Shuriken"]},{"damage_healed":0.0,"max_hp_gain":0.0,"max_hp_loss":0.0,"gold_gain":0.0,"cards_transformed":["Strike_G"],"event_name":"Transmorgrifier","player_choice":"Transformed","floor":27.0,"gold_loss":0.0,"damage_taken":0.0,"cards_obtained":["Terror"]}],"is_beta":false,"boss_relics":[{"not_picked":["Coffee Dripper","HoveringKite"],"picked":"Black Star"}],"items_purged_floors":[],"is_endless":false,"potions_floor_spawned":[4,6,7,11,20,24,25],"killed_by":"Book of Stabbing","ascension_level":20}}