{"host":"5ru6a7u2mbc0jrwn","time":1609333923,"event":{"mods":["AchievementEnabler","BaseMod","Colored Map","Grow up Mod","Minty Spire (QoL Compilation)","Rare Cards Sparkle","StSLib","everything is the same but u backflip on backflip"],"gold_per_floor":[117,117,134,134,151,186,186,197,220,252,252,262,262,276,276,372,372,387,11,30,30,40,71,90,121,167,185,185,235,255,265,265,362,412,425,437,437,484,503,503,532,532,532,14,33,48,76,87,87,87],"floor_reached":51,"playtime":3943,"items_purged":["Flex","Armaments+1"],"score":838,"play_id":"07ed5fde-b79a-4544-8472-704dbdeb9905","local_time":"20201230221203","is_ascension_mode":false,"campfire_choices":[{"data":"Metallicize","floor":7,"key":"SMITH"},{"data":"Bludgeon","floor":15,"key":"SMITH"},{"data":"Corruption","floor":28,"key":"SMITH"},{"data":"Juggernaut","floor":32,"key":"SMITH"},{"data":"Demon Form","floor":40,"key":"SMITH"},{"data":"Secret Technique","floor":49,"key":"SMITH"}],"circlet_count":0,"master_deck":["Strike_R+1","Strike_R+1","Strike_R+1","Strike_R+1","Strike_R+1","Defend_R+1","Defend_R+1","Defend_R+1","Bash+1","Thunderclap+1","Pummel+1","Metallicize+1","Anger+1","Bludgeon+1","Pummel+1","Corruption+1","CurseOfTheBell","Flex+1","Pummel+1","Ghostly+1","Ghostly+1","Ghostly+1","Ghostly+1","Ghostly+1","Whirlwind+1","Juggernaut+1","Ghostly Armor+1","Hemokinesis+1","Pummel+1","Cleave+1","Demon Form+1","Rage+1","Metallicize+1","Armaments+1","Intimidate+1","Secret Technique+1","Flex+1","Combust+1","Parasite","Infernal Blade+1"],"relics":["Burning Blood","Toy Ornithopter","Bag of Marbles","Oddly Smooth Stone","FaceOfCleric","Calling Bell","Lantern","Pantograph","Gambling Chip","StoneCalendar","Anchor","Champion Belt","Vajra","Tiny House","Ginger","Potion Belt","Mark of the Bloom","Ice Cream","Sundial","Bag of Preparation"],"acts_visited":["Exordium","TheCity","TheBeyond"],"potions_floor_usage":[14,16,23,23,25,33,33,33,41,41,50],"damage_taken":[{"damage":8,"enemies":"Jaw Worm","floor":1,"turns":4},{"damage":17,"enemies":"Small Slimes","floor":3,"turns":3},{"damage":1,"enemies":"Cultist","floor":5,"turns":3},{"damage":48,"enemies":"Gremlin Nob","floor":6,"turns":5},{"damage":7,"enemies":"Blue Slaver","floor":8,"turns":4},{"damage":28,"enemies":"Lagavulin","floor":10,"turns":5},{"damage":10,"enemies":"Looter","floor":12,"turns":2},{"damage":3,"enemies":"Red Slaver","floor":14,"turns":2},{"damage":78,"enemies":"Hexaghost","floor":16,"turns":7},{"damage":19,"enemies":"Spheric Guardian","floor":18,"turns":5},{"damage":10,"enemies":"Chosen","floor":20,"turns":3},{"damage":0,"enemies":"Snecko","floor":22,"turns":2},{"damage":3,"enemies":"Book of Stabbing","floor":23,"turns":3},{"damage":3,"enemies":"Snake Plant","floor":24,"turns":3},{"damage":61,"enemies":"Gremlin Leader","floor":25,"turns":7},{"damage":30,"enemies":"3 Cultists","floor":27,"turns":5},{"damage":0,"enemies":"Cultist and Chosen","floor":30,"turns":6},{"damage":3,"enemies":"Snake Plant","floor":31,"turns":3},{"damage":62,"enemies":"Collector","floor":33,"turns":7},{"damage":15,"enemies":"Orb Walker","floor":35,"turns":4},{"damage":37,"enemies":"3 Shapes","floor":36,"turns":4},{"damage":24,"enemies":"2 Orb Walkers","floor":38,"turns":7},{"damage":30,"enemies":"Sphere and 2 Shapes","floor":39,"turns":7},{"damage":14,"enemies":"Giant Head","floor":41,"turns":8},{"damage":16,"enemies":"Jaw Worm Horde","floor":45,"turns":6},{"damage":0,"enemies":"4 Shapes","floor":46,"turns":1},{"damage":35,"enemies":"Nemesis","floor":47,"turns":7},{"damage":0,"enemies":"Writhing Mass","floor":48,"turns":5},{"damage":53,"enemies":"Donu and Deca","floor":50,"turns":8}],"seed_played":"-5829727258226637492","potions_obtained":[{"floor":3,"key":"Weak Potion"},{"floor":6,"key":"Energy Potion"},{"floor":10,"key":"Swift Potion"},{"floor":12,"key":"Explosive Potion"},{"floor":16,"key":"Strength Potion"},{"floor":22,"key":"Strength Potion"},{"floor":25,"key":"Strength Potion"},{"floor":30,"key":"DistilledChaos"},{"floor":31,"key":"GamblersBrew"},{"floor":33,"key":"Dexterity Potion"},{"floor":34,"key":"SmokeBomb"},{"floor":36,"key":"SpeedPotion"},{"floor":38,"key":"AttackPotion"},{"floor":48,"key":"ElixirPotion"}],"is_trial":false,"path_per_floor":["M","?","M","?","M","E","R","M","T","E","?","M","?","M","R","B",null,"M","$","M","?","M","E","M","E","T","M","R","?","M","M","R","B",null,"M","M","?","?","M","R","E","?","T","$","M","M","E","M","R","B",null],"character_chosen":"IRONCLAD","items_purchased":["StoneCalendar","Sundial","Secret Technique"],"campfire_rested":0,"item_purchase_floors":[19,44,44],"current_hp_per_floor":[106,94,93,103,118,86,96,105,115,103,113,119,129,148,158,102,270,268,278,285,161,172,183,194,150,160,147,157,167,184,198,208,203,304,306,286,296,289,276,286,299,309,319,329,323,333,308,318,328,285],"gold":87,"neow_bonus":"TEN_PERCENT_HP_BONUS","is_daily":false,"chose_seed":false,"campfire_upgraded":6,"win_rate":0.0,"timestamp":1609333923,"path_taken":["M","?","M","?","M","E","R","M","T","E","?","M","?","?","R","BOSS","M","$","M","?","M","E","M","E","T","M","R","?","?","M","R","BOSS","M","?","?","?","M","R","E","?","T","?","M","?","E","M","R","BOSS"],"items_purchased_type":["Relic","Relic","Card"],"build_version":"2020-12-22","purchased_purges":2,"victory":true,"max_hp_per_floor":[108,118,128,138,148,158,168,178,188,198,208,218,228,239,249,260,270,281,291,302,161,172,183,194,205,215,226,236,246,257,268,278,289,304,315,326,336,347,358,368,379,389,399,409,420,431,442,453,463,474],"card_choices":[{"not_picked":["Feel No Pain","Clothesline"],"picked":"Thunderclap","floor":1},{"not_picked":["True Grit","Spot Weakness"],"picked":"Pummel","floor":3},{"not_picked":["Infernal Blade","Armaments"],"picked":"Metallicize","floor":5},{"not_picked":["Warcry","Cleave"],"picked":"Dropkick","floor":6},{"not_picked":["Body Slam","Metallicize"],"picked":"Anger","floor":8},{"not_picked":["Warcry","Sever Soul"],"picked":"Flex","floor":10},{"not_picked":["Rage","Iron Wave"],"picked":"Bludgeon","floor":12},{"not_picked":["Clash","Clothesline"],"picked":"Pummel","floor":14},{"not_picked":["Juggernaut","Barricade"],"picked":"Corruption","floor":16},{"not_picked":["Ghostly Armor+1","Cleave"],"picked":"Flex+1","floor":18},{"not_picked":["Pommel Strike","Iron Wave"],"picked":"Pummel+1","floor":20},{"not_picked":["Warcry","Carnage"],"picked":"Whirlwind","floor":22},{"not_picked":["Clothesline","Body Slam+1"],"picked":"Juggernaut","floor":23},{"not_picked":["Warcry","Reckless Charge+1"],"picked":"Ghostly Armor+1","floor":24},{"not_picked":["Twin Strike","Clothesline"],"picked":"Hemokinesis","floor":25},{"not_picked":["Sever Soul","Power Through"],"picked":"Armaments","floor":27},{"not_picked":["Flame Barrier","Rupture+1"],"picked":"Pummel","floor":30},{"not_picked":["Warcry","Armaments"],"picked":"Cleave+1","floor":31},{"not_picked":["Fiend Fire","Limit Break"],"picked":"Demon Form","floor":33},{"not_picked":["Feel No Pain+1","Cleave","Warcry"],"picked":"SKIP","floor":35},{"not_picked":["Flame Barrier+1","Entrench+1"],"picked":"Rage+1","floor":36},{"not_picked":["Flex","Perfected Strike"],"picked":"Metallicize+1","floor":38},{"not_picked":["Clash","Heavy Blade"],"picked":"Armaments+1","floor":39},{"not_picked":["Second Wind","Corruption"],"picked":"Intimidate+1","floor":41},{"not_picked":["Shrug It Off","Whirlwind","Pommel Strike+1"],"picked":"SKIP","floor":45},{"not_picked":["Spot Weakness","Dark Embrace+1"],"picked":"Flex+1","floor":46},{"not_picked":["Entrench+1","Corruption"],"picked":"Combust+1","floor":47},{"not_picked":["Twin Strike+1","Metallicize"],"picked":"Infernal Blade+1","floor":48}],"player_experience":15091,"relics_obtained":[{"floor":6,"key":"Toy Ornithopter"},{"floor":9,"key":"Bag of Marbles"},{"floor":10,"key":"Oddly Smooth Stone"},{"floor":17,"key":"Lantern"},{"floor":17,"key":"Pantograph"},{"floor":17,"key":"Gambling Chip"},{"floor":23,"key":"Anchor"},{"floor":25,"key":"Champion Belt"},{"floor":26,"key":"Vajra"},{"floor":38,"key":"Ginger"},{"floor":41,"key":"Potion Belt"},{"floor":43,"key":"Ice Cream"},{"floor":47,"key":"Bag of Preparation"}],"event_choices":[{"damage_healed":0,"gold_gain":0,"player_choice":"Entered Light","damage_taken":22,"max_hp_gain":0,"max_hp_loss":0,"event_name":"Shining Light","floor":2,"gold_loss":0,"cards_upgraded":["Defend_R","Thunderclap"]},{"damage_healed":0,"gold_gain":0,"player_choice":"Ignored","damage_taken":0,"max_hp_gain":0,"max_hp_loss":0,"event_name":"Liars Game","floor":4,"gold_loss":0},{"cards_removed":["Defend_R"],"damage_healed":0,"gold_gain":0,"player_choice":"Forget","damage_taken":0,"max_hp_gain":0,"max_hp_loss":0,"event_name":"Living Wall","floor":11,"gold_loss":0},{"damage_healed":0,"gold_gain":0,"player_choice":"Trade","damage_taken":0,"relics_obtained":["FaceOfCleric"],"max_hp_gain":0,"max_hp_loss":0,"event_name":"FaceTrader","floor":13,"gold_loss":0},{"damage_healed":0,"gold_gain":0,"player_choice":"Became a Ghost","damage_taken":0,"max_hp_gain":0,"max_hp_loss":151,"event_name":"Ghosts","floor":21,"gold_loss":0,"cards_obtained":["Ghostly","Ghostly","Ghostly","Ghostly","Ghostly"]},{"damage_healed":0,"gold_gain":100,"player_choice":"Bet on Murderer","damage_taken":0,"max_hp_gain":0,"max_hp_loss":0,"event_name":"The Joust","floor":29,"gold_loss":50},{"cards_removed":["Dropkick"],"damage_healed":0,"gold_gain":0,"player_choice":"Removed Attack","damage_taken":0,"max_hp_gain":0,"max_hp_loss":0,"event_name":"Falling","floor":37,"gold_loss":0},{"damage_healed":0,"gold_gain":0,"player_choice":"Fight","damage_taken":0,"max_hp_gain":0,"max_hp_loss":0,"event_name":"Mysterious Sphere","floor":38,"gold_loss":0},{"damage_healed":0,"gold_gain":0,"player_choice":"Upgrade","damage_taken":0,"relics_obtained":["Mark of the Bloom"],"max_hp_gain":0,"max_hp_loss":0,"event_name":"MindBloom","floor":42,"gold_loss":0,"cards_upgraded":["Strike_R","Strike_R","Strike_R","Strike_R","Defend_R","Defend_R","Bash","Pummel","Anger","Pummel","Ghostly","Ghostly","Ghostly","Ghostly","Ghostly","Whirlwind","Hemokinesis","Armaments","Pummel"]}],"is_beta":false,"boss_relics":[{"not_picked":["Snecko Eye","Runic Pyramid"],"picked":"Calling Bell"},{"not_picked":["Busted Crown","Fusion Hammer"],"picked":"Tiny House"}],"items_purged_floors":[19,44],"is_endless":false,"potions_floor_spawned":[3,6,10,12,16,22,25,30,31,33,36,38,39,48],"ascension_level":0}}