{"host":"8qb550oiisecbnz6","time":1609348452,"event":{"mods":["AchievementEnabler","BaseMod","Colored Map","Colored Powertips","Minty Spire (QoL Compilation)","Quick Restart","StSLib"],"gold_per_floor":[110,35,35,110,210,244,262,292,292,310,321,321,354,529,529,529,529],"floor_reached":16,"playtime":1013,"items_purged":["Defend_G"],"score":179,"play_id":"44f886da-c430-4065-844f-9c5cc4516ee9","local_time":"20201230181412","is_ascension_mode":true,"campfire_choices":[{"data":"Neutralize","floor":12,"key":"SMITH"},{"data":"Survivor","floor":15,"key":"SMITH"}],"circlet_count":0,"master_deck":["Strike_G","Strike_G+1","Strike_G","Strike_G","Strike_G","Defend_G","Defend_G","Defend_G","Defend_G+1","Survivor+1","Neutralize+1","Backflip","Bane","Backflip","Backstab","Doubt"],"relics":["Ring of the Snake","NeowsBlessing","Meat on the Bone","Lantern","Ornamental Fan","Shuriken"],"acts_visited":["Exordium"],"potions_floor_usage":[8,8,16],"damage_taken":[{"damage":0,"enemies":"Small Slimes","floor":1,"turns":1},{"damage":0,"enemies":"3 Sentries","floor":6,"turns":1},{"damage":0,"enemies":"Jaw Worm","floor":7,"turns":1},{"damage":9,"enemies":"Lagavulin","floor":8,"turns":5},{"damage":0,"enemies":"Cultist","floor":10,"turns":3},{"damage":2,"enemies":"Large Slime","floor":11,"turns":11},{"damage":22,"enemies":"3 Sentries","floor":13,"turns":16},{"damage":38,"enemies":"Slime Boss","floor":16,"turns":7}],"seed_played":"-4730702681598351170","potions_obtained":[{"floor":1,"key":"Strength Potion"},{"floor":6,"key":"SteroidPotion"},{"floor":13,"key":"Ancient Potion"}],"is_trial":false,"path_per_floor":["M","$","?","?","?","E","M","E","T","M","M","R","E","?","R","B"],"character_chosen":"THE_SILENT","items_purchased":[],"campfire_rested":0,"item_purchase_floors":[],"current_hp_per_floor":[70,70,56,45,45,45,45,36,36,36,46,46,36,36,36,0,0],"gold":529,"neow_bonus":"THREE_ENEMY_KILL","is_daily":false,"chose_seed":false,"campfire_upgraded":2,"win_rate":0.0,"timestamp":1609348452,"path_taken":["M","$","?","?","?","E","M","E","T","?","M","R","E","?","R","BOSS"],"items_purchased_type":[],"build_version":"2020-12-22","purchased_purges":1,"victory":false,"max_hp_per_floor":[70,70,70,70,70,70,70,70,70,70,70,70,70,70,70,70,70],"card_choices":[{"not_picked":["Endless Agony","Terror"],"picked":"Backflip","floor":1},{"not_picked":["Outmaneuver","Setup"],"picked":"Bane","floor":6},{"not_picked":["Outmaneuver","Quick Slash","Infinite Blades"],"picked":"SKIP","floor":7},{"not_picked":["Bane","PiercingWail","Caltrops"],"picked":"SKIP","floor":8},{"not_picked":["Accuracy","Heel Hook"],"picked":"Backflip","floor":10},{"not_picked":["Deflect","Outmaneuver","Expertise"],"picked":"SKIP","floor":11},{"not_picked":["Riddle With Holes","Dodge and Roll"],"picked":"Backstab","floor":13}],"player_experience":422831,"relics_obtained":[{"floor":6,"key":"Meat on the Bone"},{"floor":8,"key":"Lantern"},{"floor":9,"key":"Ornamental Fan"},{"floor":13,"key":"Shuriken"}],"event_choices":[{"damage_healed":0,"gold_gain":0,"player_choice":"Entered Light","damage_taken":14,"max_hp_gain":0,"max_hp_loss":0,"event_name":"Shining Light","floor":3,"gold_loss":0,"cards_upgraded":["Strike_G","Defend_G"]},{"damage_healed":0,"gold_gain":75,"player_choice":"Gather Gold","damage_taken":11,"max_hp_gain":0,"max_hp_loss":0,"event_name":"World of Goop","floor":4,"gold_loss":0},{"damage_healed":0,"gold_gain":100,"player_choice":"Pray","damage_taken":0,"max_hp_gain":0,"max_hp_loss":0,"event_name":"Golden Shrine","floor":5,"gold_loss":0},{"damage_healed":0,"gold_gain":175,"player_choice":"AGREE","damage_taken":0,"max_hp_gain":0,"max_hp_loss":0,"event_name":"Liars Game","floor":14,"gold_loss":0,"cards_obtained":["Doubt"]}],"is_beta":false,"boss_relics":[],"items_purged_floors":[2],"is_endless":false,"potions_floor_spawned":[1,6,13],"killed_by":"Slime Boss","ascension_level":5}}