{"host":"yo9wwslrag05lh37","time":1609348633,"event":{"mods":["AchievementEnabler","BaseMod","Block Reminder","Colored Map","Colored Powertips","GifTheSpireLib","HexUI Lib","Highlight Path","Minty Spire (QoL Compilation)","Rare Cards Sparkle","Relic Stats","StSLib","everything is the same but u backflip on backflip"],"gold_per_floor":[115,125,138,22,32,57,57,57,82,82,82,103,103,128,128,226,226,241,254,272,252,152,152,185,204,204,204,204,228,228,228],"floor_reached":30,"playtime":952,"items_purged":["Strike_B","Strike_B"],"score":504,"play_id":"9757381d-26aa-44c9-a1cf-edbc4777f666","local_time":"20201230181713","is_ascension_mode":true,"campfire_choices":[{"data":"Sweeping Beam","floor":7,"key":"SMITH"},{"data":"Zap","floor":10,"key":"SMITH"},{"data":"Static Discharge","floor":13,"key":"SMITH"},{"data":"Melter","floor":15,"key":"SMITH"},{"floor":23,"key":"REST"},{"floor":28,"key":"REST"}],"circlet_count":0,"master_deck":["AscendersBane","Strike_B","Strike_B","Defend_B","Defend_B","Defend_B","Defend_B","Zap+1","Dualcast","Static Discharge+1","Conserve Battery","Sweeping Beam+1","Glacier","Melter+1","Electrodynamics","Doom and Gloom","Reinforced Body","Genetic Algorithm","Glacier"],"relics":["Cracked Core","Pen Nib","Golden Idol","Bag of Preparation","HornCleat","Velvet Choker","Tiny Chest","MealTicket","Frozen Egg 2"],"acts_visited":["Exordium","TheCity"],"potions_floor_usage":[6,16,20,24,30],"damage_taken":[{"damage":5,"enemies":"2 Louse","floor":1,"turns":3},{"damage":4,"enemies":"Jaw Worm","floor":2,"turns":3},{"damage":2,"enemies":"Cultist","floor":3,"turns":4},{"damage":9,"enemies":"Blue Slaver","floor":5,"turns":4},{"damage":10,"enemies":"3 Sentries","floor":6,"turns":7},{"damage":2,"enemies":"Red Slaver","floor":12,"turns":3},{"damage":3,"enemies":"Exordium Wildlife","floor":14,"turns":2},{"damage":35,"enemies":"Slime Boss","floor":16,"turns":7},{"damage":14,"enemies":"2 Thieves","floor":18,"turns":3},{"damage":11,"enemies":"Shell Parasite","floor":19,"turns":4},{"damage":13,"enemies":"Snake Plant","floor":20,"turns":3},{"damage":6,"enemies":"Gremlin Leader","floor":24,"turns":5},{"damage":6,"enemies":"Cultist and Chosen","floor":25,"turns":4},{"damage":29,"enemies":"Chosen and Byrds","floor":29,"turns":3},{"damage":19,"enemies":"Slavers","floor":30,"turns":1}],"seed_played":"-2458034873655428817","potions_obtained":[{"floor":1,"key":"Block Potion"},{"floor":3,"key":"Explosive Potion"},{"floor":12,"key":"LiquidMemories"},{"floor":18,"key":"SpeedPotion"},{"floor":20,"key":"Energy Potion"},{"floor":21,"key":"FocusPotion"}],"is_trial":false,"path_per_floor":["M","M","M","$","M","E","R","?","T","R","T","M","R","M","R","B",null,"M","M","M","?","$","R","E","M","T","T","R","M","E"],"character_chosen":"DEFECT","items_purchased":["Glacier"],"campfire_rested":2,"item_purchase_floors":[4],"current_hp_per_floor":[66,62,60,60,51,41,41,41,41,41,41,39,39,36,36,1,54,40,29,16,16,16,37,31,25,25,25,46,17,0,0],"gold":228,"neow_bonus":"TEN_PERCENT_HP_BONUS","is_daily":false,"chose_seed":false,"campfire_upgraded":4,"win_rate":0.0,"timestamp":1609348633,"path_taken":["M","M","M","$","M","E","R","?","T","R","?","M","R","M","R","BOSS","M","M","?","?","$","R","E","?","T","?","R","M","E"],"items_purchased_type":["Card"],"build_version":"2020-12-22","purchased_purges":2,"victory":false,"max_hp_per_floor":[78,78,78,78,78,78,78,71,71,71,71,71,71,71,71,71,71,71,71,71,71,71,71,71,71,71,71,71,71,71,71],"relic_stats":{"counters":[15,56],"Golden Idol":55,"Tiny Chest":0,"MealTicket":0,"Pen Nib":[3],"Bag of Preparation":[20],"obtain_stats":[{"HornCleat":11,"Golden Idol":8,"Velvet Choker":17,"Tiny Chest":24,"MealTicket":26,"Pen Nib":6,"Bag of Preparation":9,"Frozen Egg 2":27,"Cracked Core":0},{"HornCleat":5,"Golden Idol":5,"Velvet Choker":8,"Tiny Chest":12,"MealTicket":13,"Pen Nib":5,"Bag of Preparation":5,"Frozen Egg 2":13,"Cracked Core":0},{"HornCleat":21,"Golden Idol":21,"Velvet Choker":33,"Tiny Chest":48,"MealTicket":52,"Pen Nib":21,"Bag of Preparation":21,"Frozen Egg 2":52,"Cracked Core":0}]},"card_choices":[{"not_picked":["Loop","Steam Power"],"picked":"Static Discharge","floor":1},{"not_picked":["Hologram","Barrage"],"picked":"Conserve Battery","floor":2},{"not_picked":["Double Energy","Compile Driver"],"picked":"Sweeping Beam","floor":3},{"not_picked":["Gash","White Noise"],"picked":"Melter","floor":5},{"not_picked":["Blizzard","Beam Cell","Force Field"],"picked":"SKIP","floor":6},{"not_picked":["Reprogram","FTL","Melter"],"picked":"SKIP","floor":12},{"not_picked":["Streamline","Compile Driver","Hologram"],"picked":"SKIP","floor":14},{"not_picked":["Creative AI","Seek"],"picked":"Electrodynamics","floor":16},{"not_picked":["Hello World+1","Streamline"],"picked":"Doom and Gloom","floor":18},{"not_picked":["Double Energy","Gash+1"],"picked":"Reinforced Body","floor":19},{"not_picked":["Rebound","Streamline+1","Gash"],"picked":"SKIP","floor":20},{"not_picked":["Meteor Strike","Go for the Eyes","Gash"],"picked":"SKIP","floor":24},{"not_picked":["Rebound","Go for the Eyes"],"picked":"Genetic Algorithm","floor":25},{"not_picked":["Hologram","Rip and Tear"],"picked":"Glacier","floor":29}],"player_experience":1408639,"relics_obtained":[{"floor":6,"key":"Pen Nib"},{"floor":9,"key":"Bag of Preparation"},{"floor":11,"key":"HornCleat"},{"floor":24,"key":"Tiny Chest"},{"floor":26,"key":"MealTicket"},{"floor":27,"key":"Frozen Egg 2"}],"event_choices":[{"damage_healed":0,"gold_gain":0,"player_choice":"Lose Max HP","damage_taken":0,"relics_obtained":["Golden Idol"],"max_hp_gain":0,"max_hp_loss":7,"event_name":"Golden Idol","floor":8,"gold_loss":0},{"damage_healed":0,"gold_gain":0,"player_choice":"Bought 1 Potion","damage_taken":0,"max_hp_gain":0,"max_hp_loss":0,"event_name":"The Woman in Blue","floor":21,"gold_loss":0}],"is_beta":false,"boss_relics":[{"not_picked":["Ectoplasm","Inserter"],"picked":"Velvet Choker"}],"items_purged_floors":[4,22],"is_endless":false,"potions_floor_spawned":[1,3,12,18,20],"killed_by":"Slavers","ascension_level":20}}