{"host":"owox7x4ngjt9htcc","time":1609321773,"event":{"mods":["BaseMod","Colored Map","DeckTracker","Keyboard Shortcuts","Minty Spire (QoL Compilation)","SuperFastMode"],"gold_per_floor":[114,129,144,159,84,114,129,129,429,459,474,504,534,134,134,234,234,249,99,99,114,144,144,174,189,189,204,234,234,264,279,279,379,379,394,397,198,213,228,258,258,258,258,258,258,288,303,333,333,333],"floor_reached":51,"playtime":1236,"items_purged":["Strike_B","Parasite","Doubt"],"score":1120,"play_id":"01789566-af72-4d0f-a099-f5751d503394","local_time":"20201230184933","daily_mods":["Cursed Run","Diverse","DeadlyEvents"],"is_ascension_mode":false,"campfire_choices":[{"data":"Zap","floor":8.0,"key":"SMITH"},{"data":"Hologram","floor":15.0,"key":"SMITH"},{"data":"1","floor":29.0,"key":"LIFT"},{"data":"2","floor":32,"key":"LIFT"},{"data":"3","floor":42,"key":"LIFT"},{"data":"True Grit","floor":44,"key":"SMITH"},{"data":"Footwork","floor":49,"key":"SMITH"}],"circlet_count":0,"master_deck":["Strike_B","Strike_B","Defend_B","Defend_B","Defend_B","Defend_B","Zap+1","Dualcast","Poisoned Stab","Doom and Gloom","Melter","PathToVictory","Shrug It Off","Quick Slash","Slice","Hologram+1","Shrug It Off","Clumsy","Phantasmal Killer","CurseOfTheBell","Coolheaded","PathToVictory","Backflip","Chill","Go for the Eyes+1","True Grit+1","Parasite","Wish","Battle Trance+1","Footwork+1","PiercingWail+1","Barrage+1","Bullet Time","Shame","Capacitor+1","Writhe"],"relics":["Cursed Key","Darkstone Periapt","Du-Vu Doll","Meat on the Bone","Old Coin","Bottled Flame","Sundial","Pear","Lee\u0027s Waffle","Centennial Puzzle","Calling Bell","Lantern","Eternal Feather","Girya","DollysMirror","Letter Opener","Anchor","Vajra","StrikeDummy","Happy Flower","Regal Pillow","Inserter","Ice Cream","HornCleat","Singing Bowl","Art of War","Blood Vial"],"acts_visited":["Exordium","TheCity","TheBeyond"],"potions_floor_usage":[40,50,50,50],"damage_taken":[{"damage":5.0,"enemies":"Cultist","floor":1.0,"turns":4.0},{"damage":0.0,"enemies":"Small Slimes","floor":2.0,"turns":3.0},{"damage":1.0,"enemies":"Jaw Worm","floor":3.0,"turns":2.0},{"damage":11.0,"enemies":"Exordium Thugs","floor":4.0,"turns":4.0},{"damage":16.0,"enemies":"3 Sentries","floor":6.0,"turns":7.0},{"damage":0.0,"enemies":"2 Fungi Beasts","floor":7.0,"turns":2.0},{"damage":21.0,"enemies":"Gremlin Nob","floor":10.0,"turns":4.0},{"damage":0.0,"enemies":"Looter","floor":11.0,"turns":3.0},{"damage":18.0,"enemies":"Lagavulin","floor":12.0,"turns":4.0},{"damage":8.0,"enemies":"Gremlin Nob","floor":13.0,"turns":3.0},{"damage":29.0,"enemies":"Hexaghost","floor":16.0,"turns":8.0},{"damage":12.0,"enemies":"Shell Parasite","floor":18.0,"turns":3.0},{"damage":0.0,"enemies":"3 Byrds","floor":21.0,"turns":3.0},{"damage":26.0,"enemies":"Book of Stabbing","floor":22.0,"turns":5.0},{"damage":33.0,"enemies":"Gremlin Leader","floor":24.0,"turns":8.0},{"damage":3.0,"enemies":"Snecko","floor":25.0,"turns":4.0},{"damage":0.0,"enemies":"Sentry and Sphere","floor":27.0,"turns":4.0},{"damage":8.0,"enemies":"Book of Stabbing","floor":28.0,"turns":4.0},{"damage":5.0,"enemies":"Slavers","floor":30.0,"turns":3.0},{"damage":0.0,"enemies":"Snake Plant","floor":31.0,"turns":3.0},{"damage":42,"enemies":"Collector","floor":33,"turns":9},{"damage":0,"enemies":"3 Shapes","floor":35,"turns":3},{"damage":35,"enemies":"2 Orb Walkers","floor":36,"turns":5},{"damage":4,"enemies":"Orb Walker","floor":38,"turns":4},{"damage":9,"enemies":"Writhing Mass","floor":39,"turns":4},{"damage":19,"enemies":"Nemesis","floor":40,"turns":7},{"damage":0,"enemies":"Reptomancer","floor":46,"turns":5},{"damage":0,"enemies":"4 Shapes","floor":47,"turns":2},{"damage":1,"enemies":"Giant Head","floor":48,"turns":6},{"damage":37,"enemies":"Donu and Deca","floor":50,"turns":9}],"seed_played":"9091901603564859836","potions_obtained":[{"floor":4.0,"key":"EssenceOfSteel"},{"floor":6.0,"key":"FocusPotion"},{"floor":7.0,"key":"Block Potion"},{"floor":16.0,"key":"GamblersBrew"},{"floor":28.0,"key":"Block Potion"},{"floor":35,"key":"Strength Potion"},{"floor":40,"key":"Strength Potion"},{"floor":48,"key":"FocusPotion"}],"is_trial":false,"path_per_floor":["M","M","M","M","$","E","M","R","T","E","M","E","E","$","R","B",null,"M","$","?","M","E","?","E","M","T","M","E","R","E","M","R","B",null,"M","?","$","M","M","E","?","R","T","R","?","E","M","E","R","B",null],"character_chosen":"DEFECT","items_purchased":["Lee\u0027s Waffle","Centennial Puzzle","DollysMirror","Footwork"],"campfire_rested":0,"item_purchase_floors":[14,14,19,37],"current_hp_per_floor":[70,70,69,58,58,42,42,42,48,39,51,45,59,95,95,72,107,95,95,95,95,69,69,48,57,63,63,67,82,77,77,92,68,119,119,84,84,80,71,64,64,82,88,106,108,110,112,111,131,100],"gold":333,"neow_bonus":"","is_daily":true,"chose_seed":false,"campfire_upgraded":4,"win_rate":0.0,"timestamp":1609321773,"path_taken":["M","M","?","M","$","E","M","R","T","?","M","E","?","$","R","BOSS","M","$","?","M","?","?","E","M","T","?","E","R","E","M","R","BOSS","M","?","$","M","M","E","?","R","T","R","?","E","?","E","R","BOSS"],"items_purchased_type":["Relic","Relic","Relic","Card"],"build_version":"2020-12-22","purchased_purges":3,"victory":true,"max_hp_per_floor":[75,75,75,75,75,75,75,75,81,81,81,81,91,95,95,101,107,107,107,107,107,107,107,107,107,113,113,113,113,113,113,113,119,119,119,119,119,119,119,119,119,119,125,125,127,129,131,131,131,137],"card_choices":[{"not_picked":["Compile Driver","PiercingWail"],"picked":"Poisoned Stab","floor":1.0},{"not_picked":["EmptyFist","Havoc"],"picked":"Doom and Gloom","floor":2.0},{"not_picked":["Fire Breathing","Outmaneuver"],"picked":"Melter","floor":3.0},{"not_picked":["Redo","FlyingSleeves"],"picked":"PathToVictory","floor":4.0},{"not_picked":["Skewer","Halt"],"picked":"Shrug It Off","floor":6.0},{"not_picked":["Malaise","Whirlwind"],"picked":"Quick Slash","floor":7.0},{"not_picked":["Quick Slash","Twin Strike"],"picked":"Slice","floor":10.0},{"not_picked":["Thunderclap","Heavy Blade"],"picked":"Hologram","floor":11.0},{"not_picked":["Stack","Sucker Punch"],"picked":"Gash","floor":12.0},{"not_picked":["Die Die Die","Melter"],"picked":"Shrug It Off","floor":13.0},{"not_picked":["Corpse Explosion","Fiend Fire"],"picked":"Phantasmal Killer","floor":16.0},{"not_picked":["Prostrate","Carnage+1"],"picked":"Coolheaded","floor":18.0},{"not_picked":["BowlingBash","Skim","Swivel"],"picked":"SKIP","floor":21.0},{"not_picked":["Rage","All For One"],"picked":"Backflip","floor":22.0},{"not_picked":["Cold Snap","Beam Cell","Genetic Algorithm"],"picked":"SKIP","floor":24.0},{"not_picked":["Doom and Gloom+1","Cold Snap"],"picked":"Chill","floor":25.0},{"not_picked":["DeceiveReality","MentalFortress"],"picked":"Go for the Eyes+1","floor":27.0},{"not_picked":["Pray","Infinite Blades","Deflect"],"picked":"SKIP","floor":28.0},{"not_picked":["Sever Soul+1","Protect"],"picked":"True Grit","floor":30.0},{"not_picked":["Redo","Amplify","SashWhip+1"],"picked":"SKIP","floor":31.0},{"not_picked":["LessonLearned","Impervious"],"picked":"Wish","floor":33},{"not_picked":["Clothesline","JustLucky","Warcry"],"picked":"SKIP","floor":35},{"not_picked":["Bane+1","Sucker Punch+1"],"picked":"Battle Trance+1","floor":36},{"not_picked":["Flechettes+1","Barrage"],"picked":"PiercingWail+1","floor":38},{"not_picked":["Fire Breathing+1","Glacier+1"],"picked":"Barrage+1","floor":39},{"not_picked":["Force Field","Compile Driver"],"picked":"Bullet Time","floor":40},{"not_picked":["Deep Breath","Good Instincts","Discovery"],"picked":"Singing Bowl","floor":45},{"not_picked":["Reckless Charge","Gash","Clothesline"],"picked":"Singing Bowl","floor":46},{"not_picked":["Havoc+1","Redo","Rage+1"],"picked":"Singing Bowl","floor":47},{"not_picked":["Sweeping Beam","Concentrate+1"],"picked":"Capacitor+1","floor":48}],"player_experience":860673,"relics_obtained":[{"floor":6.0,"key":"Meat on the Bone"},{"floor":9.0,"key":"Old Coin"},{"floor":10.0,"key":"Bottled Flame"},{"floor":12.0,"key":"Sundial"},{"floor":13.0,"key":"Pear"},{"floor":17.0,"key":"Lantern"},{"floor":17.0,"key":"Eternal Feather"},{"floor":17.0,"key":"Girya"},{"floor":22.0,"key":"Anchor"},{"floor":24.0,"key":"Vajra"},{"floor":26.0,"key":"StrikeDummy"},{"floor":28.0,"key":"Happy Flower"},{"floor":30.0,"key":"Regal Pillow"},{"floor":36,"key":"Ice Cream"},{"floor":40,"key":"HornCleat"},{"floor":43,"key":"Singing Bowl"},{"floor":46,"key":"Art of War"},{"floor":48,"key":"Blood Vial"}],"event_choices":[{"cards_removed":["Gash"],"damage_healed":0.0,"max_hp_gain":0.0,"max_hp_loss":0.0,"gold_gain":0.0,"event_name":"WeMeetAgain","player_choice":"Gave Card","floor":20.0,"gold_loss":0.0,"damage_taken":0.0,"relics_obtained":["Letter Opener"]},{"damage_healed":0.0,"max_hp_gain":0.0,"max_hp_loss":0.0,"gold_gain":0.0,"event_name":"Ghosts","player_choice":"Ignored","floor":23.0,"gold_loss":0.0,"damage_taken":0.0},{"damage_healed":0,"gold_gain":0,"player_choice":"Fight","damage_taken":0,"max_hp_gain":0,"max_hp_loss":0,"event_name":"Mysterious Sphere","floor":36,"gold_loss":0},{"cards_removed":["Strike_B"],"damage_healed":0,"gold_gain":0,"player_choice":"Removed Attack","damage_taken":0,"max_hp_gain":0,"max_hp_loss":0,"event_name":"Falling","floor":41,"gold_loss":0},{"damage_healed":0,"gold_gain":0,"player_choice":"Memory 1","damage_taken":0,"max_hp_gain":0,"max_hp_loss":0,"event_name":"SensoryStone","floor":45,"gold_loss":0}],"is_beta":false,"boss_relics":[{"not_picked":["Philosopher\u0027s Stone","Empty Cage"],"picked":"Calling Bell"},{"not_picked":["Astrolabe","Runic Dome"],"picked":"Inserter"}],"items_purged_floors":[5,14,37],"is_endless":false,"potions_floor_spawned":[4,6,7,11,13,16,21,25,28,33,35,40,48],"ascension_level":0}}