{"host":"deadgod","time":1609297967,"event":{"mods":["2.2 Compatiblity","ATMod(ªü½@Mod)","Act Like it!","Arknights The Spire","Aspiration","BaseMod","Bestiary","CapriCore","Colored Map","Colored Powertips","GungeonMod","HololiveMod","Minty Spire (QoL Compilation)","Permanent Neow","Relic Filter","Relic Sorter","Robot Space Explorer","StSLib","Synergy Search","The Dragon Tamer","The Runesmith","UnlockEverythingMod","Waifu the Spire","¡i?ª«¥dµP¡jREMEMod"],"gold_per_floor":[117,128,128,128,139,139,158,217,217,217,217,227,227,258,258,357,357,373,400,416,436,396,396,413,413,484,494,494,494,513,547,547,648,648,648,30,62,62],"floor_reached":39,"playtime":4979,"items_purged":["RobotSpaceExplorer:Defend"],"score":1182,"play_id":"05c7e411-f09e-4e98-832c-c16616e49827","local_time":"20201230111247","is_ascension_mode":false,"campfire_choices":[{"data":"REME_Shoggoth","floor":6.0,"key":"SMITH"},{"data":"1","floor":11.0,"key":"LIFT"},{"data":"2","floor":13.0,"key":"LIFT"},{"data":"3","floor":15.0,"key":"LIFT"},{"data":"RobotSpaceExplorer:Arsenal","floor":23.0,"key":"SMITH"},{"data":"RobotSpaceExplorer:IronShell","floor":25.0,"key":"SMITH"},{"data":"RobotSpaceExplorer:MiniDrones","floor":29.0,"key":"SMITH"},{"data":"RobotSpaceExplorer:MiniLasers","floor":32,"key":"SMITH"},{"data":"RobotSpaceExplorer:ChargingLaser","floor":35,"key":"SMITH"}],"circlet_count":0,"master_deck":["RobotSpaceExplorer:Strike+1","RobotSpaceExplorer:Strike+1","RobotSpaceExplorer:Strike","RobotSpaceExplorer:Scan+1","RobotSpaceExplorer:MiniLasers+1","AT_DarkMatter","REME_Shoggoth+1","RobotSpaceExplorer:FreezingShield","RobotSpaceExplorer:IronShell+1","Acrobatics","Distraction","REME_GrazeFinale","RobotSpaceExplorer:ScrapMissile","RobotSpaceExplorer:Jetpack","RobotSpaceExplorer:Arsenal+1","RobotSpaceExplorer:MiniDrones+1","RobotSpaceExplorer:Fix+1","RobotSpaceExplorer:MiniDrones+1","RobotSpaceExplorer:Arsenal+1","RobotSpaceExplorer:Jetpack+1","RobotSpaceExplorer:Smokescreen+1","RobotSpaceExplorer:Calculate+1","RobotSpaceExplorer:MetalStrike","RobotSpaceExplorer:ChargingLaser+1"],"relics":["RobotSpaceExplorer:RoboCore","AT_ATBox","REME_ComplimentaryCards","aspiration:Nostalgia","DemoMod:Dog","DemoMod:GlassGuonStoneRelic","ats:Originium","Girya","AT_BellDemon","FossilizedHelix","Whetstone","Pen Nib","Toxic Egg 2","ats:Originium","Busted Crown","AT_ArchangelStaff","Singing Bowl","aspiration:RitualStick","ats:Originium","Letter Opener","RobotSpaceExplorer:Reprocessor","Medical Kit","AT_RedTearstoneRing","Strawberry","ats:Originium","AT_ForceNature"],"acts_visited":["Exordium","TheCity","TheEnding"],"potions_floor_usage":[31,38,38,38,38,38],"damage_taken":[{"damage":0.0,"enemies":"Small Slimes","floor":1.0,"turns":3.0},{"damage":0.0,"enemies":"2 Louse","floor":2.0,"turns":2.0},{"damage":0.0,"enemies":"Cultist","floor":5.0,"turns":2.0},{"damage":0.0,"enemies":"3 Louse","floor":7.0,"turns":3.0},{"damage":0.0,"enemies":"3 Sentries","floor":8.0,"turns":12.0},{"damage":0.0,"enemies":"Red Slaver","floor":12.0,"turns":1.0},{"damage":0.0,"enemies":"Lagavulin","floor":14.0,"turns":6.0},{"damage":0.0,"enemies":"The Guardian","floor":16.0,"turns":8.0},{"damage":0.0,"enemies":"Chosen","floor":18.0,"turns":2.0},{"damage":0.0,"enemies":"Spheric Guardian","floor":20.0,"turns":3.0},{"damage":0.0,"enemies":"Snecko","floor":21.0,"turns":3.0},{"damage":0.0,"enemies":"Centurion and Healer","floor":24.0,"turns":3.0},{"damage":0.0,"enemies":"Cultist and Chosen","floor":27.0,"turns":1.0},{"damage":0.0,"enemies":"Snecko","floor":30.0,"turns":3.0},{"damage":0,"enemies":"Slavers","floor":31,"turns":3},{"damage":0,"enemies":"Automaton","floor":33,"turns":9},{"damage":0,"enemies":"Shield and Spear","floor":37,"turns":3},{"damage":0,"enemies":"The Heart","floor":38,"turns":6}],"seed_played":"-4463641528532669790","potions_obtained":[{"floor":7.0,"key":"Weak Potion"},{"floor":8.0,"key":"Explosive Potion"},{"floor":12.0,"key":"RobotSpaceExplorer:RecyclePotion"},{"floor":21.0,"key":"Weak Potion"},{"floor":22.0,"key":"DuplicationPotion"},{"floor":22.0,"key":"EntropicBrew"},{"floor":22.0,"key":"Swift Potion"},{"floor":33,"key":"Dexterity Potion"}],"is_trial":false,"path_per_floor":["M","M","?","?","M","R","M","E","T","?","R","M","R","E","R","B",null,"M","T","M","M","?","R","M","R","T","M","?","R","M","E","R","B",null,"R","$","E","B",null],"character_chosen":"RobotSpaceExplorer","items_purchased":["Medical Kit","AT_RedTearstoneRing","Strawberry","DemoMod:BlankPotion"],"campfire_rested":0,"item_purchase_floors":[36,36,36,36],"current_hp_per_floor":[75,75,60,60,60,60,60,60,60,60,60,60,60,60,60,75,75,75,75,75,75,75,75,75,75,75,77,62,62,68,76,76,79,79,79,86,90,90],"gold":62,"neow_bonus":"NOSTALGIA","is_daily":false,"chose_seed":false,"campfire_upgraded":6,"win_rate":0.0,"timestamp":1609297967,"path_taken":["M","M","?","?","M","R","M","E","T","?","R","M","R","E","R","BOSS","M","?","M","M","?","R","M","R","T","?","?","R","M","E","R","BOSS","R","$","E","BOSS"],"items_purchased_type":["Relic","Relic","Relic","Undefined"],"build_version":"2020-11-17","purchased_purges":1,"victory":true,"max_hp_per_floor":[75,75,75,75,75,75,75,75,75,75,75,75,75,75,75,75,75,75,75,75,75,75,75,75,75,75,77,77,77,77,79,79,79,79,79,86,90,90],"card_choices":[{"not_picked":["RobotSpaceExplorer:SurgingStrike","RobotSpaceExplorer:MetalStrike"],"picked":"RobotSpaceExplorer:FreezingShield","floor":1.0},{"not_picked":["RobotSpaceExplorer:MetalStrike","RobotSpaceExplorer:SurgingStrike"],"picked":"RobotSpaceExplorer:IronShell","floor":2.0},{"not_picked":["RobotSpaceExplorer:IronShell","RobotSpaceExplorer:FrostMissile"],"picked":"RobotSpaceExplorer:ScrapMissile","floor":5.0},{"not_picked":["RobotSpaceExplorer:BigMissile","RobotSpaceExplorer:ShovelStrike"],"picked":"RobotSpaceExplorer:Jetpack","floor":7.0},{"not_picked":["RobotSpaceExplorer:SwiftStep","RobotSpaceExplorer:IronShell"],"picked":"RobotSpaceExplorer:Arsenal","floor":8.0},{"not_picked":["RobotSpaceExplorer:Blitz","RobotSpaceExplorer:LuckyStrike"],"picked":"RobotSpaceExplorer:MiniDrones","floor":12.0},{"not_picked":["RobotSpaceExplorer:Jetpack+1","RobotSpaceExplorer:StunGrenade"],"picked":"RobotSpaceExplorer:Fix+1","floor":14.0},{"not_picked":["RobotSpaceExplorer:IronShell+1","RobotSpaceExplorer:Jetpack+1"],"picked":"RobotSpaceExplorer:MiniDrones","floor":14.0},{"not_picked":["RobotSpaceExplorer:ShockMissile","RobotSpaceExplorer:Scanner"],"picked":"RobotSpaceExplorer:Arsenal+1","floor":16.0},{"not_picked":[],"picked":"RobotSpaceExplorer:Jetpack+1","floor":18.0},{"not_picked":[],"picked":"RobotSpaceExplorer:Smokescreen+1","floor":20.0},{"not_picked":["RobotSpaceExplorer:SwiftStep+1"],"picked":"SKIP","floor":21.0},{"not_picked":[],"picked":"RobotSpaceExplorer:Calculate+1","floor":24.0},{"not_picked":["RobotSpaceExplorer:SurgingShield+1"],"picked":"SKIP","floor":24.0},{"not_picked":["RobotSpaceExplorer:StarDust"],"picked":"Singing Bowl","floor":27.0},{"not_picked":[],"picked":"RobotSpaceExplorer:MetalStrike","floor":30},{"not_picked":["RobotSpaceExplorer:SurgingStrike"],"picked":"Singing Bowl","floor":31},{"not_picked":[],"picked":"RobotSpaceExplorer:Wormhole+1","floor":33},{"not_picked":[],"picked":"RobotSpaceExplorer:ChargingLaser","floor":33},{"not_picked":["RobotSpaceExplorer:SurgingStrike"],"picked":"Singing Bowl","floor":37},{"not_picked":["RobotSpaceExplorer:ScrapToss+1"],"picked":"Singing Bowl","floor":37}],"player_experience":32661,"relics_obtained":[{"floor":8.0,"key":"ats:Originium"},{"floor":8.0,"key":"Girya"},{"floor":9.0,"key":"AT_BellDemon"},{"floor":10.0,"key":"FossilizedHelix"},{"floor":12.0,"key":"Whetstone"},{"floor":14.0,"key":"Pen Nib"},{"floor":14.0,"key":"Toxic Egg 2"},{"floor":14.0,"key":"ats:Originium"},{"floor":19.0,"key":"AT_ArchangelStaff"},{"floor":26.0,"key":"Singing Bowl"},{"floor":31,"key":"ats:Originium"},{"floor":31,"key":"Letter Opener"},{"floor":37,"key":"ats:Originium"},{"floor":37,"key":"AT_ForceNature"}],"event_choices":[{"damage_healed":0.0,"max_hp_gain":0.0,"max_hp_loss":0.0,"gold_gain":0.0,"event_name":"Shining Light","player_choice":"Entered Light","floor":3.0,"gold_loss":0.0,"damage_taken":15.0,"cards_upgraded":["RobotSpaceExplorer:Strike","RobotSpaceExplorer:Scan"]},{"damage_healed":0.0,"max_hp_gain":0.0,"max_hp_loss":0.0,"gold_gain":0.0,"event_name":"Wheel of Change","player_choice":"Relic","floor":10.0,"gold_loss":0.0,"damage_taken":0.0},{"damage_healed":0.0,"max_hp_gain":0.0,"max_hp_loss":0.0,"gold_gain":0.0,"event_name":"The Woman in Blue","player_choice":"Bought 3 Potions","floor":22.0,"gold_loss":0.0,"damage_taken":0.0}],"is_beta":true,"boss_relics":[{"not_picked":["AT_MortalBlade","aspiration:MobileForge"],"picked":"Busted Crown"},{"not_picked":["aspiration:RitualDagger","RobotSpaceExplorer:TurboCore"],"picked":"RobotSpaceExplorer:Reprocessor"}],"items_purged_floors":[36],"is_endless":false,"potions_floor_spawned":[7,8,12,21,30,33],"ascension_level":0}}