{"host":"8dslgxri5anf0td9","time":1609301707,"event":{"mods":["AchievementEnabler","BaseMod","Colored Map","Colored Powertips","DeckTracker","Minty Spire (QoL Compilation)"],"gold_per_floor":[109,121,121,133,51,66,66,80,103,134,134,151,151,5,5,110,110,125,140,55,83,115,127,158,199,211,242,254,292,304,331,343,456,468,500,512,544,556,568,608,620,60,60,93,104,104,4,19,19,19],"floor_reached":51,"playtime":9954,"items_purged":["Decay","Strike_B"],"score":699,"play_id":"fe280b0a-42d4-452a-8323-b8895e8dddf8","local_time":"20201229231507","is_ascension_mode":false,"campfire_choices":[{"data":"Zap","floor":7.0,"key":"SMITH"},{"floor":11.0,"key":"REST"},{"data":"Go for the Eyes","floor":13.0,"key":"SMITH"},{"data":"Self Repair","floor":15.0,"key":"SMITH"},{"floor":23.0,"key":"REST"},{"floor":28.0,"key":"REST"},{"data":"Hologram","floor":30.0,"key":"SMITH"},{"data":"Barrage","floor":32.0,"key":"SMITH"},{"floor":41.0,"key":"REST"},{"floor":49.0,"key":"REST"}],"circlet_count":0,"master_deck":["Strike_B","Strike_B","Strike_B","Defend_B","Defend_B","Defend_B","Defend_B","Zap+1","Dualcast","Cold Snap","Conserve Battery","Capacitor","Hologram+1","Go for the Eyes+1","Compile Driver","Genetic Algorithm","Self Repair+1","Coolheaded","Barrage+1","Rainbow","Melter+1","White Noise","Conserve Battery","Cold Snap+1","Rainbow","Self Repair","Go for the Eyes+1","Machine Learning","Heatsinks+1","Sweeping Beam+1","Beam Cell+1","Madness","Madness"],"relics":["Cracked Core","Vajra","Regal Pillow","Bronze Scales","Cursed Key","MawBank","Ornamental Fan","Molten Egg 2","Fusion Hammer","Letter Opener","Mummified Hand","Meat on the Bone","Bottled Flame"],"acts_visited":["Exordium","TheCity","TheBeyond"],"potions_floor_usage":[50,50],"damage_taken":[{"damage":1.0,"enemies":"Cultist","floor":1.0,"turns":4.0},{"damage":6.0,"enemies":"Jaw Worm","floor":2.0,"turns":3.0},{"damage":0.0,"enemies":"Small Slimes","floor":4.0,"turns":2.0},{"damage":8.0,"enemies":"Looter","floor":6.0,"turns":3.0},{"damage":0.0,"enemies":"Exordium Thugs","floor":8.0,"turns":4.0},{"damage":20.0,"enemies":"Gremlin Nob","floor":10.0,"turns":5.0},{"damage":0.0,"enemies":"2 Fungi Beasts","floor":12.0,"turns":3.0},{"damage":24.0,"enemies":"The Guardian","floor":16.0,"turns":12.0},{"damage":9.0,"enemies":"Spheric Guardian","floor":18.0,"turns":4.0},{"damage":1.0,"enemies":"Chosen","floor":19.0,"turns":4.0},{"damage":25.0,"enemies":"Snake Plant","floor":21.0,"turns":4.0},{"damage":20.0,"enemies":"Shelled Parasite and Fungi","floor":22.0,"turns":5.0},{"damage":0.0,"enemies":"Sentry and Sphere","floor":24.0,"turns":3.0},{"damage":51.0,"enemies":"Slavers","floor":25.0,"turns":7.0},{"damage":2.0,"enemies":"Cultist and Chosen","floor":27.0,"turns":6.0},{"damage":9.0,"enemies":"Book of Stabbing","floor":29.0,"turns":5.0},{"damage":8.0,"enemies":"Centurion and Healer","floor":31.0,"turns":5.0},{"damage":49.0,"enemies":"Collector","floor":33.0,"turns":12.0},{"damage":7.0,"enemies":"Orb Walker","floor":35.0,"turns":4.0},{"damage":7.0,"enemies":"3 Shapes","floor":37.0,"turns":4.0},{"damage":58.0,"enemies":"Giant Head","floor":40.0,"turns":11.0},{"damage":36.0,"enemies":"Nemesis","floor":44.0,"turns":7.0},{"damage":0.0,"enemies":"Sphere and 2 Shapes","floor":45.0,"turns":3.0},{"damage":14.0,"enemies":"4 Shapes","floor":48.0,"turns":3.0},{"damage":53,"enemies":"Time Eater","floor":50,"turns":10}],"seed_played":"1475897841186146931","potions_obtained":[{"floor":1.0,"key":"SkillPotion"},{"floor":10.0,"key":"Energy Potion"},{"floor":16.0,"key":"FocusPotion"},{"floor":24.0,"key":"FearPotion"},{"floor":37.0,"key":"Explosive Potion"},{"floor":40.0,"key":"SteroidPotion"},{"floor":45.0,"key":"FocusPotion"}],"is_trial":false,"path_per_floor":["M","M","?","M","$","M","R","M","T","E","R","M","R","$","R","B",null,"M","M","?","M","M","R","M","E","T","M","R","E","R","M","R","B",null,"M","?","M","?","?","E","R","$","T","E","M","?","$","M","R","B",null],"character_chosen":"DEFECT","items_purchased":["Capacitor","Hologram","Self Repair","Coolheaded","Barrage","Mummified Hand","Meat on the Bone"],"campfire_rested":5,"item_purchase_floors":[5,5,14,14,14,42,42],"current_hp_per_floor":[81,75,75,75,75,67,67,67,67,47,82,82,82,82,82,68,82,82,81,81,66,56,82,82,41,41,49,82,82,82,82,82,50,82,82,82,82,82,82,41,80,80,80,68,82,72,72,75,82,48],"gold":19,"neow_bonus":"TEN_PERCENT_HP_BONUS","is_daily":false,"chose_seed":false,"campfire_upgraded":5,"win_rate":0.0,"timestamp":1609301707,"path_taken":["M","M","?","M","?","M","R","M","T","E","R","M","R","$","R","BOSS","M","M","?","M","M","R","M","E","T","M","R","E","R","M","R","BOSS","M","?","?","?","?","E","R","$","T","E","?","?","$","M","R","BOSS"],"items_purchased_type":["Card","Card","Card","Card","Card","Relic","Relic"],"build_version":"2020-12-22","purchased_purges":2,"victory":true,"max_hp_per_floor":[82,82,82,82,82,82,82,82,82,82,82,82,82,82,82,82,82,82,82,82,82,82,82,82,82,82,82,82,82,82,82,82,82,82,82,82,82,82,82,82,82,82,82,82,82,82,82,82,82,82],"card_choices":[{"not_picked":["Reprogram","Aggregate","Stack"],"picked":"SKIP","floor":1.0},{"not_picked":["Steam","Hello World"],"picked":"Cold Snap","floor":2.0},{"not_picked":["Sweeping Beam","Rebound"],"picked":"Conserve Battery","floor":4.0},{"not_picked":["Stack","Sweeping Beam","Blizzard"],"picked":"SKIP","floor":6.0},{"not_picked":["Leap","Reinforced Body"],"picked":"Go for the Eyes","floor":8.0},{"not_picked":["Skim","Beam Cell"],"picked":"Compile Driver","floor":10.0},{"not_picked":["Cold Snap","Reprogram"],"picked":"Genetic Algorithm","floor":12.0},{"not_picked":["Seek","Buffer"],"picked":"Rainbow","floor":16.0},{"not_picked":["Capacitor+1","Auto Shields"],"picked":"Melter+1","floor":18.0},{"not_picked":["Beam Cell","Tempest","Turbo"],"picked":"SKIP","floor":19.0},{"not_picked":["Steam+1","Heatsinks"],"picked":"White Noise","floor":21.0},{"not_picked":["Skim","Gash","Turbo"],"picked":"SKIP","floor":22.0},{"not_picked":["Turbo","Steam"],"picked":"Conserve Battery","floor":24.0},{"not_picked":["Streamline","Steam Power+1"],"picked":"Cold Snap+1","floor":25.0},{"not_picked":["Double Energy","Auto Shields"],"picked":"Rainbow","floor":27.0},{"not_picked":["Compile Driver+1","Defragment"],"picked":"Self Repair","floor":29.0},{"not_picked":["Stack","Turbo+1"],"picked":"Go for the Eyes+1","floor":31.0},{"not_picked":["Fission","Buffer"],"picked":"Machine Learning","floor":33.0},{"not_picked":["Conserve Battery+1","Leap"],"picked":"Heatsinks+1","floor":35.0},{"not_picked":["Go for the Eyes+1","Double Energy","Conserve Battery"],"picked":"SKIP","floor":37.0},{"not_picked":["Redo+1","Stack+1","Multi-Cast"],"picked":"SKIP","floor":40.0},{"not_picked":["Turbo","Double Energy"],"picked":"Beam Cell+1","floor":44.0},{"not_picked":["Undo","Conserve Battery+1","Fusion+1"],"picked":"SKIP","floor":45.0},{"not_picked":["Redo","Steam Power+1","Streamline+1"],"picked":"SKIP","floor":48.0}],"player_experience":86608,"relics_obtained":[{"floor":9.0,"key":"Regal Pillow"},{"floor":10.0,"key":"Bronze Scales"},{"floor":25.0,"key":"Ornamental Fan"},{"floor":29.0,"key":"Molten Egg 2"},{"floor":40.0,"key":"Letter Opener"},{"floor":44.0,"key":"Bottled Flame"}],"event_choices":[{"damage_healed":0.0,"max_hp_gain":0.0,"max_hp_loss":0.0,"gold_gain":0.0,"event_name":"WeMeetAgain","player_choice":"Gave Potion","floor":3.0,"gold_loss":0.0,"damage_taken":0.0,"relics_obtained":["Vajra"]},{"damage_healed":0.0,"max_hp_gain":0.0,"max_hp_loss":0.0,"gold_gain":0.0,"event_name":"Addict","player_choice":"Obtained Relic","floor":20.0,"gold_loss":85.0,"damage_taken":0.0,"relics_obtained":["MawBank"]},{"damage_healed":0.0,"max_hp_gain":0.0,"max_hp_loss":0.0,"gold_gain":0.0,"event_name":"Match and Keep!","player_choice":"1 cards matched","floor":36.0,"gold_loss":0.0,"damage_taken":0.0,"cards_obtained":["Sweeping Beam"]},{"damage_healed":0.0,"max_hp_gain":0.0,"max_hp_loss":0.0,"gold_gain":0.0,"event_name":"Mysterious Sphere","player_choice":"Ignored","floor":38.0,"gold_loss":0.0,"damage_taken":0.0},{"damage_healed":0.0,"max_hp_gain":0.0,"max_hp_loss":0.0,"gold_gain":0.0,"event_name":"Wheel of Change","player_choice":"Cursed","floor":39.0,"gold_loss":0.0,"damage_taken":0.0,"cards_obtained":["Decay"]},{"damage_healed":0.0,"max_hp_gain":0.0,"max_hp_loss":0.0,"gold_gain":0.0,"event_name":"Winding Halls","player_choice":"Embrace Madness","floor":46.0,"gold_loss":0.0,"damage_taken":10.0,"cards_obtained":["Madness","Madness"]}],"is_beta":false,"boss_relics":[{"not_picked":["Runic Dome","Snecko Eye"],"picked":"Cursed Key"},{"not_picked":["FrozenCore","Busted Crown"],"picked":"Fusion Hammer"}],"items_purged_floors":[42,47],"is_endless":false,"potions_floor_spawned":[1,10,16,24,31,37,40,45,48],"ascension_level":0}}