{"host":"zit9o0ax6c2l3y2b","time":1609290716,"event":{"mods":["Aspiration","BaseMod","Colored Map","Conspire","Downfall","Glutton Mod","Hermit","Hubris","Infinite Spire","Minty Spire (QoL Compilation)","Random Character Button","Relic Filter","Replay The Spire","Shade Mod","Shop Mod","StSLib","The Construct","The Cursed","The Disciple","The Runesmith","TheArtist"],"gold_per_floor":[118,138,148,166,166,166,166,183,252,277,277,294,66,82,82,185,185,197,147,184,184,459,459,469,501,570,570,570,614,614,637,637,745,745,755,755,889,420,430,430,460,39,39,50,50,50,62,79,79,82],"floor_reached":51,"playtime":4264,"items_purged":["ReplayTheSpireMod:Whispers of Evil"],"score":780,"play_id":"fd49e785-5290-4e33-a65b-9c59289dbcfc","local_time":"20201229201156","is_ascension_mode":true,"campfire_choices":[{"data":"Shade:AncientSpear","floor":6,"key":"SMITH"},{"data":"Feel No Pain","floor":15,"key":"SMITH"},{"data":"Barricade","floor":23,"key":"SMITH"},{"data":"Shade:Coordination","floor":32,"key":"SMITH"},{"data":"Juggernaut","floor":40,"key":"SMITH"},{"data":"Shade:AnimateDead","floor":45,"key":"SMITH"},{"floor":49,"key":"DIG"}],"circlet_count":0,"master_deck":["Shade:Strike_Shade+1","Shade:Strike_Shade+1","Shade:Strike_Shade+1","Shade:Strike_Shade+1","Shade:Defend_Shade+1","Shade:Defend_Shade+1","Shade:Defend_Shade+1","Shade:Defend_Shade+1","Shade:AnimateDead+1","Shade:CarefulCut","Shade:AncientSpear+1","Shade:WallOfFlesh","Shade:Coordination+1","Shade:Premonition","Shade:ClawBack","Feel No Pain+1","Shade:Brains","Shade:Excise","Barricade+1","Shade:Bonestorm+1","conspire:SpireCoStock","Shade:SensePrey","Regret","Body Slam","Shade:SanguineRitual","Writhe","Shade:FreshBones","ReplayReversal","Juggernaut+1","Feel No Pain+1","hubris:Fate","Shade:StitchTogether+1","ReplayTheSpireMod:Necrogeddon","Shade:ScuttlingHand","Shade:DarkOfNight","Replay:SS_fish_2","Shade:Haruspicy+1","Shade:AuraOfUnlife"],"relics":["Shade:YorickSkull","hubris:DisguiseKit","Mirror","hubris:MedicalManual","Pet Ghost","hubris:VirtuousBlindfold","hubris:Towel","hubris:BundleOfHerbs","Pear","hubris:SlimyHat","Juzu Bracelet","Anchor","Sozu","Gambling Chip","Nunchaku","aspiration:ChemicalBlood","Replay:Rubber Ducky","ReplayTheSpireMod:Lightbulb","Potion Belt","CaptainsWheel"],"acts_visited":["Exordium","TheCity","TheBeyond"],"potions_floor_usage":[2,4,10,14,16,24,25,33],"damage_taken":[{"damage":0,"enemies":"conspire:RoseBush","floor":1,"turns":3},{"damage":0,"enemies":"Small Slimes","floor":2,"turns":2},{"damage":0,"enemies":"Jaw Worm","floor":3,"turns":3},{"damage":7,"enemies":"Exordium Wildlife","floor":4,"turns":7},{"damage":11,"enemies":"Looter","floor":8,"turns":3},{"damage":14,"enemies":"3 Sentries","floor":10,"turns":5},{"damage":6,"enemies":"3 Louse","floor":12,"turns":4},{"damage":0,"enemies":"Lots of Slimes","floor":14,"turns":4},{"damage":6,"enemies":"The Guardian","floor":16,"turns":18},{"damage":0,"enemies":"conspire:FuzzyDice","floor":18,"turns":6},{"damage":0,"enemies":"Spheric Guardian","floor":20,"turns":4},{"damage":6,"enemies":"Cultist and Chosen","floor":24,"turns":5},{"damage":12,"enemies":"Slavers","floor":25,"turns":5},{"damage":12,"enemies":"Gremlin Leader","floor":29,"turns":8},{"damage":10,"enemies":"Centurion and Healer","floor":31,"turns":6},{"damage":19,"enemies":"Collector","floor":33,"turns":12},{"damage":10,"enemies":"3 Darklings","floor":35,"turns":5},{"damage":10,"enemies":"infinitespire:Three Voidlings","floor":37,"turns":4},{"damage":36,"enemies":"Nightmare_Alpha","floor":37,"turns":10},{"damage":11,"enemies":"3 Shapes","floor":39,"turns":3},{"damage":7,"enemies":"Jaw Worm Horde","floor":41,"turns":5},{"damage":0,"enemies":"3 Darklings","floor":44,"turns":5},{"damage":2,"enemies":"Sphere and 2 Shapes","floor":47,"turns":3},{"damage":0,"enemies":"4 Shapes","floor":48,"turns":5},{"damage":12,"enemies":"conspire:OrnateMirror","floor":50,"turns":10}],"seed_played":"-2708206804833873728","potions_obtained":[{"floor":0,"key":"Fire Potion"},{"floor":0,"key":"Swift Potion"},{"floor":0,"key":"LiquidBronze"},{"floor":2,"key":"DuplicationPotion"},{"floor":3,"key":"LifebloodPotion"},{"floor":10,"key":"SmokeBomb"},{"floor":12,"key":"Dexterity Potion"},{"floor":14,"key":"SpeedPotion"},{"floor":20,"key":"Swift Potion"},{"floor":31,"key":"Fire Potion"},{"floor":33,"key":"champ:CounterPotion"}],"is_trial":false,"path_per_floor":["M","M","M","M","?","R","?","M","T","E","?","M","$","M","R","B",null,"M","?","M","?","?","R","M","E","T","?","?","E","?","M","R","B",null,"M","?","?","$","M","R","M","$","T","M","R","?","M","M","R_BF","B",null],"character_chosen":"SHADE","items_purchased":["Pet Ghost","ReplayTheSpireMod:Necrogeddon","Nunchaku","aspiration:ChemicalBlood","Replay:Rubber Ducky","Shade:ScuttlingHand","Shade:DarkOfNight","Replay:SS_fish_2"],"campfire_rested":0,"item_purchase_floors":[13,38,38,38,42,42,42,42],"current_hp_per_floor":[65,65,65,58,65,65,65,54,54,40,40,34,34,34,34,28,65,65,65,65,65,65,65,59,47,57,57,57,51,51,41,41,22,75,65,65,19,19,8,8,19,19,19,41,41,41,47,57,57,63],"gold":82,"neow_bonus":"THREE_SMALL_POTIONS","is_daily":false,"chose_seed":false,"campfire_upgraded":6,"win_rate":0.0,"timestamp":1609290716,"path_taken":["M","M","M","M","?","R","?","M","T","E","?","?","$","M","R","BOSS","M","?","M","?","?","R","?","E","T","?","?","E","?","M","R","BOSS","M","?","?","$","M","R","M","$","T","M","R","?","M","M","R_BF","BOSS"],"items_purchased_type":["Relic","Card","Relic","Relic","Relic","Card","Card","Card"],"build_version":"2020-12-22","purchased_purges":1,"victory":true,"max_hp_per_floor":[65,65,65,65,65,65,65,65,65,65,65,65,65,65,65,65,65,65,65,65,65,65,65,65,65,75,75,75,75,75,75,75,75,75,75,75,75,75,75,75,75,75,75,75,75,75,75,75,75,75],"card_choices":[{"not_picked":["Shade:SkeletonHug","Shade:FingerOfDeath"],"picked":"Shade:AncientSpear","floor":1},{"not_picked":["Shade:GoDigging","Shade:Brains"],"picked":"Shade:WallOfFlesh","floor":2},{"not_picked":["Shade:LyeBath","Shade:SkeletonHug"],"picked":"Shade:Coordination","floor":3},{"not_picked":["Shade:FingerOfDeath","Shade:AncientSpear"],"picked":"Shade:Premonition","floor":4},{"not_picked":["Shade:DangerousRitual","Shade:CloudOfShrapnel","Wild Strike"],"picked":"Shade:ClawBack","floor":8},{"not_picked":["Shade:TouchOfTheGrave","Shade:FuneraryArmor","Shade:FeralStrike"],"picked":"Feel No Pain","floor":10},{"not_picked":["Shade:SpectralStrikes","Shade:DangerousRitual","Body Slam"],"picked":"Shade:Brains","floor":12},{"not_picked":["Shade:CommandSoldier","Shade:FeralStrike","Run Through"],"picked":"Shade:Excise","floor":14},{"not_picked":["Shade:Tombstone","Shade:SelfBurial","Shade:Consume"],"picked":"Barricade","floor":16},{"not_picked":["Shade:FuneraryArmor","Shade:RitualOffering+1","Iron Wave"],"picked":"Shade:Bonestorm+1","floor":18},{"not_picked":["Shade:RitualOffering","Shade:CoffinDance","Cleave"],"picked":"Shade:SensePrey","floor":20},{"not_picked":["Shade:Frenzy","Shade:Patience+1","Shade:CommandSoldier"],"picked":"Body Slam","floor":24},{"not_picked":["Shade:CallOfTheGrave","Shade:PotionOfRestlessness+1","Whirlwind"],"picked":"Shade:SanguineRitual","floor":25},{"not_picked":["Shade:Premonition","Shade:BoneShards","Clash"],"picked":"Shade:FreshBones","floor":29},{"not_picked":["Shade:SpectralStrikes+1","Shade:Bite_Shade","Shade:ClawBack"],"picked":"ReplayReversal","floor":31},{"not_picked":["Shade:GreaterAnimation","Shade:Putrefaction","Shade:SoulPierce"],"picked":"Juggernaut","floor":33},{"not_picked":["Shade:WallOfFlesh+1","Shade:GraveStillness","Shade:CommandSoldier","Shrug It Off"],"picked":"SKIP","floor":35},{"not_picked":["infinitespire:Oblivion","ReplayTheSpireMod:Black Plague"],"picked":"hubris:Fate","floor":37},{"not_picked":["Shade:AblativeArmor","Shade:FingerOfDeath+1","Whirlwind"],"picked":"Shade:StitchTogether+1","floor":37},{"not_picked":["Shade:CoffinDance+1","Shade:Haruspicy+1","Shade:PoundOfFlesh","Sword Boomerang"],"picked":"SKIP","floor":39},{"not_picked":["Shade:Trample+1","Shade:CommandSoldier","Shade:AblativeArmor+1","infinitespire:OneForAll"],"picked":"SKIP","floor":41},{"not_picked":["Shade:FeralStrike+1","Shade:LyeBath","Shade:GreaterAnimation","Perfected Strike"],"picked":"SKIP","floor":44},{"not_picked":["Shade:CloudOfShrapnel+1","Shade:CommandSoldier+1","Headbutt"],"picked":"Shade:Haruspicy+1","floor":47},{"not_picked":["Shade:DangerousRitual+1","Shade:FeralStrike+1","conspire:Charge"],"picked":"Shade:AuraOfUnlife","floor":48}],"player_experience":392755,"relics_obtained":[{"floor":9,"key":"Mirror"},{"floor":10,"key":"hubris:MedicalManual"},{"floor":25,"key":"hubris:BundleOfHerbs"},{"floor":26,"key":"Pear"},{"floor":29,"key":"Juzu Bracelet"},{"floor":37,"key":"Gambling Chip"},{"floor":43,"key":"ReplayTheSpireMod:Lightbulb"},{"floor":46,"key":"Potion Belt"},{"floor":49,"key":"CaptainsWheel"}],"event_choices":[{"damage_healed":0,"gold_gain":0,"player_choice":"Invest 1","damage_taken":0,"max_hp_gain":0,"max_hp_loss":0,"event_name":"conspire:Investor","floor":19,"gold_loss":0},{"damage_healed":0,"gold_gain":275,"player_choice":"Desecrate","damage_taken":0,"max_hp_gain":0,"max_hp_loss":0,"event_name":"Golden Shrine","floor":22,"gold_loss":0,"cards_obtained":["Regret"]},{"damage_healed":0,"gold_gain":0,"player_choice":"Opened","damage_taken":0,"relics_obtained":["hubris:SlimyHat"],"max_hp_gain":0,"max_hp_loss":0,"event_name":"The Mausoleum","floor":27,"gold_loss":0,"cards_obtained":["Writhe"]},{"damage_healed":0,"gold_gain":0,"player_choice":"Simplicity","damage_taken":0,"max_hp_gain":0,"max_hp_loss":0,"event_name":"Back to Basics","floor":28,"gold_loss":0,"cards_upgraded":["Shade:Strike_Shade","Shade:Strike_Shade","Shade:Strike_Shade","Shade:Strike_Shade","Shade:Defend_Shade","Shade:Defend_Shade","Shade:Defend_Shade","Shade:Defend_Shade"]},{"damage_healed":0,"gold_gain":0,"player_choice":"Gave Potion","damage_taken":0,"relics_obtained":["Anchor"],"max_hp_gain":0,"max_hp_loss":0,"event_name":"WeMeetAgain","floor":30,"gold_loss":0},{"damage_healed":0,"gold_gain":0,"player_choice":"Copied","damage_taken":0,"max_hp_gain":0,"max_hp_loss":0,"event_name":"Duplicator","floor":36,"gold_loss":0,"cards_obtained":["Feel No Pain"]},{"damage_healed":0,"gold_gain":0,"player_choice":"Relic","damage_taken":0,"max_hp_gain":0,"max_hp_loss":0,"event_name":"Wheel of Change","floor":46,"gold_loss":0}],"is_beta":false,"boss_relics":[{"not_picked":["Busted Crown","ReplayTheSpireMod:SealedPack"],"picked":"hubris:VirtuousBlindfold"},{"not_picked":["aspiration:RitualDagger","Black Star"],"picked":"Sozu"}],"items_purged_floors":[13],"is_endless":false,"potions_floor_spawned":[2,3,10,12,14,20,31,33,35,39,47],"ascension_level":2}}