{"host":"6j8r4uax2c577qhw","time":1609311101,"event":{"mods":["2.2 Compatiblity","BaseMod","BetterRewards","Colored Map","Downfall","Highlight Path","Hubris","Infinite Spire","MarisaÅiñ∂âJÅ@ñÇóùçπÅj","Minty Spire (QoL Compilation)","Replay The Spire","Reworked Bosses","StSLib","The Animator"],"gold_per_floor":[118,132,149,165,176,176,192,206,206,206,221,221,249,265,265,265,265],"floor_reached":16,"playtime":1504,"items_purged":[],"score":130,"play_id":"3551c5a8-82cc-4a6b-a27b-ba97cbe54f6d","local_time":"20201230155141","is_ascension_mode":true,"campfire_choices":[{"data":"MilkyWay","floor":6,"key":"SMITH"},{"data":"UpSweep","floor":10,"key":"SMITH"},{"floor":12,"key":"REST"},{"data":"EscapeVelocity","floor":15,"key":"SMITH"}],"circlet_count":0,"master_deck":["Strike_MRS","Strike_MRS","Strike_MRS","Strike_MRS","Defend_MRS","Defend_MRS","Defend_MRS","Defend_MRS","MasterSpark","UpSweep+1","MilkyWay+1","BinaryStars","ShootingEcho","EscapeVelocity+1","GasGiant"],"relics":["MiniHakkero","ChewingGum","Ring of Chaos","infinitespire:PuzzleCube","infinitespire:WardingShard"],"acts_visited":["Exordium"],"potions_floor_usage":[4,8,13],"damage_taken":[{"damage":2,"enemies":"Small Slimes","floor":1,"turns":3},{"damage":0,"enemies":"Cultist","floor":2,"turns":3},{"damage":0,"enemies":"2 Louse","floor":3,"turns":2},{"damage":10,"enemies":"Large Slime","floor":4,"turns":4},{"damage":8,"enemies":"Red Slaver","floor":5,"turns":5},{"damage":3,"enemies":"2 Fungi Beasts","floor":7,"turns":3},{"damage":21,"enemies":"Exordium Thugs","floor":8,"turns":4},{"damage":17,"enemies":"Lots of Slimes","floor":11,"turns":5},{"damage":5,"enemies":"Gremlin Nob","floor":13,"turns":3},{"damage":0,"enemies":"Large Slime","floor":14,"turns":3},{"damage":39,"enemies":"Slime Boss","floor":16,"turns":8}],"seed_played":"8378454197576675764","potions_obtained":[{"floor":2,"key":"Toxic Potion"},{"floor":7,"key":"FearPotion"},{"floor":11,"key":"Block Potion"}],"is_trial":false,"path_per_floor":["M","M","M","M","M","R","M","M","T","R","M","R","E","M","R_BF","B"],"character_chosen":"MARISA","items_purchased":[],"campfire_rested":1,"item_purchase_floors":[],"current_hp_per_floor":[73,73,73,63,55,55,52,31,31,31,14,36,31,31,31,0,0],"gold":265,"neow_bonus":"DOUBLE_BOSS_RELIC","is_daily":false,"chose_seed":false,"campfire_upgraded":3,"win_rate":0.0,"timestamp":1609311101,"path_taken":["M","M","M","M","M","R","M","M","T","R","M","R","E","M","R_BF","BOSS"],"items_purchased_type":[],"build_version":"2020-12-22","purchased_purges":0,"victory":false,"max_hp_per_floor":[75,75,75,75,75,75,75,75,75,75,75,75,75,75,75,75,75],"card_choices":[{"not_picked":["GravityBeat","PulseMagic","AlicesGift"],"picked":"SKIP","floor":1},{"not_picked":["WitchOfGreed","DC","AsteroidBelt"],"picked":"SKIP","floor":2},{"not_picked":["WitchOfGreed","SuperPerseids"],"picked":"MilkyWay","floor":3},{"not_picked":["PowerUp","SuperPerseids","AlicesGift"],"picked":"SKIP","floor":4},{"not_picked":["GravityBeat","MilkyWay"],"picked":"BinaryStars","floor":5},{"not_picked":["MysteriousBeam","LuminesStrike","SporeBomb"],"picked":"SKIP","floor":7},{"not_picked":["TreasureHunter","GalacticHalo"],"picked":"ShootingEcho","floor":8},{"not_picked":["UnstableBomb","6A","PowerUp"],"picked":"SKIP","floor":11},{"not_picked":["NonDirectionalLaser","OneTimeOff"],"picked":"EscapeVelocity","floor":13},{"not_picked":["Singularity","EnergyFlow"],"picked":"GasGiant","floor":14}],"player_experience":795250,"relics_obtained":[{"floor":9,"key":"infinitespire:PuzzleCube"},{"floor":13,"key":"infinitespire:WardingShard"}],"event_choices":[],"is_beta":false,"boss_relics":[],"items_purged_floors":[],"is_endless":false,"potions_floor_spawned":[2,7,11],"killed_by":"Slime Boss","ascension_level":4}}