{"host":"6pcojuaa041y50xg","time":1609332565,"event":{"mods":["2.2 Compatiblity","Act Like it!","Arknights The Spire","BaseMod","Better Match","Better Third Choice","BetterRewards","ChefMod","Colored Powertips","Conspire","Ekko","GifTheSpireLib","Halation","Hallownest","Hermit","Hubris","Infinite Spire","Mad Scientist","Minty Spire (QoL Compilation)","Pale of the Ancients","Rare Cards Sparkle","StSLib","Stuff the Spire","SuperFastMode","The Animator","The Bladedancer","The Bug Knight","The Factory","The Gatherer","The IronCluck","The Judge","The Jungle","The Marked","The Runesmith","The Servant 0.9.4","The Valiant","The Witch","TheSwordswoman","Trackpad","Wandering Minibosses","everything is the same but u backflip on backflip","vexMod"],"gold_per_floor":[122,148,148,148,168,346,346,354,354],"floor_reached":8,"playtime":521,"items_purged":[],"score":56,"play_id":"34537e3f-238e-4909-986f-acc1db0ebf4a","local_time":"20201230044925","is_ascension_mode":false,"campfire_choices":[{"floor":7,"key":"REST"}],"circlet_count":0,"master_deck":["animator:Strike_Konosuba","animator:Defend_Konosuba","animator:Strike","animator:Strike","animator:Strike","animator:Defend","animator:Defend","animator:Defend","animator:Kazuma","animator:Aqua","animator:Raven","animator:Darkness","Burn","animator:Chris","animator:Eris"],"relics":["animator:LivingPicture","animator:TheMissingPiece","NeowsBlessing","hubris:Icosahedron","Tiny Chest","ats:Originium"],"acts_visited":["Exordium"],"potions_floor_usage":[6],"damage_taken":[{"damage":0,"enemies":"Small Slimes","floor":1,"turns":2},{"damage":0,"enemies":"2 Louse","floor":2,"turns":1},{"damage":0,"enemies":"Jaw Worm","floor":5,"turns":1},{"damage":61,"enemies":"3 Sentries","floor":6,"turns":27},{"damage":61,"enemies":"Gremlin Nob","floor":8,"turns":5}],"seed_played":"-3706533228285573939","potions_obtained":[{"floor":5,"key":"Swift Potion"}],"is_trial":false,"path_per_floor":["M","M","?","?","M","E","R","E"],"character_chosen":"THE_ANIMATOR","items_purchased":[],"campfire_rested":1,"item_purchase_floors":[],"current_hp_per_floor":[66,66,66,66,67,8,28,0,0],"gold":354,"neow_bonus":"THREE_ENEMY_KILL","is_daily":false,"chose_seed":false,"campfire_upgraded":0,"win_rate":0.0,"timestamp":1609332565,"path_taken":["M","M","?","?","M","E","R","E"],"items_purchased_type":[],"build_version":"2020-12-22","purchased_purges":0,"victory":false,"max_hp_per_floor":[66,66,66,66,67,67,67,67,67],"card_choices":[{"not_picked":["animator:CowGirl","animator:YuiTsuruno"],"picked":"animator:Raven","floor":1},{"not_picked":["animator:Konayuki","animator:DwarfShaman"],"picked":"animator:Darkness","floor":2},{"not_picked":["animator:CowGirl","animator:Benimaru"],"picked":"animator:Chris","floor":5},{"not_picked":["animator:Chris","animator:Mitsurugi"],"picked":"animator:Eris","floor":6}],"player_experience":492159,"relics_obtained":[{"floor":6,"key":"Tiny Chest"},{"floor":6,"key":"ats:Originium"}],"event_choices":[{"damage_healed":66,"gold_gain":0,"player_choice":"Embrace Burn","damage_taken":0,"max_hp_gain":0,"max_hp_loss":66,"event_name":"betterThird:BetterShining","floor":4,"gold_loss":0}],"is_beta":false,"boss_relics":[],"items_purged_floors":[],"is_endless":false,"potions_floor_spawned":[5],"killed_by":"Gremlin Nob","ascension_level":0}}