{"host":"9pqy5lt7vda52ebm","time":1609306381,"event":{"mods":["BaseMod","Minty Spire (QoL Compilation)","Optimize The Spire","Quick Restart","StSLib","The Evolution"],"gold_per_floor":[363,363,64,84,95,129,129,204,204,204,230,242,242,262,262,362,362,382,399,399,413,169,202,221,248,330,330],"floor_reached":26,"playtime":3421,"items_purged":["evolutionmod:DefendEvo","evolutionmod:DefendEvo"],"score":487,"play_id":"7f72ef16-d6a2-44da-8020-613f1355603c","local_time":"20201230003301","is_ascension_mode":true,"campfire_choices":[{"data":"evolutionmod:ChimeraStrike","floor":7.0,"key":"SMITH"},{"data":"evolutionmod:Battleborn","floor":13.0,"key":"SMITH"},{"data":"evolutionmod:CurrentsDancer","floor":15.0,"key":"SMITH"}],"circlet_count":0,"master_deck":["AscendersBane","evolutionmod:LoyalWarrior","evolutionmod:StrikeEvo","evolutionmod:StrikeEvo","evolutionmod:LoyalCompanion","evolutionmod:DefendEvo","evolutionmod:DefendEvo","evolutionmod:ChimeraStrike+1","evolutionmod:HeightenedSenses","evolutionmod:CurrentsDancer+1","evolutionmod:Antidote","evolutionmod:BlackCat","evolutionmod:CrystalStone","evolutionmod:Battleborn+1","evolutionmod:CurrentsDancer","evolutionmod:GodForm","evolutionmod:Frenzy","evolutionmod:Dive","Ghostly","Ghostly","Ghostly","Ghostly","Ghostly","evolutionmod:Pheromones"],"relics":["evolutionmod:TorisGift","OrangePellets","StoneCalendar","Kunai","Meat on the Bone","Coffee Dripper","ClockworkSouvenir","Darkstone Periapt","Anchor"],"acts_visited":["TheCity"],"potions_floor_usage":[],"damage_taken":[{"damage":2.0,"enemies":"2 Louse","floor":1.0,"turns":5.0},{"damage":0.0,"enemies":"Cultist","floor":4.0,"turns":4.0},{"damage":3.0,"enemies":"Small Slimes","floor":5.0,"turns":4.0},{"damage":22.0,"enemies":"Gremlin Nob","floor":6.0,"turns":5.0},{"damage":0.0,"enemies":"3 Sentries","floor":11.0,"turns":7.0},{"damage":0.0,"enemies":"2 Fungi Beasts","floor":12.0,"turns":3.0},{"damage":8.0,"enemies":"Exordium Thugs","floor":14.0,"turns":5.0},{"damage":20.0,"enemies":"Hexaghost","floor":16.0,"turns":8.0},{"damage":11.0,"enemies":"2 Thieves","floor":18.0,"turns":4.0},{"damage":0.0,"enemies":"Spheric Guardian","floor":19.0,"turns":4.0},{"damage":0.0,"enemies":"Centurion and Healer","floor":21.0,"turns":6.0},{"damage":11.0,"enemies":"Slavers","floor":23.0,"turns":7.0},{"damage":0.0,"enemies":"Snake Plant","floor":24.0,"turns":6.0},{"damage":0,"enemies":"Book of Stabbing","floor":25,"turns":7}],"seed_played":"2613173728427078209","potions_obtained":[{"floor":5.0,"key":"Swift Potion"},{"floor":6.0,"key":"DistilledChaos"},{"floor":11.0,"key":"AttackPotion"},{"floor":14.0,"key":"LiquidMemories"},{"floor":18.0,"key":"Ancient Potion"},{"floor":21.0,"key":"Ancient Potion"}],"is_trial":false,"path_per_floor":["M","?","$","M","M","E","R","?","T","?","E","M","R","M","R","B",null,"M","M","?","M","$","E","M","E","T"],"character_chosen":"EVOLUTION_CLASS","items_purchased":["evolutionmod:CurrentsDancer","OrangePellets","ClockworkSouvenir"],"campfire_rested":0,"item_purchase_floors":[3,3,22],"current_hp_per_floor":[67,67,67,67,64,42,42,31,31,31,31,43,43,47,47,39,62,51,51,35,35,35,24,24,24,24,24],"gold":330,"neow_bonus":"TWO_FIFTY_GOLD","is_daily":false,"chose_seed":false,"campfire_upgraded":3,"win_rate":0.0,"timestamp":1609306381,"path_taken":["M","?","$","?","M","E","R","?","T","?","E","?","R","M","R","BOSS","M","?","?","M","$","E","M","E","T"],"items_purchased_type":["Card","Relic","Relic"],"build_version":"2020-12-22","purchased_purges":2,"victory":false,"max_hp_per_floor":[70,70,70,70,70,70,70,70,70,70,70,70,70,70,70,70,70,70,70,35,35,35,35,35,35,35,35],"card_choices":[{"not_picked":["evolutionmod:Hatch","evolutionmod:CalmTheWaters"],"picked":"evolutionmod:ChimeraStrike","floor":1.0},{"not_picked":["evolutionmod:PegasusDescent","evolutionmod:HeightenedSenses"],"picked":"evolutionmod:Antidote","floor":4.0},{"not_picked":["evolutionmod:CrystalStone","evolutionmod:TalonStrike"],"picked":"evolutionmod:BlackCat","floor":5.0},{"not_picked":["evolutionmod:Firebloom","evolutionmod:ShiftingStrike"],"picked":"evolutionmod:CrystalStone","floor":6.0},{"not_picked":["evolutionmod:PegasusDescent","evolutionmod:VenomGlands"],"picked":"evolutionmod:Battleborn","floor":11.0},{"not_picked":["evolutionmod:CrystalShard","evolutionmod:Barkskin"],"picked":"evolutionmod:CurrentsDancer","floor":12.0},{"not_picked":["evolutionmod:ChimeraStrike","evolutionmod:PoisonFangs"],"picked":"evolutionmod:GodForm","floor":14.0},{"not_picked":["evolutionmod:Ritual","evolutionmod:Eruption"],"picked":"evolutionmod:Frenzy","floor":16.0},{"not_picked":["evolutionmod:ClawSlash","evolutionmod:ChimeraDefense","evolutionmod:HeavyKick"],"picked":"SKIP","floor":18.0},{"not_picked":["evolutionmod:ChimeraDefense","evolutionmod:SeaSerpent+1"],"picked":"evolutionmod:Dive","floor":19.0},{"not_picked":["evolutionmod:SeaSerpent","evolutionmod:ShiftingGuard","evolutionmod:FireAnts"],"picked":"SKIP","floor":21.0},{"not_picked":["evolutionmod:SeaSerpent","evolutionmod:ShiftingGuard","evolutionmod:FireAnts"],"picked":"SKIP","floor":21.0},{"not_picked":["evolutionmod:Barkskin","evolutionmod:FlameStrike"],"picked":"evolutionmod:Pheromones","floor":23.0},{"not_picked":["evolutionmod:SpiderBite","evolutionmod:Treasure","evolutionmod:Strenghten"],"picked":"SKIP","floor":24.0},{"not_picked":["evolutionmod:Aphrodisiac","evolutionmod:TalonStrike","evolutionmod:ClawSlash+1"],"picked":"SKIP","floor":25}],"player_experience":794733,"relics_obtained":[{"floor":6.0,"key":"StoneCalendar"},{"floor":9.0,"key":"Kunai"},{"floor":11.0,"key":"Meat on the Bone"},{"floor":23.0,"key":"Darkstone Periapt"},{"floor":25,"key":"Anchor"}],"event_choices":[{"damage_healed":0.0,"max_hp_gain":0.0,"max_hp_loss":0.0,"gold_gain":0.0,"cards_transformed":["evolutionmod:StrikeEvo"],"event_name":"Transmorgrifier","player_choice":"Transformed","floor":2.0,"gold_loss":0.0,"damage_taken":0.0,"cards_obtained":["evolutionmod:HeightenedSenses"]},{"damage_healed":0.0,"max_hp_gain":0.0,"max_hp_loss":0.0,"gold_gain":75.0,"event_name":"World of Goop","player_choice":"Gather Gold","floor":8.0,"gold_loss":0.0,"damage_taken":11.0},{"cards_removed":["evolutionmod:StrikeEvo"],"damage_healed":0.0,"max_hp_gain":0.0,"max_hp_loss":0.0,"gold_gain":0.0,"event_name":"Bonfire Elementals","player_choice":"Offered Basic","floor":10.0,"gold_loss":0.0,"damage_taken":0.0},{"damage_healed":0.0,"max_hp_gain":0.0,"max_hp_loss":35.0,"gold_gain":0.0,"event_name":"Ghosts","player_choice":"Became a Ghost","floor":20.0,"gold_loss":0.0,"damage_taken":0.0,"cards_obtained":["Ghostly","Ghostly","Ghostly","Ghostly","Ghostly"]}],"is_beta":false,"boss_relics":[{"not_picked":["Black Star","Astrolabe"],"picked":"Coffee Dripper"}],"items_purged_floors":[3,22],"is_endless":false,"potions_floor_spawned":[5,6,11,14,16,18,21],"ascension_level":10}}