{"host":"e4hse1vg61zltgzv","time":1609325027,"event":{"mods":["AchievementEnabler","BaseMod","Block Reminder","Colored Map","DeckTracker","GifTheSpireLib","Minty Spire (QoL Compilation)","Rare Cards Sparkle","StSLib","SuperFastMode","everything is the same but u backflip on backflip"],"gold_per_floor":[218,45,45,58,70,102,116,116,162,191,211,211,211,240,240,312,312,326,326,342,354,368,368,402,433,515,515,550,383,383,409,409,484,484,502,515,430,208,224,252,252,277,277,302,302,330,345,359,359,359,359,359,359,359,391,391,391],"floor_reached":56,"playtime":523,"items_purged":[],"score":3251,"play_id":"31f98208-5424-47de-aa53-9dc32930933e","local_time":"20201230194347","is_ascension_mode":true,"campfire_choices":[{"floor":8.0,"key":"RECALL"},{"floor":13.0,"key":"DIG"},{"floor":15.0,"key":"DIG"},{"floor":23.0,"key":"DIG"},{"floor":27.0,"key":"DIG"},{"floor":32.0,"key":"DIG"},{"floor":41.0,"key":"DIG"},{"floor":49.0,"key":"DIG"},{"floor":53.0,"key":"DIG"}],"circlet_count":0,"master_deck":["Grand Finale+1"],"relics":["Ring of the Snake","Unceasing Top","TheAbacus","Singing Bowl","Membership Card","Mango","HornCleat","Shovel","Happy Flower","Darkstone Periapt","Dream Catcher","Akabeko","SlaversCollar","WingedGreaves","PreservedInsect","Mercury Hourglass","Bronze Scales","Paper Crane","Anchor","Toy Ornithopter","Pen Nib","MealTicket","SacredBark","OrangePellets","Pear","Bag of Marbles","Thread and Needle","Oddly Smooth Stone","Question Card","Gremlin Horn","Omamori","Bag of Preparation","War Paint","Eternal Feather","Snake Skull"],"acts_visited":["Exordium","TheCity","TheBeyond","TheEnding"],"potions_floor_usage":[],"damage_taken":[{"damage":0.0,"enemies":"Small Slimes","floor":1.0,"turns":1.0},{"damage":0.0,"enemies":"Cultist","floor":4.0,"turns":1.0},{"damage":0.0,"enemies":"2 Louse","floor":5.0,"turns":1.0},{"damage":0.0,"enemies":"3 Sentries","floor":6.0,"turns":1.0},{"damage":0.0,"enemies":"2 Fungi Beasts","floor":7.0,"turns":1.0},{"damage":0.0,"enemies":"Gremlin Nob","floor":10.0,"turns":1.0},{"damage":0.0,"enemies":"Large Slime","floor":11.0,"turns":1.0},{"damage":0.0,"enemies":"3 Sentries","floor":14.0,"turns":1.0},{"damage":0.0,"enemies":"The Guardian","floor":16.0,"turns":1.0},{"damage":0.0,"enemies":"Spheric Guardian","floor":18.0,"turns":1.0},{"damage":0.0,"enemies":"3 Byrds","floor":20.0,"turns":1.0},{"damage":0.0,"enemies":"Snake Plant","floor":21.0,"turns":1.0},{"damage":0.0,"enemies":"3 Cultists","floor":22.0,"turns":1.0},{"damage":0.0,"enemies":"Slavers","floor":24.0,"turns":1.0},{"damage":0.0,"enemies":"Book of Stabbing","floor":25.0,"turns":1.0},{"damage":0.0,"enemies":"Slavers","floor":28.0,"turns":1.0},{"damage":0.0,"enemies":"Book of Stabbing","floor":31.0,"turns":1.0},{"damage":0.0,"enemies":"Collector","floor":33.0,"turns":1.0},{"damage":0.0,"enemies":"3 Darklings","floor":35.0,"turns":1.0},{"damage":0.0,"enemies":"3 Shapes","floor":36.0,"turns":1.0},{"damage":0.0,"enemies":"Writhing Mass","floor":39.0,"turns":1.0},{"damage":0.0,"enemies":"Reptomancer","floor":40.0,"turns":1.0},{"damage":0.0,"enemies":"Nemesis","floor":42.0,"turns":1.0},{"damage":0.0,"enemies":"Reptomancer","floor":44.0,"turns":1.0},{"damage":0.0,"enemies":"Giant Head","floor":46.0,"turns":1.0},{"damage":0.0,"enemies":"Maw","floor":47.0,"turns":1.0},{"damage":0.0,"enemies":"3 Darklings","floor":48.0,"turns":1.0},{"damage":0.0,"enemies":"Donu and Deca","floor":50.0,"turns":1.0},{"damage":0.0,"enemies":"Awakened One","floor":51.0,"turns":2.0},{"damage":0.0,"enemies":"Shield and Spear","floor":55.0,"turns":1.0},{"damage":0,"enemies":"The Heart","floor":56,"turns":1}],"seed_played":"-3549087783763646481","potions_obtained":[{"floor":5.0,"key":"GamblersBrew"},{"floor":6.0,"key":"Weak Potion"},{"floor":18.0,"key":"Swift Potion"},{"floor":36.0,"key":"Fruit Juice"},{"floor":42.0,"key":"CultistPotion"}],"is_trial":false,"path_per_floor":["M","$","?","M","M","E","M","R","T","E","M","?","R","E","R","B",null,"M","?","M","M","M","R","E","E","T","R","E","$","?","E","R","B",null,"M","M","$","$","M","E","R","E","T","E","?","E","M","M","R","B","B",null,"R","$","E","B"],"character_chosen":"THE_SILENT","items_purchased":["Membership Card","Mango","Anchor","Toy Ornithopter","OrangePellets","Pear","Bag of Marbles"],"campfire_rested":0,"item_purchase_floors":[2,2,29,29,37,38,38],"current_hp_per_floor":[61,75,50,52,54,56,58,58,58,60,62,48,48,50,50,52,87,89,89,91,93,95,95,97,99,99,99,101,101,67,69,69,71,109,111,128,135,145,147,149,149,151,151,153,153,155,157,159,159,159,159,159,159,159,161,161,161],"gold":391,"neow_bonus":"HUNDRED_GOLD","is_daily":false,"chose_seed":false,"campfire_upgraded":0,"win_rate":0.0,"timestamp":1609325027,"path_taken":["M","$","?","M","M","E","M","R","T","E","M","?","R","E","R","BOSS","M","?","M","M","M","R","E","E","T","R","E","$","?","E","R","BOSS","M","M","$","$","M","E","R","E","T","E","?","E","M","M","R","BOSS","BOSS","R","$","E","BOSS"],"items_purchased_type":["Relic","Relic","Relic","Relic","Relic","Relic","Relic"],"build_version":"2020-12-22","purchased_purges":0,"victory":false,"max_hp_per_floor":[68,82,82,84,86,88,90,90,90,92,94,94,94,96,96,98,98,100,100,102,104,106,106,108,110,110,110,112,112,117,119,119,121,121,123,135,135,145,147,149,149,151,151,153,153,155,157,159,159,159,159,159,159,159,161,161,161],"card_choices":[{"not_picked":["Flying Knee","Footwork","Quick Slash"],"picked":"Singing Bowl","floor":1.0},{"not_picked":["Distraction","Heel Hook","Crippling Poison"],"picked":"Singing Bowl","floor":4.0},{"not_picked":["Quick Slash","Footwork","Underhanded Strike"],"picked":"Singing Bowl","floor":5.0},{"not_picked":["Concentrate","Dagger Throw","Burst"],"picked":"Singing Bowl","floor":6.0},{"not_picked":["Dagger Throw","Backflip","Slice"],"picked":"Singing Bowl","floor":7.0},{"not_picked":["Finisher","Choke","Deflect"],"picked":"Singing Bowl","floor":10.0},{"not_picked":["Backflip","Blur","Skewer"],"picked":"Singing Bowl","floor":11.0},{"not_picked":["Prepared","Burst","Noxious Fumes"],"picked":"Singing Bowl","floor":14.0},{"not_picked":["Burst","After Image","Tools of the Trade"],"picked":"Singing Bowl","floor":16.0},{"not_picked":["Caltrops","Outmaneuver","Bane"],"picked":"Singing Bowl","floor":18.0},{"not_picked":["Bane","Slice+1","Choke"],"picked":"Singing Bowl","floor":20.0},{"not_picked":["Flying Knee","Escape Plan+1","Setup"],"picked":"Singing Bowl","floor":21.0},{"not_picked":["Cloak And Dagger","Backflip","Endless Agony"],"picked":"Singing Bowl","floor":22.0},{"not_picked":["Poisoned Stab","Predator","Bouncing Flask"],"picked":"Singing Bowl","floor":24.0},{"not_picked":["Underhanded Strike","Catalyst","Well Laid Plans"],"picked":"Singing Bowl","floor":25.0},{"not_picked":["Backflip","Terror","Deflect"],"picked":"Singing Bowl","floor":28.0},{"not_picked":["Riddle With Holes","Endless Agony","Infinite Blades"],"picked":"Singing Bowl","floor":31.0},{"not_picked":["Doppelganger","Burst","Storm of Steel"],"picked":"Singing Bowl","floor":33.0},{"not_picked":["Underhanded Strike+1","Blade Dance","Well Laid Plans"],"picked":"Singing Bowl","floor":35.0},{"not_picked":["Slice","Sucker Punch","Outmaneuver"],"picked":"Singing Bowl","floor":36.0},{"not_picked":["Concentrate","Sucker Punch+1","Underhanded Strike"],"picked":"Singing Bowl","floor":39.0},{"not_picked":["Underhanded Strike","Choke","Poisoned Stab"],"picked":"Singing Bowl","floor":40.0},{"not_picked":["Doppelganger","Finisher","Skewer+1"],"picked":"Singing Bowl","floor":42.0},{"not_picked":["PiercingWail","Masterful Stab","Infinite Blades","Slice+1"],"picked":"Singing Bowl","floor":44.0},{"not_picked":["Slice+1","Catalyst","Deadly Poison","Underhanded Strike"],"picked":"Singing Bowl","floor":46.0},{"not_picked":["Dodge and Roll","Poisoned Stab","Prepared","Backflip+1"],"picked":"Singing Bowl","floor":47.0},{"not_picked":["Envenom","Quick Slash+1","Prepared","Dodge and Roll+1"],"picked":"Singing Bowl","floor":48.0},{"not_picked":["Footwork","Blade Dance","PiercingWail","Sucker Punch"],"picked":"Singing Bowl","floor":55.0}],"player_experience":765965,"relics_obtained":[{"floor":6.0,"key":"HornCleat"},{"floor":10.0,"key":"Happy Flower"},{"floor":13.0,"key":"Darkstone Periapt"},{"floor":14.0,"key":"Dream Catcher"},{"floor":15.0,"key":"Akabeko"},{"floor":23.0,"key":"WingedGreaves"},{"floor":24.0,"key":"PreservedInsect"},{"floor":26.0,"key":"Mercury Hourglass"},{"floor":27.0,"key":"Bronze Scales"},{"floor":28.0,"key":"Paper Crane"},{"floor":31.0,"key":"Pen Nib"},{"floor":32.0,"key":"MealTicket"},{"floor":40.0,"key":"Thread and Needle"},{"floor":41.0,"key":"Oddly Smooth Stone"},{"floor":42.0,"key":"Question Card"},{"floor":43.0,"key":"Gremlin Horn"},{"floor":44.0,"key":"Omamori"},{"floor":46.0,"key":"Bag of Preparation"},{"floor":49.0,"key":"War Paint"},{"floor":53.0,"key":"Eternal Feather"},{"floor":55.0,"key":"Snake Skull"}],"event_choices":[{"damage_healed":0.0,"max_hp_gain":0.0,"max_hp_loss":0.0,"gold_gain":0.0,"event_name":"Shining Light","player_choice":"Entered Light","floor":3.0,"gold_loss":0.0,"damage_taken":25.0,"cards_upgraded":["Grand Finale"]},{"damage_healed":0.0,"max_hp_gain":0.0,"max_hp_loss":0.0,"gold_gain":0.0,"event_name":"Wheel of Change","player_choice":"Damaged","floor":12.0,"gold_loss":0.0,"damage_taken":14.0},{"damage_healed":0.0,"max_hp_gain":0.0,"max_hp_loss":0.0,"gold_gain":0.0,"event_name":"Back to Basics","player_choice":"Simplicity","floor":19.0,"gold_loss":0.0,"damage_taken":0.0,"cards_upgraded":[]},{"damage_healed":0.0,"max_hp_gain":5.0,"max_hp_loss":0.0,"gold_gain":0.0,"event_name":"Forgotten Altar","player_choice":"Shed Blood","floor":30.0,"gold_loss":0.0,"damage_taken":39.0},{"damage_healed":31.0,"max_hp_gain":0.0,"max_hp_loss":0.0,"gold_gain":0.0,"event_name":"Winding Halls","player_choice":"Writhe","floor":45.0,"gold_loss":0.0,"damage_taken":0.0,"cards_obtained":["Writhe"]}],"is_beta":false,"boss_relics":[{"not_picked":["Runic Pyramid","Runic Dome"],"picked":"SlaversCollar"},{"not_picked":["Busted Crown","WristBlade"],"picked":"SacredBark"}],"items_purged_floors":[],"is_endless":false,"potions_floor_spawned":[5,6,7,10,14,18,21,28,31,36,42,44,47,48,55],"killed_by":"The Heart","ascension_level":20}}