{"host":"5ty8fyb0ngp9gspj","time":1609298906,"event":{"mods":["2.2 Compatiblity","AchievementEnabler","Act Like it!","BaseMod","Colored Map","Downfall","Minty Spire (QoL Compilation)","Rare Cards Sparkle","StSLib"],"gold_per_floor":[99,110,110,123,83,33,56,56,73,98,114,134,234,251,262,358,358,308,320,333,402,452,502,578,330,330,380,411,425,300,350,364,364,364,364],"floor_reached":33,"playtime":1460,"items_purged":[],"score":347,"play_id":"7b624735-bd5e-41af-879c-ab34de98b08b","local_time":"20201230142826","is_ascension_mode":true,"campfire_choices":[{"data":"Slimebound:CorrosiveSpit","floor":1,"key":"SMITH"},{"data":"Slimebound:ComboTackle","floor":6,"key":"SMITH"},{"floor":18,"key":"RECALL"},{"data":"Slimebound:CheckThePlaybook","floor":30,"key":"SMITH"}],"circlet_count":0,"master_deck":["Slimebound:Strike_Slimebound+1","Slimebound:Strike_Slimebound+1","Slimebound:Strike_Slimebound+1","Slimebound:Tackle","Slimebound:Defend_Slimebound+1","Slimebound:Defend_Slimebound+1","Slimebound:Defend_Slimebound+1","Slimebound:Defend_Slimebound+1","Slimebound:Split","Slimebound:CorrosiveSpit+1","Slimebound:Chomp","Slimebound:SlimeSpikes","Slimebound:Nibble","Slimebound:ComboTackle+1","Deep Breath","Slimebound:BestDefense","Slimebound:RollThrough","Slimebound:CheckThePlaybook","Slimebound:SlimeSpikes","Slimebound:GoopTackle","Slimebound:DuplicatedForm","Slimebound:FinishingTackle","Slimebound:SlimeTap+1","RitualDagger","Slimebound:CheckThePlaybook+1","Slimebound:RollThrough","Flash of Steel","Slimebound:Recycling","Slimebound:FlameTackle"],"relics":["Slimebound:AbsorbEndCombat","Anchor","Slimebound:GreedOozeRelic","Slimebound:AggressiveSlimeRelic","Girya","downfall:CloakOfManyFaces","CultistMask","FaceOfCleric","NlothsMask","GremlinMask","SsserpentHead","Coffee Dripper","TheAbacus","Nunchaku","downfall:HeartBlessingRed"],"acts_visited":["Exordium","TheCity"],"potions_floor_usage":[16,16,21,25,25,26,32],"damage_taken":[{"damage":4,"enemies":"2 Louse","floor":2,"turns":2},{"damage":13,"enemies":"Cultist","floor":4,"turns":3},{"damage":4,"enemies":"downfall:FleeingMerchant","floor":5,"turns":4},{"damage":8,"enemies":"Small Slimes","floor":9,"turns":2},{"damage":17,"enemies":"Lagavulin","floor":10,"turns":4},{"damage":5,"enemies":"Blue Slaver","floor":11,"turns":3},{"damage":8,"enemies":"2 Fungi Beasts","floor":12,"turns":3},{"damage":16,"enemies":"downfall:FaceTrader","floor":13,"turns":5},{"damage":8,"enemies":"Large Slime","floor":14,"turns":5},{"damage":11,"enemies":"Exordium Thugs","floor":15,"turns":4},{"damage":61,"enemies":"downfall:Ironclad","floor":16,"turns":5},{"damage":21,"enemies":"Shell Parasite","floor":19,"turns":4},{"damage":16,"enemies":"Chosen","floor":20,"turns":3},{"damage":27,"enemies":"Centurion and Healer","floor":21,"turns":5},{"damage":30,"enemies":"downfall:FleeingMerchant","floor":25,"turns":4},{"damage":4,"enemies":"Gremlin Leader","floor":26,"turns":1},{"damage":45,"enemies":"Slavers","floor":28,"turns":3},{"damage":8,"enemies":"Sentry and Sphere","floor":29,"turns":3},{"damage":7,"enemies":"Snake Plant","floor":32,"turns":3},{"damage":33,"enemies":"downfall:Silent","floor":33,"turns":2}],"seed_played":"4140898443908824343","potions_obtained":[{"floor":9,"key":"SteroidPotion"},{"floor":11,"key":"Slimebound:ThreeZeroPotion"},{"floor":14,"key":"Guardian:BlockOnCardUsePotion"},{"floor":16,"key":"ColorlessPotion"},{"floor":19,"key":"SmokeBomb"},{"floor":21,"key":"Energy Potion"},{"floor":28,"key":"Weak Potion"},{"floor":32,"key":"sneckomod:MuddlingPotion"}],"is_trial":false,"path_per_floor":["R","M","?","M","$","R","T","?","M","E","M","M","?","M","M","B",null,"R","M","M","M","?","?","T","$","E","?","E","M","R","?","M","B"],"character_chosen":"SLIMEBOUND","items_purchased":["Slimebound:ComboTackle","Flash of Steel","TheAbacus"],"campfire_rested":0,"item_purchase_floors":[5,25,25],"current_hp_per_floor":[60,60,60,53,57,57,57,57,59,53,52,56,50,55,61,19,63,63,55,54,48,42,42,42,48,49,62,22,23,23,23,23,0,0,0],"gold":364,"neow_bonus":"RANDOM_COMMON_RELIC","is_daily":false,"chose_seed":false,"campfire_upgraded":3,"win_rate":0.0,"timestamp":1609298906,"path_taken":["R","M","?","M","$","R","T","?","M","E","?","M","?","M","M","BOSS","R","M","M","?","?","?","T","$","E","?","E","M","R","?","M","BOSS"],"items_purchased_type":["Card","Card","Relic"],"build_version":"2020-12-22","purchased_purges":0,"victory":false,"max_hp_per_floor":[60,60,60,60,60,60,60,60,60,60,60,60,60,61,62,63,63,63,64,65,66,66,60,60,61,62,62,63,64,64,64,65,65,65,65],"card_choices":[{"not_picked":["Slimebound:RollThrough","Slimebound:SlimeBarrage"],"picked":"Slimebound:Chomp","floor":2},{"not_picked":["Slimebound:GoopSpray","Slimebound:RainOfGoop"],"picked":"Slimebound:SlimeSpikes","floor":4},{"not_picked":["Slimebound:Equalize","Slimebound:SamplingLick"],"picked":"Slimebound:Nibble","floor":5},{"not_picked":["Slimebound:SamplingLick","Slimebound:Darklings","Slimebound:DivideAndConquer"],"picked":"SKIP","floor":9},{"not_picked":["Slimebound:RollThrough","Slimebound:SamplingLick"],"picked":"Slimebound:BestDefense","floor":10},{"not_picked":["Slimebound:Grow","Slimebound:Schlurp","Slimebound:DivideAndConquer"],"picked":"SKIP","floor":11},{"not_picked":["Slimebound:ServeAndProtect","Slimebound:ForwardTackle"],"picked":"Slimebound:RollThrough","floor":12},{"not_picked":["Slimebound:SplitSpecialist","Slimebound:LevelUp"],"picked":"Slimebound:CheckThePlaybook","floor":13},{"not_picked":["Slimebound:RollThrough","Slimebound:SamplingLick"],"picked":"Slimebound:SlimeSpikes","floor":14},{"not_picked":["Slimebound:SplitLeeching","Slimebound:SplitAcid"],"picked":"Slimebound:GoopTackle","floor":15},{"not_picked":["Slimebound:Overexert","Slimebound:SelfFormingGoo"],"picked":"Slimebound:DuplicatedForm","floor":16},{"not_picked":["Slimebound:GoopSpray","Slimebound:SplitMire"],"picked":"Slimebound:FinishingTackle","floor":19},{"not_picked":["Slimebound:LeechEnergy+1","Slimebound:DivideAndConquer+1","Slimebound:ViciousTackle+1"],"picked":"SKIP","floor":20},{"not_picked":["Slimebound:DivideAndConquer","Slimebound:RollThrough"],"picked":"Slimebound:SlimeTap+1","floor":21},{"not_picked":["Slimebound:SplitBruiser","Slimebound:TagTeam"],"picked":"Slimebound:RollThrough","floor":25},{"not_picked":["Slimebound:RollThrough","Slimebound:LevelUp+1"],"picked":"Slimebound:Recycling","floor":28},{"not_picked":["Slimebound:LeechingTouch","Slimebound:Replication"],"picked":"Slimebound:FlameTackle","floor":29},{"not_picked":["Slimebound:GrowthPunch","Slimebound:SlimeBarrage+1","Slimebound:Schlurp"],"picked":"SKIP","floor":32}],"player_experience":332384,"relics_obtained":[{"floor":7,"key":"Slimebound:AggressiveSlimeRelic"},{"floor":10,"key":"Girya"},{"floor":13,"key":"downfall:CloakOfManyFaces"},{"floor":28,"key":"Nunchaku"}],"event_choices":[{"damage_healed":20,"gold_gain":0,"player_choice":"Heal","damage_taken":0,"max_hp_gain":0,"max_hp_loss":0,"event_name":"The Library","floor":27,"gold_loss":0},{"damage_healed":0,"gold_gain":0,"player_choice":"Simplicity","damage_taken":0,"max_hp_gain":0,"max_hp_loss":0,"event_name":"Back to Basics","floor":31,"gold_loss":0,"cards_upgraded":["Slimebound:Strike_Slimebound","Slimebound:Strike_Slimebound","Slimebound:Strike_Slimebound","Slimebound:Defend_Slimebound","Slimebound:Defend_Slimebound","Slimebound:Defend_Slimebound","Slimebound:Defend_Slimebound"]}],"is_beta":false,"boss_relics":[{"not_picked":["sneckomod:SneckoTalon","Runic Dome"],"picked":"Coffee Dripper"}],"items_purged_floors":[],"is_endless":false,"potions_floor_spawned":[9,11,14,15,16,19,21,28,32],"killed_by":"downfall:Silent","ascension_level":4}}