{"host":"reretk0dz0kj8f1n","time":1609340393,"event":{"mods":["Arknights The Spire","BaseMod","Colored Map","Minty Spire (QoL Compilation)","StSLib"],"gold_per_floor":[109,109,125,50,65,94,94,94,94,94,25,90,106,125,125,228,228,244,258,90,121,121,151,151,163,163,196,91,91,91,110,110,207,207,218,218,238,249,124,454,454,485,485,58,104,139,154,376,376,376],"floor_reached":51,"playtime":1941,"items_purged":["ats:Strike V","ats:Defend","ats:Defend","Doubt"],"score":883,"play_id":"6b5c121c-2f55-457d-aea4-3e239c6c16f4","local_time":"20201230235953","is_ascension_mode":true,"campfire_choices":[{"data":"ats:Part Time Job","floor":8,"key":"SMITH"},{"data":"ats:Consecutive Shot Auto","floor":10,"key":"SMITH"},{"data":"ats:Part Time Job","floor":15,"key":"SMITH"},{"data":"ats:Ambush","floor":24,"key":"SMITH"},{"data":"ats:Healing Strengthening","floor":30,"key":"SMITH"},{"data":"ats:Armor Crushing Shot","floor":32,"key":"SMITH"},{"data":"ats:Healing Strengthening","floor":41,"key":"SMITH"},{"data":"ats:Demon Strength","floor":49,"key":"SMITH"}],"circlet_count":0,"master_deck":["ats:Strike G","ats:Strike S","ats:Armor Crushing Shot+1","ats:Defend","ats:Defend+1","ats:Emotion Absorption+1","ats:Explosion Area Strengthen","ats:Demon Strength","ats:Part Time Job+1","ats:Consecutive Shot Auto+1","ats:Part Time Job+1","ats:Flexible Camouflage","ats:Revitalization","ats:Healing Drone+1","ats:Ambush+1","ats:Rapid Magazine+1","ats:Powerful Strike","ats:Healing Strengthening+1","ats:Flexible Camouflage+1","ats:Overload+1","ats:Demon Strength+1","ats:Healing Strengthening+1","ats:Consecutive Shot Auto+1","ats:Disruption Kick+1","ats:Poison Spread+1","ats:Poison Spread+1","ats:Composite Medical Shells+1","ats:Demon Strength+1","ats:Poison Spread+1","ats:Demon Strength+1","ats:Apocalypse"],"relics":["ats:Sanity","NeowsBlessing","ats:Originium","Mercury Hourglass","ats:Spiritual Recovery","Ice Cream","SlaversCollar","Red Mask","Molten Egg 2","InkBottle","Vajra","ats:Berate","Enchiridion","Cursed Key","Old Coin","Dream Catcher","ats:Rhine Circuitry","War Paint","CaptainsWheel","Toy Ornithopter"],"acts_visited":["Exordium","TheCity","TheBeyond"],"potions_floor_usage":[6,12,16,21,21,50,50],"damage_taken":[{"damage":0,"enemies":"Small Slimes","floor":1,"turns":2},{"damage":0,"enemies":"Cultist","floor":3,"turns":1},{"damage":0,"enemies":"2 Louse","floor":5,"turns":2},{"damage":43,"enemies":"Lagavulin","floor":6,"turns":7},{"damage":26,"enemies":"Lagavulin Event","floor":12,"turns":5},{"damage":5,"enemies":"Looter","floor":13,"turns":3},{"damage":3,"enemies":"3 Louse","floor":14,"turns":2},{"damage":103,"enemies":"The Guardian","floor":16,"turns":15},{"damage":5,"enemies":"Chosen","floor":18,"turns":6},{"damage":49,"enemies":"3 Byrds","floor":19,"turns":6},{"damage":89,"enemies":"Masked Bandits","floor":21,"turns":9},{"damage":53,"enemies":"Gremlin Leader","floor":23,"turns":11},{"damage":33,"enemies":"Cultist and Chosen","floor":25,"turns":7},{"damage":12,"enemies":"Book of Stabbing","floor":27,"turns":5},{"damage":45,"enemies":"3 Cultists","floor":31,"turns":7},{"damage":31,"enemies":"Collector","floor":33,"turns":7},{"damage":2,"enemies":"Orb Walker","floor":35,"turns":3},{"damage":0,"enemies":"3 Shapes","floor":37,"turns":3},{"damage":44,"enemies":"Sphere and 2 Shapes","floor":38,"turns":6},{"damage":51,"enemies":"Nemesis","floor":40,"turns":5},{"damage":0,"enemies":"Giant Head","floor":42,"turns":7},{"damage":29,"enemies":"2 Orb Walkers","floor":45,"turns":4},{"damage":53,"enemies":"Nemesis","floor":46,"turns":6},{"damage":38,"enemies":"3 Darklings","floor":47,"turns":4},{"damage":59,"enemies":"Awakened One","floor":50,"turns":9}],"seed_played":"8834033896634932354","potions_obtained":[{"floor":1,"key":"ColorlessPotion"},{"floor":6,"key":"ColorlessPotion"},{"floor":13,"key":"SpeedPotion"},{"floor":16,"key":"Ancient Potion"},{"floor":19,"key":"GamblersBrew"},{"floor":23,"key":"Swift Potion"},{"floor":27,"key":"Ancient Potion"},{"floor":31,"key":"Ancient Potion"},{"floor":37,"key":"PowerPotion"}],"is_trial":false,"path_per_floor":["M","?","M","$","M","E","?","R","T","R","$","?","M","M","R","B",null,"M","M","$","?","?","E","R","M","T","E","$","?","R","M","R","B",null,"M","?","M","M","$","E","R","E","T","$","?","E","M","?","R","B",null],"character_chosen":"DOCTOR_CLASS","items_purchased":["ats:Part Time Job","ats:Healing Strengthening","ats:Healing Strengthening","ats:Consecutive Shot Auto+1","War Paint","ats:Demon Strength","ats:Poison Spread+1"],"campfire_rested":0,"item_purchase_floors":[11,20,28,28,44,44,44],"current_hp_per_floor":[72,72,72,72,72,29,22,22,22,22,22,10,10,7,7,20,72,72,46,46,43,43,72,72,61,61,63,63,47,47,72,72,46,72,70,70,72,72,72,71,71,72,72,72,64,50,65,65,65,68],"gold":376,"neow_bonus":"THREE_ENEMY_KILL","is_daily":false,"chose_seed":false,"campfire_upgraded":8,"win_rate":0.0,"timestamp":1609340393,"path_taken":["M","?","M","$","?","E","?","R","T","R","$","?","M","M","R","BOSS","M","M","$","?","?","E","R","M","T","E","?","?","R","M","R","BOSS","M","?","M","M","$","E","R","E","T","$","?","E","M","?","R","BOSS"],"items_purchased_type":["Card","Card","Card","Card","Relic","Card","Card"],"build_version":"2020-12-22","purchased_purges":4,"victory":true,"max_hp_per_floor":[72,72,72,72,72,72,72,72,72,72,72,72,72,72,72,72,72,72,72,72,72,72,72,72,72,72,72,72,72,72,72,72,72,72,72,72,72,72,72,72,72,72,72,72,72,72,72,72,72,72],"card_choices":[{"not_picked":["ats:Leaping Hammer","ats:Childhood Dance"],"picked":"ats:Explosion Area Strengthen","floor":1},{"not_picked":["ats:Counter Healing Mode","ats:Ignite"],"picked":"ats:Demon Strength","floor":3},{"not_picked":["ats:Defend Order","ats:Spore Proliferation"],"picked":"ats:Part Time Job","floor":5},{"not_picked":["ats:Apocalypse","ats:Cat Scratch"],"picked":"ats:Consecutive Shot Auto","floor":6},{"not_picked":["ats:Curse Doll","ats:Leaping Hammer"],"picked":"ats:Flexible Camouflage","floor":12},{"not_picked":["ats:Poison Spread","ats:Burning Ground"],"picked":"ats:Revitalization","floor":13},{"not_picked":["ats:Hammer On","ats:Sword Rain"],"picked":"ats:Healing Drone","floor":14},{"not_picked":["ats:Fractured Body","ats:Wolf Pack"],"picked":"ats:Ambush","floor":16},{"not_picked":["ats:Hook Shot+1","ats:Ignite"],"picked":"ats:Rapid Magazine+1","floor":18},{"not_picked":["ats:Counter Healing Mode","ats:Red Shift"],"picked":"ats:Powerful Strike","floor":19},{"not_picked":["ats:Chain Hook","ats:Poison Spread"],"picked":"ats:Flexible Camouflage+1","floor":21},{"not_picked":["ats:Part Time Job","ats:Guardian Obelisk"],"picked":"ats:Overload+1","floor":23},{"not_picked":["ats:Explosion Area Strengthen+1","ats:Curse Doll"],"picked":"ats:Demon Strength+1","floor":25},{"not_picked":["ats:Flame Of Heaven+1","ats:Support Order+1","ats:Childhood Dance"],"picked":"SKIP","floor":27},{"not_picked":["ats:Childhood Dance","ats:Consecutive Shot Auto+1"],"picked":"ats:Healing Drone","floor":31},{"not_picked":["ats:Ambush","ats:Wolf Pack+1"],"picked":"ats:Disruption Kick+1","floor":33},{"not_picked":["ats:Leaping Hammer+1","ats:Counter Healing Mode"],"picked":"ats:Poison Spread+1","floor":35},{"not_picked":["ats:Flexible Camouflage","ats:Leaping Hammer+1"],"picked":"ats:Poison Spread+1","floor":37},{"not_picked":["ats:Cat Scratch+1","ats:Collapsing Strike+1","ats:Blood Oath+1"],"picked":"SKIP","floor":38},{"not_picked":["ats:Ambush","ats:Explosion Area Strengthen+1"],"picked":"ats:Composite Medical Shells+1","floor":40},{"not_picked":["ats:Very Hot Blade+1","ats:Cat Scratch+1","ats:Leaping Hammer+1"],"picked":"SKIP","floor":42},{"not_picked":["ats:Song Of Battle+1","ats:Ignite+1"],"picked":"ats:Demon Strength+1","floor":46},{"not_picked":["ats:Assault Order+1","ats:Consecutive Shot Auto+1"],"picked":"ats:Apocalypse","floor":47}],"player_experience":259241,"relics_obtained":[{"floor":6,"key":"ats:Originium"},{"floor":6,"key":"Mercury Hourglass"},{"floor":9,"key":"ats:Spiritual Recovery"},{"floor":12,"key":"Ice Cream"},{"floor":21,"key":"Red Mask"},{"floor":23,"key":"ats:Originium"},{"floor":23,"key":"InkBottle"},{"floor":26,"key":"Vajra"},{"floor":27,"key":"ats:Originium"},{"floor":27,"key":"ats:Berate"},{"floor":29,"key":"Enchiridion"},{"floor":40,"key":"Old Coin"},{"floor":42,"key":"Dream Catcher"},{"floor":43,"key":"ats:Rhine Circuitry"},{"floor":45,"key":"CaptainsWheel"},{"floor":46,"key":"Toy Ornithopter"}],"event_choices":[{"damage_healed":0,"gold_gain":0,"player_choice":"Upgraded","damage_taken":0,"max_hp_gain":0,"max_hp_loss":0,"event_name":"Upgrade Shrine","floor":2,"gold_loss":0,"cards_upgraded":["ats:Emotion Absorption"]},{"cards_removed":["ats:Strike C"],"damage_healed":0,"gold_gain":0,"player_choice":"Card Removal","damage_taken":7,"max_hp_gain":0,"max_hp_loss":0,"event_name":"Golden Wing","floor":7,"gold_loss":0},{"damage_healed":0,"gold_gain":0,"player_choice":"Searched \u00271\u0027 times","damage_taken":0,"max_hp_gain":0,"max_hp_loss":0,"event_name":"Dead Adventurer","floor":12,"gold_loss":0},{"damage_healed":0,"gold_gain":0,"player_choice":"Fought Bandits","damage_taken":0,"max_hp_gain":0,"max_hp_loss":0,"event_name":"Masked Bandits","floor":21,"gold_loss":0},{"damage_healed":0,"gold_gain":0,"player_choice":"Opened","damage_taken":0,"relics_obtained":["Molten Egg 2"],"max_hp_gain":0,"max_hp_loss":0,"event_name":"The Mausoleum","floor":22,"gold_loss":0},{"damage_healed":0,"gold_gain":0,"player_choice":"Obtained Book","damage_taken":16,"max_hp_gain":0,"max_hp_loss":0,"event_name":"Cursed Tome","floor":29,"gold_loss":0},{"cards_removed":["ats:Healing Drone"],"damage_healed":0,"gold_gain":0,"player_choice":"Removed Skill","damage_taken":0,"max_hp_gain":0,"max_hp_loss":0,"event_name":"Falling","floor":36,"gold_loss":0},{"damage_healed":0,"gold_gain":0,"player_choice":"Fight","damage_taken":0,"max_hp_gain":0,"max_hp_loss":0,"event_name":"Mysterious Sphere","floor":45,"gold_loss":0},{"damage_healed":0,"gold_gain":222,"player_choice":"Wore Mask","damage_taken":0,"max_hp_gain":0,"max_hp_loss":0,"event_name":"Tomb of Lord Red Mask","floor":48,"gold_loss":0}],"is_beta":false,"boss_relics":[{"not_picked":["Runic Dome","Snecko Eye"],"picked":"SlaversCollar"},{"not_picked":["Philosopher\u0027s Stone","Fusion Hammer"],"picked":"Cursed Key"}],"items_purged_floors":[4,20,39,44],"is_endless":false,"potions_floor_spawned":[1,6,13,16,19,23,27,31,37,47],"ascension_level":1}}