{"host":"g1wmg2w41xhsnw8g","time":1609366679,"event":{"mods":["2.2 Compatiblity","Act Like it!","BaseMod","Better Altar","Better Match","Better Note","Better Sensory Stone","Better Skull","Better Third Choice","BetterRewards","Booster Modes","CapriCore","Colored Map","Colored Powertips","Curses Come First","Defuse TimeMaze Blight","Displayed Cursed Tome","Evolution","Friendly Minions","GifTheSpireLib","Googly Eyes","Infinite Spire","Magitek Elite","Minty Spire (QoL Compilation)","Red Circlet Mod","Relic Sorter","Ruin Mod","SCP261 Mod","Shop Mod","Spicy Shops","StSLib","Strawberry Spire","The Sage","Transform Curses","Wandering Minibosses","????"],"gold_per_floor":[109,109,127,141,137,137,133,148,171,171,171,171,196,196,196,282,282,277,213,163,163,166,51,41,41],"floor_reached":24,"playtime":1498,"items_purged":[],"score":241,"play_id":"c4979316-5e77-440c-ab0e-14989cb0f33e","local_time":"20201230171759","is_ascension_mode":true,"campfire_choices":[{"data":"theRuin:Burial","floor":6,"key":"SMITH"},{"floor":15,"key":"REST"}],"circlet_count":0,"master_deck":["theRuin:Revival","theRuin:Revival","theRuin:Revival","theRuin:Revival","theRuin:DefaultCommonSkill","theRuin:DefaultCommonSkill","theRuin:DefaultCommonSkill","theRuin:Burial+1","theRuin:FromTheGrave","theRuin:BigBones","theRuin:Forethought","theRuin:AnkleGrab","theRuin:Phalanx","Clumsy","Burn","theRuin:MeatShield","theRuin:Rebuilding","theRuin:NecroSoul","theRuin:DropDead+1","theRuin:Phalanx+1","infinitespire:Gouge","theRuin:InfectedDagger+1"],"relics":["theRuin:Coffin","EVO:Axolotl","theRuin:MilkCarton","MerchantsRug","MealTicket","Bronze Scales","strawberrySpire:Starfruit","White Beast Statue","Gem_Box","Tiny Chest"],"acts_visited":["Exordium","TheCity"],"potions_floor_usage":[5,8,16,18,19,22],"damage_taken":[{"damage":0,"enemies":"Small Slimes","floor":1,"turns":2},{"damage":6,"enemies":"Cultist","floor":3,"turns":3},{"damage":0,"enemies":"2 Louse","floor":4,"turns":2},{"damage":12,"enemies":"Large Slime","floor":5,"turns":7},{"damage":18,"enemies":"3 Louse","floor":7,"turns":6},{"damage":27,"enemies":"3 Sentries","floor":8,"turns":6},{"damage":14,"enemies":"Gremlin Nob","floor":13,"turns":3},{"damage":16,"enemies":"Hexaghost","floor":16,"turns":10},{"damage":27,"enemies":"Spheric Guardian","floor":18,"turns":8},{"damage":6,"enemies":"3 Byrds","floor":19,"turns":6},{"damage":14,"enemies":"Snake Plant","floor":22,"turns":5},{"damage":46,"enemies":"Gremlin Leader","floor":24,"turns":4}],"seed_played":"-2584540519089815875","potions_obtained":[{"floor":1,"key":"EssenceOfSteel"},{"floor":7,"key":"Swift Potion"},{"floor":8,"key":"SpeedPotion"},{"floor":16,"key":"LiquidMemories"},{"floor":18,"key":"Fire Potion"},{"floor":19,"key":"BlessingOfTheForge"},{"floor":22,"key":"sagemod:Wine"}],"is_trial":false,"path_per_floor":["M","?","M","M","M","R","M","E","T","?","?","R","E","?","R","B",null,"M","M","?","AVR","M","R","E"],"character_chosen":"THE_DEFAULT","items_purchased":["theRuin:MilkCarton","MerchantsRug","Tiny Chest"],"campfire_rested":1,"item_purchase_floors":[0,0,23],"current_hp_per_floor":[75,75,69,69,57,57,39,12,12,12,12,24,10,10,36,20,87,60,54,54,54,40,40,0,0],"gold":41,"neow_bonus":"","is_daily":false,"chose_seed":false,"campfire_upgraded":1,"win_rate":0.0,"timestamp":1609366679,"path_taken":["M","?","M","M","?","R","M","E","T","?","?","R","E","?","R","BOSS","M","M","?","AVR","M","R","E"],"items_purchased_type":["Relic","Relic","Relic"],"build_version":"2020-12-22","purchased_purges":0,"victory":false,"max_hp_per_floor":[75,75,75,75,75,75,75,75,75,75,75,87,87,87,87,87,87,87,87,87,87,87,87,87,87],"card_choices":[{"not_picked":["theRuin:SharedGrave","theRuin:GiftFromBeyond"],"picked":"theRuin:BigBones","floor":1},{"not_picked":["theRuin:SharedGrave","theRuin:DraggedDown","theRuin:BigBones"],"picked":"SKIP","floor":3},{"not_picked":["theRuin:BlackPlague","theRuin:ShallowGraveStrike"],"picked":"theRuin:Forethought","floor":4},{"not_picked":["theRuin:SkeletonWall","theRuin:DropDead"],"picked":"theRuin:AnkleGrab","floor":5},{"not_picked":["theRuin:GraveLeap","theRuin:GraveRobber"],"picked":"theRuin:Phalanx","floor":7},{"not_picked":["theRuin:DescentToDeath","theRuin:GraveRobber","theRuin:DraggedDown"],"picked":"SKIP","floor":8},{"not_picked":["theRuin:BoneFactory","theRuin:SurpriseAttack"],"picked":"theRuin:MeatShield","floor":13},{"not_picked":["theRuin:DescentToDeath","theRuin:Armageddon"],"picked":"theRuin:Rebuilding","floor":16},{"not_picked":["theRuin:SkeletonParty","theRuin:GraveLeap"],"picked":"theRuin:NecroSoul","floor":18},{"not_picked":["theRuin:CursedBlood","theRuin:SharedGrave","theRuin:MeatShield"],"picked":"SKIP","floor":19},{"not_picked":["theRuin:CursedBlood+1","theRuin:ShallowGraveStrike"],"picked":"theRuin:InfectedDagger+1","floor":22}],"player_experience":1010104,"relics_obtained":[{"floor":8,"key":"MealTicket"},{"floor":9,"key":"Bronze Scales"},{"floor":12,"key":"strawberrySpire:Starfruit"},{"floor":13,"key":"White Beast Statue"}],"event_choices":[{"cards_removed":["theRuin:DefaultCommonSkill"],"damage_healed":0,"gold_gain":0,"player_choice":"Offered Basic","damage_taken":0,"max_hp_gain":0,"max_hp_loss":0,"event_name":"Bonfire Elementals","floor":2,"gold_loss":0},{"damage_healed":12,"gold_gain":0,"player_choice":"Embrace Burn","damage_taken":0,"max_hp_gain":0,"max_hp_loss":75,"event_name":"betterThird:BetterShining","floor":11,"gold_loss":0},{"damage_healed":0,"gold_gain":0,"player_choice":"LEAVE","damage_taken":0,"max_hp_gain":0,"max_hp_loss":0,"event_name":"betterThird:BetterScrap","floor":14,"gold_loss":0,"cards_obtained":["Aggregate"]},{"damage_healed":0,"gold_gain":0,"player_choice":"Bet on Murderer","damage_taken":0,"max_hp_gain":0,"max_hp_loss":0,"event_name":"The Joust","floor":20,"gold_loss":50}],"is_beta":false,"boss_relics":[{"not_picked":["Calling Bell","Tiny House"],"picked":"Gem_Box"}],"items_purged_floors":[],"is_endless":false,"potions_floor_spawned":[1,7,8,16,18,19,22],"killed_by":"Gremlin Leader","ascension_level":1}}