{"host":"4hhgf71pxvqwkagf","time":1609334398,"event":{"mods":["2.2 Compatiblity","AchievementEnabler","BaseMod","Minty Spire (QoL Compilation)","Permanent Neow","Quick Restart","StSLib","SuperFastMode","The Bug Knight","everything is the same but u backflip on backflip"],"gold_per_floor":[110,128,128,142,142,142,173,184,184,184,211,223,16,16,16,112,112,129,129,129,49,61,92,92,117,141,175,175,195,195,207,207,307,307,323,323,97,113,125,151,164,164,164,0,0,14,14,30,30,30],"floor_reached":51,"playtime":2055,"items_purged":["HollowMod:NailStrikeStart","HollowMod:QuickDashStart","HollowMod:InfectedCysts"],"score":806,"play_id":"0bfea539-305d-4be7-8a4c-6aba236e2b53","local_time":"20201230221958","is_ascension_mode":true,"campfire_choices":[{"data":"HollowMod:FocusHealStart","floor":6.0,"key":"SMITH"},{"data":"Apotheosis","floor":15.0,"key":"SMITH"},{"floor":24,"key":"REST"},{"floor":32,"key":"RECALL"},{"floor":42,"key":"REST"},{"floor":45,"key":"REST"},{"floor":49,"key":"REST"}],"circlet_count":0,"master_deck":["HollowMod:FocusHealStart+1","HollowMod:PogoStrike","HollowMod:DashSlash+1","HollowMod:FastStrike+1","HollowMod:GreatSlash+1","HollowMod:SoulSplash","Apotheosis+1","HollowMod:CoiledNail+1","Necronomicurse","HollowMod:MantisMark","HollowMod:MonarchWings","HollowMod:SlysStrikes","HollowMod:CoiledNail","HollowMod:SiblingsSouls","HollowMod:AwokenDreamNail","HollowMod:FastStrike","HollowMod:Hiveblood","HollowMod:DungDefenderAura","HollowMod:QuirrelsAssistance","HollowMod:PerfectDash"],"relics":["HollowMod:VesselMask","Ancient Tea Set","Toy Ornithopter","Boot","The Courier","Fusion Hammer","Necronomicon","HollowMod:PaleOreRelic","Centennial Puzzle","Nunchaku","Ornamental Fan","Pandora\u0027s Box","Bag of Marbles","PreservedInsect","Red Mask"],"acts_visited":["Exordium","TheCity","TheBeyond"],"potions_floor_usage":[40],"damage_taken":[{"damage":1.0,"enemies":"Cultist","floor":1.0,"turns":3.0},{"damage":3.0,"enemies":"Jaw Worm","floor":2.0,"turns":3.0},{"damage":3.0,"enemies":"Small Slimes","floor":4.0,"turns":3.0},{"damage":8.0,"enemies":"3 Sentries","floor":7.0,"turns":5.0},{"damage":6.0,"enemies":"Blue Slaver","floor":8.0,"turns":2.0},{"damage":0.0,"enemies":"Lagavulin","floor":11.0,"turns":2.0},{"damage":0.0,"enemies":"Large Slime","floor":12.0,"turns":3.0},{"damage":35.0,"enemies":"HollowMod:FalseKnight","floor":16.0,"turns":8.0},{"damage":0.0,"enemies":"3 Byrds","floor":18.0,"turns":3.0},{"damage":10,"enemies":"Chosen","floor":22,"turns":2},{"damage":26,"enemies":"HollowMod:Nosk","floor":23,"turns":4},{"damage":18,"enemies":"Slavers","floor":25,"turns":3},{"damage":3,"enemies":"Gremlin Leader","floor":27,"turns":4},{"damage":21,"enemies":"Colosseum Slavers","floor":28,"turns":2},{"damage":13,"enemies":"Snake Plant","floor":29,"turns":2},{"damage":21,"enemies":"Snecko","floor":31,"turns":3},{"damage":25,"enemies":"Automaton","floor":33,"turns":5},{"damage":18,"enemies":"3 Shapes","floor":35,"turns":1},{"damage":0,"enemies":"3 Darklings","floor":38,"turns":1},{"damage":5,"enemies":"Maw","floor":39,"turns":4},{"damage":12,"enemies":"Giant Head","floor":40,"turns":5},{"damage":6,"enemies":"Spire Growth","floor":41,"turns":2},{"damage":1,"enemies":"3 Darklings","floor":46,"turns":2},{"damage":24,"enemies":"Writhing Mass","floor":48,"turns":2},{"damage":31,"enemies":"HollowMod:Radiance","floor":50,"turns":6}],"seed_played":"-5545484111516309738","potions_obtained":[{"floor":1.0,"key":"SteroidPotion"},{"floor":4.0,"key":"CultistPotion"},{"floor":7.0,"key":"SteroidPotion"},{"floor":18.0,"key":"FairyPotion"},{"floor":29,"key":"Energy Potion"},{"floor":35,"key":"SkillPotion"}],"is_trial":false,"path_per_floor":["M","M","$","M","?","R","E","M","T","?","E","M","$","$","R","B",null,"M","?","?","$","M","E","R","E","T","E","?","M","?","M","R","B",null,"M","?","$","M","M","E","M","R","T","?","R","M","?","M","R","B",null],"character_chosen":"THE_BUGKNIGHT","items_purchased":["Apotheosis","Bag of Marbles"],"campfire_rested":4,"item_purchase_floors":[13,37],"current_hp_per_floor":[74,71,71,74,74,74,72,72,72,57,67,67,67,67,67,38,75,75,59,59,59,55,35,57,45,45,42,27,20,85,64,64,45,85,67,85,85,85,85,79,79,85,85,85,85,84,84,60,85,72],"gold":30,"neow_bonus":"RANDOM_COMMON_RELIC","is_daily":false,"chose_seed":false,"campfire_upgraded":2,"win_rate":0.0,"timestamp":1609334398,"path_taken":["M","M","$","?","?","R","E","M","T","?","E","M","?","$","R","BOSS","M","?","?","$","M","E","R","E","T","E","?","?","?","?","R","BOSS","M","?","$","M","?","E","M","R","T","?","R","M","?","M","R","BOSS"],"items_purchased_type":["Card","Relic"],"build_version":"2020-12-22","purchased_purges":3,"victory":true,"max_hp_per_floor":[75,75,75,75,75,75,75,75,75,75,75,75,75,75,75,75,75,75,75,75,75,75,75,75,75,75,75,75,75,85,85,85,85,85,85,85,85,85,85,85,85,85,85,85,85,85,85,85,85,85],"card_choices":[{"not_picked":["HollowMod:BlackTendrils","HollowMod:InfectionAssault","HollowMod:WraithStrike"],"picked":"SKIP","floor":1.0},{"not_picked":["HollowMod:LifebloodCocoon","HollowMod:CoiledNail"],"picked":"HollowMod:DashSlash","floor":2.0},{"not_picked":["HollowMod:LifebloodCocoon","HollowMod:InfectedCysts"],"picked":"HollowMod:FastStrike","floor":4.0},{"not_picked":["HollowMod:TaintedHusks","HollowMod:LifebloodCocoon"],"picked":"HollowMod:GreatSlash","floor":7.0},{"not_picked":["HollowMod:NewJinnsSoul","HollowMod:InfectedAttack","HollowMod:CrystalDash"],"picked":"SKIP","floor":8.0},{"not_picked":["HollowMod:SharpenedNail","HollowMod:Hiveblood"],"picked":"HollowMod:SoulSplash","floor":11.0},{"not_picked":["HollowMod:CycloneSlash","HollowMod:DashSlash"],"picked":"HollowMod:InfectedCysts","floor":12.0},{"not_picked":["HollowMod:HornetsHelp","HollowMod:ElderbugsWisdom"],"picked":"HollowMod:theNailsmith","floor":16.0},{"not_picked":["HollowMod:CloakDash+1","HollowMod:SoulShaman+1"],"picked":"HollowMod:CoiledNail+1","floor":18.0},{"not_picked":["HollowMod:SoulStrike+1","HollowMod:CycloneSlash"],"picked":"HollowMod:MantisMark","floor":22},{"not_picked":["HollowMod:BrokenVessel","HollowMod:ChannelNail"],"picked":"HollowMod:MonarchWings","floor":23},{"not_picked":["HollowMod:DungDefenderAura","HollowMod:InfectedAttack+1"],"picked":"HollowMod:SlysStrikes","floor":25},{"not_picked":["HollowMod:VengefulSpirit+1","HollowMod:DesolateDive"],"picked":"HollowMod:CoiledNail","floor":27},{"not_picked":["HollowMod:SoulStrike","HollowMod:VengefulSpirit"],"picked":"HollowMod:SiblingsSouls","floor":29},{"not_picked":["HollowMod:SiblingsSouls","HollowMod:LifebloodCocoon","HollowMod:VengefulSpirit"],"picked":"SKIP","floor":31},{"not_picked":["HollowMod:SlysStrikes","HollowMod:SoulMaster"],"picked":"HollowMod:AwokenDreamNail","floor":33},{"not_picked":["HollowMod:WraithStrike+1","HollowMod:ShapeofUnn","HollowMod:VengefulVoid+1"],"picked":"SKIP","floor":35},{"not_picked":["HollowMod:InfectedAttack","HollowMod:InfectionAssault+1","HollowMod:GoodIntentions"],"picked":"SKIP","floor":38},{"not_picked":["HollowMod:NewGlowingWomb","HollowMod:ShadowDash+1","HollowMod:SoulVessel"],"picked":"SKIP","floor":39},{"not_picked":["HollowMod:LifebloodCocoon+1","HollowMod:theNailsmith","HollowMod:InfectionAssault+1"],"picked":"SKIP","floor":40},{"not_picked":["HollowMod:SharpenedNail","HollowMod:HowlingWraiths","HollowMod:SoulStrike"],"picked":"SKIP","floor":41},{"not_picked":["HollowMod:DesolateDive","HollowMod:LifebloodCocoon"],"picked":"HollowMod:PerfectDash","floor":46},{"not_picked":["HollowMod:DungDefenderAura+1","HollowMod:SiblingsShadow","HollowMod:VengefulSpirit+1"],"picked":"SKIP","floor":48}],"player_experience":379197,"relics_obtained":[{"floor":7.0,"key":"Toy Ornithopter"},{"floor":9.0,"key":"Boot"},{"floor":11.0,"key":"The Courier"},{"floor":19,"key":"Necronomicon"},{"floor":23,"key":"HollowMod:PaleOreRelic"},{"floor":25,"key":"Centennial Puzzle"},{"floor":26,"key":"Nunchaku"},{"floor":27,"key":"Ornamental Fan"},{"floor":40,"key":"PreservedInsect"}],"event_choices":[{"damage_healed":0.0,"max_hp_gain":0.0,"max_hp_loss":0.0,"gold_gain":0.0,"event_name":"Living Wall","player_choice":"Grow","floor":5.0,"gold_loss":0.0,"damage_taken":0.0,"cards_upgraded":["HollowMod:DashSlash"]},{"damage_healed":0.0,"max_hp_gain":0.0,"max_hp_loss":0.0,"gold_gain":0.0,"event_name":"Shining Light","player_choice":"Entered Light","floor":10.0,"gold_loss":0.0,"damage_taken":15.0,"cards_upgraded":["HollowMod:GreatSlash","HollowMod:FastStrike"]},{"damage_healed":0,"gold_gain":0,"player_choice":"Obtained Book","damage_taken":16,"max_hp_gain":0,"max_hp_loss":0,"event_name":"Cursed Tome","floor":19,"gold_loss":0},{"damage_healed":0,"gold_gain":0,"player_choice":"Fight","damage_taken":0,"max_hp_gain":0,"max_hp_loss":0,"event_name":"Colosseum","floor":28,"gold_loss":0},{"damage_healed":0,"gold_gain":0,"player_choice":"Fled From Nobs","damage_taken":0,"max_hp_gain":0,"max_hp_loss":0,"event_name":"Colosseum","floor":28,"gold_loss":0},{"cards_removed":["HollowMod:theNailsmith"],"damage_healed":55,"gold_gain":0,"player_choice":"Offered Rare","damage_taken":0,"max_hp_gain":10,"max_hp_loss":0,"event_name":"Bonfire Elementals","floor":30,"gold_loss":0},{"damage_healed":18,"gold_gain":0,"player_choice":"Full Heal","damage_taken":0,"max_hp_gain":0,"max_hp_loss":0,"event_name":"Wheel of Change","floor":36,"gold_loss":0},{"damage_healed":0,"gold_gain":0,"player_choice":"Paid","damage_taken":0,"relics_obtained":["Red Mask"],"max_hp_gain":0,"max_hp_loss":0,"event_name":"Tomb of Lord Red Mask","floor":44,"gold_loss":164},{"cards_removed":["HollowMod:Grubsong"],"damage_healed":0,"gold_gain":0,"player_choice":"Removed Power","damage_taken":0,"max_hp_gain":0,"max_hp_loss":0,"event_name":"Falling","floor":47,"gold_loss":0}],"is_beta":false,"boss_relics":[{"not_picked":["Astrolabe","Tiny House"],"picked":"Fusion Hammer"},{"not_picked":["Black Star","Busted Crown"],"picked":"Pandora\u0027s Box"}],"items_purged_floors":[13,21,37],"is_endless":false,"potions_floor_spawned":[1,4,7,18,28,29,35,38],"ascension_level":1}}