{"host":"96bpdudduaq3ttpf","time":1609323089,"event":{"mods":["Act Like it!","Astrologer","Bard","Bartender","BaseMod","CapriCore","Challenge The Spire","Chen","Downfall","Elementarium","Energized Spire","Friendly Minions","GifTheSpireLib","Hallownest","Hermit","Jorbs\u0027s Wanderer Trilogy","Koishi","Mari Mod (Legacy)","Mari\u0027s V1 Patch","Mimic Mod","Minty Spire (QoL Compilation)","Prisma Mod","Remilia??????","Replay The Spire","Shade Mod","StSLib","Td1madao Mod","The Administrix","The Bladedancer","The Construct","The Cursed","The Gatherer","The Hierophant","The Immortal","The IronCluck","The Jungle","The Marked","The Mystic","The Necromancer","The Runesmith","The Servant 0.9.4","Wandering Minibosses","WarShipGirlsR/????R mod"],"gold_per_floor":[113,113,288,307,307,307,307,307,357,380,380,419,442,455,455,586,536,589,589],"floor_reached":18,"playtime":758,"items_purged":[],"score":160,"play_id":"ab832e98-a318-409c-a1ae-e2e02a6e0514","local_time":"20201230031129","is_ascension_mode":false,"campfire_choices":[{"floor":6,"key":"REST"},{"data":"Ricochet","floor":8,"key":"SMITH"},{"floor":11,"key":"RECALL"},{"floor":15,"key":"REST"}],"circlet_count":0,"master_deck":["Strike_S","Strike_S","Strike_S+1","Strike_S","Defend_S","Defend_S","Defend_S","Defend_S+1","KidneyShot+1","Exchange","TimeWarp+1","Doubt","Ricochet+1","Ricochet","Defy","BottledTime","Strike_S","Barrier"],"relics":["Uniform","Golden Idol","Whetstone","MealTicket","energizedSpire:HugeHouse"],"acts_visited":["Exordium","TheCity"],"potions_floor_usage":[4,10,12,16,16],"damage_taken":[{"damage":9,"enemies":"Small Slimes","floor":1,"turns":3},{"damage":0,"enemies":"Jaw Worm","floor":4,"turns":3},{"damage":0,"enemies":"Cultist","floor":10,"turns":2},{"damage":8,"enemies":"3 Sentries","floor":12,"turns":5},{"damage":6,"enemies":"2 Fungi Beasts","floor":13,"turns":2},{"damage":6,"enemies":"3 Louse","floor":14,"turns":3},{"damage":73,"enemies":"Fading Forest","floor":16,"turns":11},{"damage":47,"enemies":"Spheric Guardian","floor":18,"turns":12}],"seed_played":"-5230352803626307588","potions_obtained":[{"floor":0,"key":"DistilledChaos"},{"floor":0,"key":"Block Potion"},{"floor":0,"key":"Fire Potion"},{"floor":12,"key":"Energy Potion"},{"floor":13,"key":"Weak Potion"},{"floor":16,"key":"Milkshake"}],"is_trial":false,"path_per_floor":["M","?","?","M","?","R","?","R","T","M","R","E","M","M","R","B",null,"M"],"character_chosen":"THE_SERVANT","items_purchased":[],"campfire_rested":2,"item_purchase_floors":[],"current_hp_per_floor":[56,56,56,56,44,60,60,60,60,60,60,52,46,40,58,1,55,8,8],"gold":589,"neow_bonus":"THREE_SMALL_POTIONS","is_daily":false,"chose_seed":false,"campfire_upgraded":1,"win_rate":0.0,"timestamp":1609323089,"path_taken":["M","?","?","M","?","R","?","R","T","M","R","E","?","M","R","BOSS","M"],"items_purchased_type":[],"build_version":"2020-12-22","purchased_purges":0,"victory":false,"max_hp_per_floor":[65,60,60,60,60,60,60,60,60,60,60,60,60,60,60,60,55,55,55],"card_choices":[{"not_picked":["Replace","Contraction"],"picked":"TimeWarp","floor":1},{"not_picked":["WasteNot","Spin"],"picked":"Ricochet","floor":4},{"not_picked":["FastForward","Spin"],"picked":"Ricochet","floor":10},{"not_picked":["Spin","StarChef"],"picked":"Defy","floor":12},{"not_picked":["ForgedInTime","FastForward","Defy"],"picked":"SKIP","floor":13},{"not_picked":["WasteNot","Revamp"],"picked":"BottledTime","floor":14},{"not_picked":["ForgedInTime","Initiator"],"picked":"TheWorld","floor":16}],"player_experience":744336,"relics_obtained":[{"floor":9,"key":"Whetstone"},{"floor":12,"key":"MealTicket"}],"event_choices":[{"damage_healed":0,"gold_gain":0,"player_choice":"Lose Max HP","damage_taken":0,"relics_obtained":["Golden Idol"],"max_hp_gain":0,"max_hp_loss":5,"event_name":"Golden Idol","floor":2,"gold_loss":0},{"damage_healed":0,"gold_gain":175,"player_choice":"AGREE","damage_taken":0,"max_hp_gain":0,"max_hp_loss":0,"event_name":"Liars Game","floor":3,"gold_loss":0,"cards_obtained":["Doubt"]},{"damage_healed":0,"gold_gain":0,"player_choice":"Entered Light","damage_taken":12,"max_hp_gain":0,"max_hp_loss":0,"event_name":"Shining Light","floor":5,"gold_loss":0,"cards_upgraded":["Defend_S","TimeWarp"]},{"damage_healed":0,"gold_gain":0,"player_choice":"Leave","damage_taken":0,"max_hp_gain":0,"max_hp_loss":0,"event_name":"The Cleric","floor":7,"gold_loss":0}],"is_beta":false,"boss_relics":[{"not_picked":["energizedSpire:RedRose","Cursed Key"],"picked":"energizedSpire:HugeHouse"}],"items_purged_floors":[],"is_endless":false,"potions_floor_spawned":[1,12,13,16],"killed_by":"Spheric Guardian","ascension_level":0}}