{"host":"31s8hzukbhz1k6i6","time":1609367959,"event":{"mods":["AchievementEnabler","BaseMod","Bestiary","Colored Map","Filter the Spire","Minty Spire (QoL Compilation)","Relic Stats","UnlockEverythingMod","ojb\u0027s Info Mod"],"gold_per_floor":[110,127,146,146,157,187,187,198,198,198,217,247,259,209,209,306,306,319,347,360,33,46,63,63,92,117,117,134,159,159,176,176,176,176],"floor_reached":33,"playtime":1834,"items_purged":[],"score":514,"play_id":"947c8aa6-044d-409f-81b6-f4a850b7169d","local_time":"20201230143919","is_ascension_mode":true,"campfire_choices":[{"data":"After Image","floor":7.0,"key":"SMITH"},{"data":"Bouncing Flask","floor":10,"key":"SMITH"},{"data":"Cloak And Dagger","floor":15,"key":"SMITH"},{"data":"Accuracy","floor":24,"key":"SMITH"},{"data":"Adrenaline","floor":27,"key":"SMITH"},{"data":"Footwork","floor":32,"key":"SMITH"}],"circlet_count":0,"master_deck":["AscendersBane","Strike_G","Strike_G","Strike_G","Strike_G","Defend_G","Defend_G","Defend_G","Defend_G","Defend_G","Survivor","Neutralize","Blade Dance","Bouncing Flask+1","After Image+1","Cloak And Dagger","Predator","Cloak And Dagger+1","Backstab","Adrenaline+1","Accuracy+1","Blade Dance","PiercingWail","Blade Dance","Footwork+1","Malaise","Finisher","Acrobatics+1"],"relics":["Ring of the Snake","Lantern","Toy Ornithopter","Pear","StrikeDummy","Sozu","Red Mask","Sling","Anchor","Bronze Scales","Strawberry","Pen Nib"],"acts_visited":["Exordium","TheCity"],"potions_floor_usage":[12,16,33],"damage_taken":[{"damage":0.0,"enemies":"Cultist","floor":1.0,"turns":5.0},{"damage":0.0,"enemies":"Small Slimes","floor":2.0,"turns":3.0},{"damage":0.0,"enemies":"2 Louse","floor":3.0,"turns":3.0},{"damage":0.0,"enemies":"2 Fungi Beasts","floor":5.0,"turns":4.0},{"damage":5.0,"enemies":"Lagavulin","floor":6.0,"turns":7.0},{"damage":5,"enemies":"Exordium Wildlife","floor":8,"turns":4},{"damage":9,"enemies":"Exordium Thugs","floor":11,"turns":4},{"damage":5,"enemies":"Gremlin Nob","floor":12,"turns":3},{"damage":4,"enemies":"Lots of Slimes","floor":13,"turns":5},{"damage":34,"enemies":"Slime Boss","floor":16,"turns":13},{"damage":0,"enemies":"2 Thieves","floor":18,"turns":4},{"damage":3,"enemies":"Masked Bandits","floor":19,"turns":6},{"damage":0,"enemies":"Shell Parasite","floor":20,"turns":4},{"damage":19,"enemies":"Cultist and Chosen","floor":22,"turns":5},{"damage":11,"enemies":"Snake Plant","floor":23,"turns":3},{"damage":0,"enemies":"Book of Stabbing","floor":25,"turns":4},{"damage":0,"enemies":"Shelled Parasite and Fungi","floor":28,"turns":3},{"damage":13,"enemies":"Gremlin Leader","floor":29,"turns":6},{"damage":0,"enemies":"Sentry and Sphere","floor":31,"turns":4},{"damage":52,"enemies":"Champ","floor":33,"turns":8}],"seed_played":"-1396667640316979932","potions_obtained":[{"floor":2.0,"key":"SteroidPotion"},{"floor":5.0,"key":"PowerPotion"},{"floor":8,"key":"LiquidBronze"},{"floor":11,"key":"LiquidBronze"},{"floor":13,"key":"CunningPotion"},{"floor":16,"key":"Fire Potion"}],"is_trial":false,"path_per_floor":["M","M","M","?","M","E","R","M","T","R","M","E","M","?","R","B",null,"M","?","M","$","M","M","R","E","T","R","M","E","?","M","R","B"],"character_chosen":"THE_SILENT","items_purchased":["Accuracy","Sling","Anchor"],"campfire_rested":0,"item_purchase_floors":[21,21,21],"current_hp_per_floor":[63,63,63,70,70,65,65,60,70,70,61,61,57,57,57,28,67,67,64,64,64,45,34,34,34,41,41,41,28,28,28,28,0,0],"gold":176,"neow_bonus":"RANDOM_COMMON_RELIC","is_daily":false,"chose_seed":false,"campfire_upgraded":6,"win_rate":0.0,"timestamp":1609367959,"path_taken":["M","?","M","?","?","E","R","M","T","R","M","E","M","?","R","BOSS","M","?","M","$","M","M","R","E","T","R","M","E","?","M","R","BOSS"],"items_purchased_type":["Card","Relic","Relic"],"build_version":"2020-12-22","purchased_purges":0,"victory":false,"max_hp_per_floor":[70,70,70,70,70,70,70,70,80,80,80,80,80,80,80,80,80,80,80,80,80,80,80,80,80,87,87,87,87,87,87,87,87,87],"relic_stats":{"Sozu":5,"counters":[20,98],"Bronze Scales":[36],"Pen Nib":[4],"obtain_stats":[{"Sozu":17,"Lantern":0,"Anchor":21,"Pear":9,"Bronze Scales":25,"Strawberry":26,"Pen Nib":29,"Red Mask":19,"StrikeDummy":12,"Sling":21,"Toy Ornithopter":6,"Ring of the Snake":0},{"Sozu":10,"Lantern":0,"Anchor":13,"Pear":6,"Bronze Scales":16,"Strawberry":16,"Pen Nib":18,"Red Mask":12,"StrikeDummy":8,"Sling":13,"Toy Ornithopter":5,"Ring of the Snake":0},{"Sozu":51,"Lantern":0,"Anchor":65,"Pear":26,"Bronze Scales":77,"Strawberry":77,"Pen Nib":86,"Red Mask":61,"StrikeDummy":33,"Sling":65,"Toy Ornithopter":22,"Ring of the Snake":0}],"Toy Ornithopter":15,"Ring of the Snake":[40]},"card_choices":[{"not_picked":["Backstab","Backflip"],"picked":"Blade Dance","floor":1.0},{"not_picked":["Outmaneuver","Cloak And Dagger"],"picked":"Bouncing Flask","floor":2.0},{"not_picked":["Cloak And Dagger","Underhanded Strike"],"picked":"After Image","floor":3.0},{"not_picked":["Distraction","Calculated Gamble"],"picked":"Cloak And Dagger","floor":5.0},{"not_picked":["Dagger Throw","Deflect","Skewer"],"picked":"SKIP","floor":6.0},{"not_picked":["Endless Agony","Underhanded Strike"],"picked":"Predator","floor":8},{"not_picked":["Outmaneuver","Flying Knee"],"picked":"Cloak And Dagger","floor":11},{"not_picked":["Flechettes","Die Die Die"],"picked":"Backstab","floor":12},{"not_picked":["Riddle With Holes","Sucker Punch","Distraction"],"picked":"SKIP","floor":13},{"not_picked":["Wraith Form v2","Unload"],"picked":"Adrenaline","floor":16},{"not_picked":["Setup","Backflip","Expertise"],"picked":"SKIP","floor":18},{"not_picked":["Cloak And Dagger","Choke","Dodge and Roll"],"picked":"SKIP","floor":20},{"not_picked":["Cloak And Dagger","Choke","Dodge and Roll"],"picked":"SKIP","floor":20},{"not_picked":["Slice","Flying Knee+1"],"picked":"Blade Dance","floor":22},{"not_picked":["Dagger Throw+1","Deadly Poison"],"picked":"PiercingWail","floor":23},{"not_picked":["Noxious Fumes","Venomology"],"picked":"Blade Dance","floor":25},{"not_picked":["Deadly Poison+1","Setup+1"],"picked":"Footwork","floor":28},{"not_picked":["Bane","Endless Agony"],"picked":"Malaise","floor":29},{"not_picked":["Crippling Poison+1","Prepared"],"picked":"Acrobatics+1","floor":31}],"player_experience":102377,"relics_obtained":[{"floor":6.0,"key":"Toy Ornithopter"},{"floor":9,"key":"Pear"},{"floor":12,"key":"StrikeDummy"},{"floor":19,"key":"Red Mask"},{"floor":25,"key":"Bronze Scales"},{"floor":26,"key":"Strawberry"},{"floor":29,"key":"Pen Nib"}],"event_choices":[{"damage_healed":7.0,"max_hp_gain":0.0,"max_hp_loss":0.0,"gold_gain":0.0,"event_name":"Wheel of Change","player_choice":"Full Heal","floor":4.0,"gold_loss":0.0,"damage_taken":0.0},{"cards_removed":["Strike_G"],"damage_healed":0,"gold_gain":0,"player_choice":"Card Removal","damage_taken":0,"max_hp_gain":0,"max_hp_loss":0,"event_name":"The Cleric","floor":14,"gold_loss":50},{"damage_healed":0,"gold_gain":0,"player_choice":"Fought Bandits","damage_taken":0,"max_hp_gain":0,"max_hp_loss":0,"event_name":"Masked Bandits","floor":19,"gold_loss":0},{"damage_healed":0,"gold_gain":0,"player_choice":"Read","damage_taken":0,"max_hp_gain":0,"max_hp_loss":0,"event_name":"The Library","floor":30,"gold_loss":0,"cards_obtained":["Finisher"]}],"is_beta":false,"boss_relics":[{"not_picked":["SacredBark","Tiny House"],"picked":"Sozu"}],"items_purged_floors":[],"is_endless":false,"potions_floor_spawned":[2,5,8,11,13,16,19,23,25,28,29],"killed_by":"Champ","ascension_level":10}}