{"host":"49hkj3l623wd5n00","time":1609296963,"event":{"mods":["2.2 Compatiblity","AchievementEnabler","Act Like it!","Aspiration","Astrologer","BaseMod","Better Altar","Better Match","Better Note","Better Skull","Better Third Choice","Better Vampires","Better-Laid Plans","BetterRewards","CCEM","CapriCore","Colored Map","Colored Powertips","Conspire","Displayed Cursed Tome","Downfall","Elementarium","Friendly Minions","Gensokyo","GifTheSpireLib","Hallownest","Hermit","Hubris","Ironclad Rager","Jorbs\u0027s Wanderer Trilogy","Koishi","MarisaÅiñ∂âJÅ@ñÇóùçπÅj","Menagerie","Mimic Mod","Minty Spire (QoL Compilation)","Pale of the Ancients","Permanent Neow","Quick Restart","Rare Cards Sparkle","Replay The Spire","Retaliation","Shade Mod","Spicy Shops","StSLib","Stuff the Spire","The Blackbeard","The Bug Knight","The Construct","The Cursed","The Druid","The Forsaken","The Hierophant","The IronCluck","The Marked","The Runesmith","The Servant 0.9.4","The Vixen","The Wild Card","TheHero","Yuri Mod","slay the spire mod where everything is the same but ironclad has a cowboy hat"],"gold_per_floor":[112,112,333,346,366,366,366,381,421,186,186,206,238,256,256,506,506,517,517,537,550,550,650,668,687,687,687,90,110,110,139,139,239,239,251,251,265,265,265,265,299,310,349,385,437,437,453,125,125,125],"floor_reached":51,"playtime":3606,"items_purged":["hubris:Gluttony"],"score":942,"play_id":"f697821a-43ca-4c9b-b974-3bef7c08e8c6","local_time":"20201229215603","is_ascension_mode":false,"campfire_choices":[{"data":"theMarked:SoldierOfQuellstein","floor":6,"key":"SMITH"},{"data":"theMarked:HeritageOfTheMarked","floor":11,"key":"SMITH"},{"data":"theMarked:BanishingWave","floor":15,"key":"SMITH"},{"data":"theMarked:HeritageOfTheMarked","floor":27,"key":"SMITH"},{"floor":32,"key":"RECALL"},{"data":"theMarked:PowerFlow","floor":40,"key":"SMITH"},{"floor":46,"key":"REST"},{"floor":49,"key":"REST"}],"circlet_count":0,"master_deck":["theMarked:Strike+1","theMarked:Defend+1","theMarked:Defend+1","theMarked:Defend+1","theMarked:Defend+1","theMarked:SoldierOfQuellstein+1","theMarked:HeritageOfTheMarked+1","theMarked:PowerFlow+1","theMarked:BanishingWave+1","theMarked:Static+1","theMarked:Challenge+1","theMarked:HeritageOfTheMarked+1","theMarked:WardOff+1","theMarked:GodGivenPower+1","theMarked:ReduceFriction+1","theMarked:Electrocute+1","theMarked:TwofoldDefense+1","theMarked:ChannelForce+1","theMarked:EmpowerWeapon+1","theMarked:Reabsorb+1","theMarked:BindingBlade+1","StuffTheSpire:CuriosityCurse","theMarked:EnhanceMovement+1","hubris:Greed","theMarked:MaelstromOfLightning+1"],"relics":["theMarked:ArtifactOfAir","aspiration:Nostalgia","Burning Blood","hubris:Icosahedron","Bag of Marbles","hubris:EmptyBottle","hubris:ToyBattleship","Toxic Egg 2","Replay:Grab Bag","hubris:VirtuousBlindfold","Painkiller Herb","SlaversCollar","aspiration:MobileForge","hubris:Teleporter","hubris:CuriousFeather","Garlic","Replay:Bottled Eggs","Replay:Towering Pillar of Hats","Empty Cage","Ring of Misfortune","Ring of Peace","theMarked:KettuFlask","CCEMRelics:SpiritsEdge","hubris:Spice","Pear","CCEMRelics:TinyMinotavrHorn"],"acts_visited":["Gensokyo:Gensokyo","Gensokyo:Gensokyoer","Gensokyo:Gensokyoest"],"potions_floor_usage":[13,16,16,16,18,21,21,23,33,33,33,33,50,50],"damage_taken":[{"damage":4,"enemies":"Gensokyo:Gryphon","floor":1,"turns":4},{"damage":3,"enemies":"Gensokyo:Python","floor":4,"turns":3},{"damage":0,"enemies":"Gensokyo:3_Fairies","floor":5,"turns":4},{"damage":0,"enemies":"Gensokyo:LivingMonolith","floor":8,"turns":3},{"damage":0,"enemies":"Gensokyo:Python_and_Kodama","floor":9,"turns":7},{"damage":15,"enemies":"Gensokyo:Python_and_Kodama","floor":12,"turns":5},{"damage":3,"enemies":"conspire:MimicChest","floor":13,"turns":6},{"damage":0,"enemies":"Gensokyo:3_Kodama","floor":14,"turns":1},{"damage":3,"enemies":"Gensokyo:Reimu","floor":16,"turns":4},{"damage":0,"enemies":"Gensokyo:2_Gloops","floor":18,"turns":3},{"damage":4,"enemies":"Gensokyo:Chomper","floor":20,"turns":3},{"damage":12,"enemies":"Gensokyo:Monolith_and_Dog","floor":21,"turns":4},{"damage":14,"enemies":"Gensokyo:Monolith_and_Dog","floor":23,"turns":3},{"damage":6,"enemies":"Gensokyo:Swordslinger","floor":24,"turns":2},{"damage":0,"enemies":"Gensokyo:3_Gloops","floor":25,"turns":1},{"damage":7,"enemies":"Gensokyo:Slime_Group","floor":29,"turns":3},{"damage":0,"enemies":"Gensokyo:Reisen","floor":31,"turns":3},{"damage":3,"enemies":"Gensokyo:Kaguya","floor":33,"turns":5},{"damage":0,"enemies":"Gensokyo:3_Bats","floor":35,"turns":2},{"damage":6,"enemies":"Gensokyo:AncientGuardian","floor":37,"turns":3},{"damage":0,"enemies":"Gensokyo:Doremy","floor":41,"turns":4},{"damage":0,"enemies":"Gensokyo:AtlasGolem","floor":42,"turns":3},{"damage":0,"enemies":"Gensokyo:Sharpion","floor":43,"turns":5},{"damage":0,"enemies":"Gensokyo:Marisa","floor":44,"turns":4},{"damage":0,"enemies":"Gensokyo:Sharpion","floor":47,"turns":3},{"damage":0,"enemies":"Gensokyo:Yuyuko","floor":50,"turns":3}],"seed_played":"4900288579050009635","potions_obtained":[{"floor":8,"key":"ColorlessPotion"},{"floor":13,"key":"SkillPotion"},{"floor":14,"key":"PowerPotion"},{"floor":16,"key":"Adrenaline Potion"},{"floor":20,"key":"Fire Potion"},{"floor":23,"key":"ColorlessPotion"},{"floor":35,"key":"Swift Potion"},{"floor":37,"key":"Death Potion"}],"is_trial":false,"path_per_floor":["M","?","?","M","M","R","?","M","MIM","COS","R","M","?","M","R","B",null,"?","?","?","?","?","?","?","?","T","T","T","?","?","E","T","B",null,"?","?","?","?","?","T","E","?","MIM","E","T","T","?","T","T","B",null],"character_chosen":"THE_DEFAULT","items_purchased":["DuplicationPotion","theMarked:ChannelForce+1","Replay:Bottled Eggs","theMarked:EmpowerWeapon+1","CCEMRelics:TinyMinotavrHorn"],"campfire_rested":2,"item_purchase_floors":[28,28,28,28,48],"current_hp_per_floor":[70,70,39,42,48,48,48,54,60,60,60,51,54,60,60,63,70,70,70,70,64,70,62,68,70,70,70,70,69,70,70,70,70,70,70,70,70,70,70,70,70,70,78,88,88,88,88,88,88,88],"gold":125,"neow_bonus":"NOSTALGIA","is_daily":false,"chose_seed":false,"campfire_upgraded":5,"win_rate":0.0,"timestamp":1609296963,"path_taken":["M","?","?","M","?","R","?","M","MIM","COS","R","M","?","M","R","BOSS","?","?","?","?","?","?","?","?","T","T","?","?","?","E","T","BOSS","?","?","?","?","?","T","E","?","MIM","E","?","T","?","?","T","BOSS"],"items_purchased_type":["Potion","Card","Relic","Card","Relic"],"build_version":"2020-12-22","purchased_purges":1,"victory":true,"max_hp_per_floor":[70,70,70,70,70,70,70,70,70,70,70,70,70,70,70,70,70,70,70,70,70,70,70,70,70,70,70,70,70,70,70,70,70,70,70,70,70,70,70,70,70,70,78,88,88,88,88,88,88,88],"card_choices":[{"not_picked":["theMarked:BanishingStrike","theMarked:Improvise","theMarked:SwordAndMagic"],"picked":"SKIP","floor":1},{"not_picked":["theMarked:Parkour","theMarked:Aftermath"],"picked":"theMarked:HeritageOfTheMarked","floor":4},{"not_picked":["theMarked:ContemptForTheProud","theMarked:EmpowerWeapon"],"picked":"theMarked:PowerFlow","floor":5},{"not_picked":["theMarked:Indomitable","theMarked:ResourceFulStrike","theMarked:RepellingDischarge"],"picked":"SKIP","floor":8},{"not_picked":["theMarked:WastefulAttack","theMarked:BanishingStrike"],"picked":"theMarked:EmpowerWeapon","floor":9},{"not_picked":["theMarked:Aftermath","theMarked:EnhancedHearing","theMarked:LightningStrikesTwice"],"picked":"SKIP","floor":12},{"not_picked":["theMarked:Frustration","theMarked:StartUp"],"picked":"theMarked:BanishingWave","floor":13},{"not_picked":["theMarked:SwordAndMagic","theMarked:TunnelVision"],"picked":"theMarked:Static+1","floor":14},{"not_picked":["theMarked:Defy","theMarked:DispelDoubt"],"picked":"theMarked:Challenge+1","floor":16},{"not_picked":["theMarked:HeightenedSenses+1","theMarked:WastefulAttack"],"picked":"theMarked:HeritageOfTheMarked","floor":18},{"not_picked":["theMarked:RogueSparks","theMarked:WastefulAttack"],"picked":"theMarked:WardOff+1","floor":20},{"not_picked":["theMarked:TwofoldDefense+1","theMarked:BanishingStrike"],"picked":"theMarked:GodGivenPower+1","floor":21},{"not_picked":["theMarked:Improvise+1","theMarked:RepellingDischarge+1"],"picked":"theMarked:ReduceFriction+1","floor":23},{"not_picked":["theMarked:MagicAdept","theMarked:BanishingWave"],"picked":"theMarked:Electrocute+1","floor":24},{"not_picked":["theMarked:ResourceFulStrike","theMarked:LightningStrikesTwice+1"],"picked":"theMarked:TwofoldDefense+1","floor":25},{"not_picked":["theMarked:TwofoldDefense+1","theMarked:WardOff+1","theMarked:EmpowerWeapon+1"],"picked":"SKIP","floor":29},{"not_picked":["theMarked:DeterminationOfTheMarked","theMarked:FavorableWinds+1"],"picked":"theMarked:Reabsorb+1","floor":31},{"not_picked":["theMarked:MuscleMemory","theMarked:ThrowWeapon"],"picked":"theMarked:BindingBlade+1","floor":33},{"not_picked":["theMarked:Electrocute+1","theMarked:WastefulDefense+1","theMarked:TwofoldDefense+1"],"picked":"SKIP","floor":35},{"not_picked":["theMarked:BanishingStrike+1","theMarked:MysticalArsenal","theMarked:Generate+1"],"picked":"SKIP","floor":37},{"not_picked":["theMarked:Electrocute+1","theMarked:Aftermath+1"],"picked":"theMarked:EnhanceMovement+1","floor":41},{"not_picked":["theMarked:Panic+1","theMarked:RepellingDischarge+1","theMarked:HeightenedSenses+1"],"picked":"SKIP","floor":42},{"not_picked":["theMarked:ElectricStrings","theMarked:Panic+1","theMarked:Aftermath+1"],"picked":"SKIP","floor":44},{"not_picked":["theMarked:WastefulAttack","theMarked:Static+1"],"picked":"theMarked:MaelstromOfLightning+1","floor":47}],"player_experience":1046111,"relics_obtained":[{"floor":9,"key":"Bag of Marbles"},{"floor":13,"key":"hubris:ToyBattleship"},{"floor":23,"key":"hubris:Teleporter"},{"floor":23,"key":"hubris:CuriousFeather"},{"floor":26,"key":"Garlic"},{"floor":31,"key":"Replay:Towering Pillar of Hats"},{"floor":38,"key":"Ring of Misfortune"},{"floor":38,"key":"Ring of Peace"},{"floor":41,"key":"CCEMRelics:SpiritsEdge"},{"floor":43,"key":"hubris:Spice"},{"floor":44,"key":"Pear"}],"event_choices":[{"damage_healed":0,"gold_gain":221,"player_choice":"GO RE GO ","damage_taken":35,"relics_obtained":["StuffTheSpire:HeavyRock"],"max_hp_gain":0,"max_hp_loss":0,"event_name":"betterSkull:BetterSkull","floor":3,"gold_loss":0,"cards_upgraded":[]}],"is_beta":false,"boss_relics":[{"not_picked":["Tiny House","Astrolabe"],"picked":"Replay:Grab Bag"},{"not_picked":["ReplayTheSpireMod:Onyx Gauntlets","ReplayTheSpireMod:DimensionalGlitch"],"picked":"hubris:VirtuousBlindfold"},{"not_picked":["Replay:Bronze Core","conspire:SlowCooker"],"picked":"Painkiller Herb"},{"not_picked":["construct:ClawGrip","aspiration:RitualDagger"],"picked":"SlaversCollar"},{"not_picked":["hubris:ScarierMask","aspiration:WatcherSkillbook"],"picked":"aspiration:MobileForge"},{"not_picked":["Pandora\u0027s Box","theMarked:Eyepatch"],"picked":"Empty Cage"}],"items_purged_floors":[48],"is_endless":false,"potions_floor_spawned":[8,13,14,16,20,23,35,37,42],"ascension_level":0}}