{"host":"p4yrwepmrl4g8pul","time":1609297047,"event":{"mods":["Act Like it!","BaseMod","BetterRewards","Colored Map","Custom Start","Gensokyo","Marisa£®ÏF”Í°°ƒß¿Ì…≥£©","Minty Spire (QoL Compilation)","Quick Restart","Rare Cards Sparkle","Reimu£®≤©¿ˆ¡È√Œ£©","Remilia£®¿Ÿ√◊¿Ú—«£©","Remove Card Discount Mod","Shop Mod","StSLib","The Jungle"],"gold_per_floor":[132,132,200,200,275,275,376,12,12,126,126,124,124,179,179,410,410,465,465,530,263,78,185,185,185,212,212,212,50,50,102,102,343,343,376,376,394,261,286,286,335,377,403,501,501,501],"floor_reached":47,"playtime":1198,"items_purged":["CasketOfStar","TreasureHunter","CollectingQuirk","SatelliteIllusion","EscapeVelocity","ManaRampage","Injury","BinaryStars","SuperNova","AbsoluteMagnitude","MaximisePower","BlazingStar","BigCrunch","StarDustReverie","MillisecondPulsars","FinalSpark","JA","OpenUniverse"],"score":2367,"play_id":"e9b649c9-6291-4c58-936c-4e2731b0f611","local_time":"20201230105727","daily_mods":["Shiny","Blue Cards","Midas"],"is_ascension_mode":true,"campfire_choices":[{"floor":6.0,"key":"REST"},{"floor":11.0,"key":"REST"},{"floor":13.0,"key":"REST"},{"floor":15.0,"key":"REST"},{"floor":24.0,"key":"REST"},{"floor":27.0,"key":"REST"},{"floor":32.0,"key":"REST"},{"floor":40,"key":"REST"}],"circlet_count":0,"master_deck":["AscendersBane","UltimateShortwave","Finesse","MilkyWay","ChargeUpSpray","Parasite","Parasite","Deep Breath+1","Impatience+1"],"relics":["MiniHakkero","Golden Idol","Bag of Preparation","ShroomBag","InkBottle","theJungle:Creamberry","Mummified Hand","CeramicFish","Membership Card","Black Star","Matryoshka","HornCleat","Strawberry","The Courier","Omamori","RuthlessExorcism:ReiMu","ScarletDevilRocket"],"acts_visited":["Exordium","Exordium","TheBeyond"],"potions_floor_usage":[46],"damage_taken":[{"damage":0.0,"enemies":"2 Louse","floor":1.0,"turns":2.0},{"damage":51.0,"enemies":"Gremlin Nob","floor":7.0,"turns":4.0},{"damage":0.0,"enemies":"3 Sentries","floor":10.0,"turns":2.0},{"damage":0.0,"enemies":"Jaw Worm","floor":14.0,"turns":1.0},{"damage":0.0,"enemies":"The Guardian","floor":16.0,"turns":1.0},{"damage":0.0,"enemies":"theJungle:MUSHROOMGANG","floor":18.0,"turns":2.0},{"damage":0.0,"enemies":"theJungle:5_Spyders","floor":20.0,"turns":2.0},{"damage":0.0,"enemies":"theJungle:MamaSnecko","floor":23.0,"turns":2.0},{"damage":0.0,"enemies":"theJungle:Lyon","floor":31.0,"turns":1.0},{"damage":0.0,"enemies":"theJungle:FunGuy","floor":33.0,"turns":1.0},{"damage":0.0,"enemies":"3 Darklings","floor":35.0,"turns":2.0},{"damage":0,"enemies":"Orb Walker","floor":41,"turns":1},{"damage":0,"enemies":"Jaw Worm Horde","floor":42,"turns":1},{"damage":0,"enemies":"Reptomancer","floor":44,"turns":1},{"damage":0,"enemies":"Awakened One","floor":45,"turns":2},{"damage":6,"enemies":"Time Eater","floor":46,"turns":2}],"seed_played":"-8353170157007023478","potions_obtained":[{"floor":10.0,"key":"Energy Potion"},{"floor":14.0,"key":"AttackPotion"},{"floor":35.0,"key":"LiquidBronze"}],"is_trial":true,"path_per_floor":["M","?","?","?","?","R","E","$","T","E","R","$","R","M","R","B",null,"M","?","M","$","?","E","R","?","T","R","?","$","$","M","R","B",null,"M","?","?","$","T","R","M","M","T","E","B","B",null],"character_chosen":"MARISA","items_purchased":["Finesse","MilkyWay","ChargeUpSpray","OpenUniverse","InkBottle","Membership Card","Matryoshka"],"campfire_rested":8,"item_purchase_floors":[8,8,8,8,21,29,38],"current_hp_per_floor":[63,63,63,63,52,70,19,19,19,19,40,40,61,65,70,70,70,70,70,70,70,70,70,70,70,70,70,60,60,60,64,75,75,75,75,75,65,65,72,82,82,82,82,82,82,80],"gold":501,"neow_bonus":"","is_daily":false,"chose_seed":false,"campfire_upgraded":0,"win_rate":0.0,"timestamp":1609297047,"path_taken":["M","?","?","?","?","R","E","$","T","E","R","$","R","?","R","BOSS","M","?","?","$","?","E","R","?","T","R","?","?","$","M","R","BOSS","M","?","?","$","?","R","M","M","T","E","BOSS","BOSS"],"items_purchased_type":["Card","Card","Card","Card","Relic","Relic","Relic"],"build_version":"2020-12-22","purchased_purges":18,"victory":true,"max_hp_per_floor":[70,70,70,70,70,70,70,70,70,70,70,70,70,70,70,70,70,70,70,70,70,70,70,70,70,70,70,75,75,75,75,75,75,75,75,75,75,75,82,82,82,82,82,82,82,82],"card_choices":[{"not_picked":["GrandCross","StarlightTyphoon"],"picked":"6A","floor":1.0},{"not_picked":["FairyDestructionRay","EnergyRecoil","EnergyFlow"],"picked":"SKIP","floor":7.0},{"not_picked":["MysteriousBeam","Occultation","DarkMatter"],"picked":"SKIP","floor":10.0},{"not_picked":["WitchOfGreed","RefractionSpark","ShootingEcho"],"picked":"SKIP","floor":14.0},{"not_picked":["DarkMatter","OrrerysSun"],"picked":"Acceleration","floor":18.0},{"not_picked":["AlicesGift","PulseMagic+1","WitchOfGreed"],"picked":"SKIP","floor":20.0},{"not_picked":["DC","GravityBeat","GrandCross"],"picked":"SKIP","floor":23.0},{"not_picked":["LuminesStrike","SporeBomb","AsteroidBelt+1"],"picked":"SKIP","floor":31.0},{"not_picked":["SporeBomb+1","GravityBeat","PowerUp"],"picked":"SKIP","floor":35.0},{"not_picked":["Master of Strategy+1","Magnetism+1"],"picked":"Deep Breath+1","floor":37},{"not_picked":["Dark Shackles+1","Good Instincts+1"],"picked":"Impatience+1","floor":37},{"not_picked":["DragonMeteor+1","OortCloud+1","DC+1"],"picked":"SKIP","floor":41},{"not_picked":["SprinkleStarSeal+1","MeteoricShower+1","AsteroidBelt"],"picked":"SKIP","floor":42},{"not_picked":["DarkMatter+1","SuperNova+1","MagicAbsorber+1"],"picked":"SKIP","floor":44}],"player_experience":741355,"relics_obtained":[{"floor":9.0,"key":"Bag of Preparation"},{"floor":10.0,"key":"ShroomBag"},{"floor":23.0,"key":"Mummified Hand"},{"floor":26.0,"key":"CeramicFish"},{"floor":39,"key":"HornCleat"},{"floor":39,"key":"Strawberry"},{"floor":43,"key":"The Courier"},{"floor":43,"key":"Omamori"},{"floor":44,"key":"RuthlessExorcism:ReiMu"},{"floor":44,"key":"ScarletDevilRocket"}],"event_choices":[{"damage_healed":0.0,"max_hp_gain":0.0,"max_hp_loss":0.0,"gold_gain":0.0,"event_name":"Scrap Ooze","player_choice":"Fled","floor":2.0,"gold_loss":0.0,"damage_taken":0.0},{"damage_healed":0.0,"max_hp_gain":0.0,"max_hp_loss":0.0,"gold_gain":68.0,"event_name":"Golden Wing","player_choice":"Gained Gold","floor":3.0,"gold_loss":0.0,"damage_taken":0.0},{"damage_healed":0.0,"max_hp_gain":0.0,"max_hp_loss":0.0,"gold_gain":0.0,"event_name":"Golden Idol","player_choice":"Take Wound","floor":4.0,"gold_loss":0.0,"damage_taken":0.0,"relics_obtained":["Golden Idol"],"cards_obtained":["Injury"]},{"damage_healed":0.0,"max_hp_gain":0.0,"max_hp_loss":0.0,"gold_gain":75.0,"event_name":"World of Goop","player_choice":"Gather Gold","floor":5.0,"gold_loss":0.0,"damage_taken":11.0},{"cards_removed":["6A"],"damage_healed":5.0,"max_hp_gain":0.0,"max_hp_loss":0.0,"gold_gain":0.0,"event_name":"Bonfire Elementals","player_choice":"Offered Common","floor":19.0,"gold_loss":0.0,"damage_taken":0.0},{"cards_removed":["6A"],"damage_healed":5.0,"max_hp_gain":0.0,"max_hp_loss":0.0,"gold_gain":0.0,"event_name":"Bonfire Elementals","player_choice":"Offered Special","floor":19.0,"gold_loss":0.0,"damage_taken":0.0},{"cards_removed":["Acceleration"],"damage_healed":0.0,"max_hp_gain":0.0,"max_hp_loss":0.0,"gold_gain":0.0,"event_name":"Falling","player_choice":"Removed Skill","floor":36.0,"gold_loss":0.0,"damage_taken":0.0},{"damage_healed":0,"gold_gain":0,"player_choice":"Memory 3","damage_taken":10,"max_hp_gain":0,"max_hp_loss":0,"event_name":"SensoryStone","floor":37,"gold_loss":0}],"is_beta":false,"boss_relics":[{"not_picked":[]},{"not_picked":["RampagingMagicTools","Busted Crown"],"picked":"Black Star"}],"items_purged_floors":[8,8,8,8,8,8,8,8,8,8,8,8,8,8,8,8,8,12],"is_endless":false,"potions_floor_spawned":[10,14,16,31,33,35,42],"ascension_level":20}}