{"host":"51fyd6gkml7xavq8","time":1609362856,"event":{"mods":["BaseMod","BetterRewards","Colored Map","Energized Spire","Infinite Spire","Minty Spire (QoL Compilation)","Replay The Spire","Shop Mod","Spicy Shops","StSLib","The Blue Laboratory","[IsaacMod]????"],"gold_per_floor":[112,37,53,53,128,128,143,153,153,103,115,51,67,80,80,175,175,190,202,123,123,134,134,151,238,238,238,244,244],"floor_reached":28,"playtime":1198,"items_purged":["Dualcast","Writhe","Panic Button"],"score":233,"play_id":"7d62f744-930d-4047-8af5-3ba08f64c344","local_time":"20201230181416","is_ascension_mode":true,"campfire_choices":[{"data":"Zap","floor":6,"key":"SMITH"},{"data":"Lockon","floor":15,"key":"SMITH"},{"data":"Buffer","floor":23,"key":"SMITH"}],"circlet_count":0,"master_deck":["Strike_B+1","Strike_B+1","Defend_B+1","Defend_B+1","Defend_B+1","Defend_B+1","Zap+1","Ball Lightning","Lockon+1","Buffer+1","Ball Lightning","Echo Form","Echo Form"],"relics":["Cracked Core","HushsDoor","YumHeart","Incense Burner","ReplayTheSpireMod:CursedCoin","MerchantsRug","Replay:Bandana"],"acts_visited":["Exordium","TheCity"],"potions_floor_usage":[],"damage_taken":[{"damage":11,"enemies":"Small Slimes","floor":1,"turns":3},{"damage":2,"enemies":"Jaw Worm","floor":3,"turns":3},{"damage":6,"enemies":"2 Louse","floor":7,"turns":2},{"damage":2,"enemies":"Looter","floor":8,"turns":4},{"damage":4,"enemies":"Exordium Wildlife","floor":11,"turns":5},{"damage":0,"enemies":"Blue Slaver","floor":13,"turns":3},{"damage":11,"enemies":"Looter","floor":14,"turns":3},{"damage":57,"enemies":"Slime Boss","floor":16,"turns":10},{"damage":2,"enemies":"Chosen","floor":18,"turns":4},{"damage":0,"enemies":"2 Thieves","floor":19,"turns":1},{"damage":43,"enemies":"Centurion and Healer","floor":22,"turns":6},{"damage":0,"enemies":"Sentry and Sphere","floor":24,"turns":5},{"damage":42,"enemies":"Slavers","floor":28,"turns":2}],"seed_played":"6649356899469018870","potions_obtained":[{"floor":7,"key":"blueLaboratory:PlasmaFuel"},{"floor":8,"key":"Swift Potion"},{"floor":14,"key":"blueLaboratory:RelayPotion"},{"floor":16,"key":"SteroidPotion"}],"is_trial":false,"path_per_floor":["M","$","M","?","?","R","M","M","T","?","M","$","M","M","R","B",null,"M","M","$","?","M","R","M","?","T","$","E"],"character_chosen":"DEFECT","items_purchased":["ReplayTheSpireMod:CursedCoin","MerchantsRug","Echo Form"],"campfire_rested":0,"item_purchase_floors":[12,12,20],"current_hp_per_floor":[64,64,62,55,44,44,63,61,61,61,57,57,57,71,71,14,75,73,73,73,73,55,55,55,40,40,40,0,0],"gold":244,"neow_bonus":"","is_daily":false,"chose_seed":false,"campfire_upgraded":3,"win_rate":0.0,"timestamp":1609362856,"path_taken":["M","$","M","?","?","R","?","M","T","?","M","$","M","M","R","BOSS","M","M","$","?","?","R","?","?","T","$","E"],"items_purchased_type":["Relic","Relic","Card"],"build_version":"2020-12-22","purchased_purges":3,"victory":false,"max_hp_per_floor":[75,75,75,75,75,75,75,75,75,75,75,75,75,75,75,75,75,75,75,75,75,75,75,75,75,75,75,75,75],"card_choices":[{"not_picked":["Compile Driver","Stack"],"picked":"Bomb","floor":1},{"not_picked":["Conserve Battery","Rebound"],"picked":"Ball Lightning","floor":3},{"not_picked":["Lockon","Rip and Tear","Fusion"],"picked":"SKIP","floor":7},{"not_picked":["Reinforced Body","Lockon"],"picked":"Bomb","floor":8},{"not_picked":["Rebound","Skim","Turbo"],"picked":"SKIP","floor":11},{"not_picked":["Darkness","Rip and Tear","Sunder"],"picked":"SKIP","floor":13},{"not_picked":["Cancel","FTL"],"picked":"Lockon","floor":14},{"not_picked":["Thunder Strike","All For One"],"picked":"Buffer","floor":16},{"not_picked":["Panic Button","Redo+1"],"picked":"Ball Lightning","floor":18},{"not_picked":["Turbo","ReplayTheSpireMod:GoodbyeWorld+1"],"picked":"Panic Button","floor":19},{"not_picked":["Conserve Battery","Stack+1","Rainbow"],"picked":"SKIP","floor":22},{"not_picked":["Scrape","Leap","Cold Snap"],"picked":"SKIP","floor":24}],"player_experience":429120,"relics_obtained":[{"floor":9,"key":"Incense Burner"},{"floor":26,"key":"Replay:Bandana"}],"event_choices":[{"cards_removed":["Strike_B"],"damage_healed":0,"gold_gain":0,"player_choice":"Card Removal","damage_taken":7,"max_hp_gain":0,"max_hp_loss":0,"event_name":"Golden Wing","floor":4,"gold_loss":0},{"damage_healed":0,"gold_gain":75,"player_choice":"Gather Gold","damage_taken":11,"max_hp_gain":0,"max_hp_loss":0,"event_name":"World of Goop","floor":5,"gold_loss":0},{"cards_removed":["Strike_B"],"damage_healed":0,"gold_gain":0,"player_choice":"Card Removal","damage_taken":0,"max_hp_gain":0,"max_hp_loss":0,"event_name":"The Cleric","floor":10,"gold_loss":50},{"damage_healed":0,"gold_gain":0,"player_choice":"Simplicity","damage_taken":0,"max_hp_gain":0,"max_hp_loss":0,"event_name":"Back to Basics","floor":21,"gold_loss":0,"cards_upgraded":["Strike_B","Strike_B","Defend_B","Defend_B","Defend_B","Defend_B"]}],"is_beta":false,"boss_relics":[{"not_picked":["ReplayTheSpireMod:DimensionalGlitch","Sozu"],"picked":"Replay:Ancient Bell"},{"not_picked":[]}],"items_purged_floors":[2,12,20],"is_endless":false,"potions_floor_spawned":[7,8,14,16],"killed_by":"Slavers","ascension_level":2}}