{"host":"m4gez01cdgxblqzl","time":1609345756,"event":{"mods":["2.2 Compatiblity","AchievementEnabler","Act Like it!","Aspiration","BaseMod","Better Altar","Better Match","Better Note","Better Sensory Stone","Better Skull","Better Third Choice","BetterRewards","CCEM","Challenge The Spire","Clawfect","Colored Powertips","Conspire","Downfall","GifTheSpireLib","Glutton Mod","Halation","Hermit","Hubris","Infinite Spire","Jedi Mod","Minty Spire (QoL Compilation)","Permanent Neow","READ ME - Guardian Mod","RatMod","Replay The Spire","Shade Mod","Shop Mod","Spicy Shops","Spikes Relics","StSLib","Stuff the Spire","The Blue Laboratory","The Construct","The Jungle","The Problem Sleuth","The Runesmith","The Spell Scribe","Trackpad","Unceasing Turn Reminder","Unknown Chances","everything is the same but u backflip on backflip","vexMod"],"gold_per_floor":[12,12,31,31,42,76,76,1,1,29,48,48,74,84,84,185,185,196,196,133,133,73,73,73,73,73,73,73,73,73,73,73,73,73,73,73,73,73,73,73,73,0,0,0,0,0,0,0,0,0],"floor_reached":51,"playtime":4471,"items_purged":["Regret","Replay:Hysterical Blindness","Shame"],"score":613,"play_id":"27a42eb2-4157-4b60-a79f-31d2c379156f","local_time":"20201230102916","is_ascension_mode":false,"campfire_choices":[{"data":"Infernal Blade","floor":7,"key":"SMITH"},{"data":"Seeing Red","floor":12,"key":"SMITH"},{"floor":15,"key":"REST"},{"data":"Eclipse","floor":24,"key":"SMITH"},{"data":"Shockwave","floor":28,"key":"SMITH"},{"data":"Armaments","floor":32,"key":"SMITH"},{"data":"jedi:MakeshiftSword","floor":46,"key":"SMITH"}],"circlet_count":0,"master_deck":["Strike_R","Strike_R","Strike_R","Defend_R","Defend_R","Defend_R","Defend_R","Bash","Twin Strike","Iron Wave","Infernal Blade+1","Seeing Red+1","Sentinel","Iron Wave","Armaments+1","Shockwave+1","Eclipse+1","ReplayTheSpireMod:Splinters","Clothesline","StuffTheSpire:FreeRealEstate+1","StuffTheSpire:Resist","hubris:ReadiedAction","Thunderclap+1","Intimidate+1","StuffTheSpire:CuriosityCurse","conspire:ExplosiveBarrier","Infernal Blade+1","Choke","Sucker Punch","Underhanded Strike","Feel No Pain+1","jedi:MakeshiftSword+1","Dark Embrace+1","Perfected Strike+1","Rampage+1","Replay:Undeath\u0027s Touch"],"relics":["Burning Blood","vexMod:RedPlottingStone","StuffTheSpire:RedRose","halation:PinkSoulGem","hubris:Spice","infinitespire:Beetle Shell","hubris:ChampionShield","Replay:Bottled Snecko","Replay:Ancient Bell","MealTicket","jedi:heavyjacket","Mango","Replay:Bottled Flurry","halation:LostSnail","jedi:ominousloannote","trackpad:PetRock","hubris:Backtick","Juzu Bracelet","hubris:Towel","Replay:Towering Pillar of Hats","Red Mask","RollingBoulder","StuffTheSpire:GreaterSneckoEye"],"acts_visited":["Exordium","TheCity","TheBeyond"],"potions_floor_usage":[6,40,40,50],"damage_taken":[{"damage":2,"enemies":"2 Louse","floor":1,"turns":4},{"damage":14,"enemies":"Jaw Worm","floor":3,"turns":5},{"damage":2,"enemies":"Small Slimes","floor":5,"turns":3},{"damage":20,"enemies":"3 Sentries","floor":6,"turns":8},{"damage":11,"enemies":"Gremlin Nob","floor":10,"turns":3},{"damage":5,"enemies":"Exordium Wildlife","floor":11,"turns":4},{"damage":21,"enemies":"Lagavulin","floor":13,"turns":6},{"damage":2,"enemies":"Blue Slaver","floor":14,"turns":3},{"damage":22,"enemies":"Fading Forest","floor":16,"turns":11},{"damage":0,"enemies":"Shell Parasite","floor":18,"turns":4},{"damage":5,"enemies":"2 Thieves","floor":22,"turns":4},{"damage":10,"enemies":"Book of Stabbing","floor":23,"turns":7},{"damage":18,"enemies":"Centurion and Healer","floor":25,"turns":6},{"damage":5,"enemies":"Shelled Parasite and Fungi","floor":31,"turns":4},{"damage":80,"enemies":"Champ","floor":33,"turns":10},{"damage":0,"enemies":"Orb Walker","floor":35,"turns":4},{"damage":5,"enemies":"3 Darklings","floor":39,"turns":4},{"damage":48,"enemies":"Giant Head","floor":40,"turns":9},{"damage":0,"enemies":"Writhing Mass","floor":44,"turns":5},{"damage":14,"enemies":"4 Shapes","floor":45,"turns":5},{"damage":5,"enemies":"Maw","floor":48,"turns":7},{"damage":26,"enemies":"Replay:Hell Engine","floor":50,"turns":9}],"seed_played":"-3086217449693673783","potions_obtained":[{"floor":3,"key":"blueLaboratory:FruitPunch"},{"floor":5,"key":"blueLaboratory:BubblePotion"},{"floor":10,"key":"CultistPotion"},{"floor":11,"key":"ElixirPotion"},{"floor":16,"key":"blueLaboratory:Moonshine"},{"floor":35,"key":"BloodPotion"},{"floor":40,"key":"BlessingOfTheForge"},{"floor":44,"key":"blueLaboratory:BottleOfRum"}],"is_trial":false,"path_per_floor":["M","?","M","?","M","E","R","$","T","E","M","R","E","M","R","B",null,"M","?","$","?","M","E","R","M","T","?","R","?","$","M","R","B",null,"M","?","?","?","M","E","$","?","T","M","M","R","?","M","R","B",null],"character_chosen":"IRONCLAD","items_purchased":["halation:LostSnail","jedi:ominousloannote","StuffTheSpire:FreeRealEstate","StuffTheSpire:Resist"],"campfire_rested":1,"item_purchase_floors":[20,20,20,20],"current_hp_per_floor":[80,80,72,72,76,72,72,72,72,67,68,68,53,57,84,68,104,104,104,104,104,104,108,108,96,96,96,96,96,104,104,104,30,104,104,104,104,104,104,82,97,97,97,103,95,95,75,76,104,84],"gold":0,"neow_bonus":"ONE_RARE_RELIC","is_daily":false,"chose_seed":false,"campfire_upgraded":6,"win_rate":0.0,"timestamp":1609345756,"path_taken":["M","?","M","?","M","E","R","$","T","E","M","R","E","?","R","BOSS","M","?","?","?","?","E","R","M","T","?","R","?","?","M","R","BOSS","M","?","?","?","M","E","$","?","T","M","M","R","?","M","R","BOSS"],"items_purchased_type":["Relic","Relic","Card","Card"],"build_version":"2020-12-22","purchased_purges":3,"victory":true,"max_hp_per_floor":[80,80,80,80,80,90,90,90,90,90,90,90,90,90,90,90,104,104,104,104,104,104,112,112,112,104,104,104,104,104,104,104,104,104,104,104,104,104,104,104,104,104,104,104,104,104,104,104,104,104],"card_choices":[{"not_picked":["Clothesline","jedi:suffering"],"picked":"Twin Strike","floor":1},{"not_picked":["Wild Strike","Pommel Strike"],"picked":"Iron Wave","floor":3},{"not_picked":["Combust","Wild Strike"],"picked":"Infernal Blade","floor":5},{"not_picked":["True Grit","Anger"],"picked":"Seeing Red","floor":6},{"not_picked":["True Grit","Berserk"],"picked":"Sentinel","floor":10},{"not_picked":["Uppercut","Combust"],"picked":"Iron Wave","floor":11},{"not_picked":["Second Wind","Sever Soul"],"picked":"Armaments","floor":13},{"not_picked":["Perfected Strike","Sword Boomerang"],"picked":"Shockwave","floor":14},{"not_picked":["hubris:StunningStrike","Fiend Fire"],"picked":"Eclipse","floor":16},{"not_picked":["CurseOfTheBell","Guardian:Aged"],"picked":"Shame","floor":17},{"not_picked":["theSleuth:FrighteningBeast","Decay"],"picked":"ReplayTheSpireMod:Splinters","floor":17},{"not_picked":["jedi:BattleThirst","ReplayTheSpireMod:IOU"],"picked":"Replay:Hysterical Blindness","floor":17},{"not_picked":["Anger","Sword Boomerang+1"],"picked":"Clothesline","floor":18},{"not_picked":["Havoc+1","Anger"],"picked":"hubris:ReadiedAction","floor":22},{"not_picked":["Cleave+1","True Grit"],"picked":"Thunderclap+1","floor":23},{"not_picked":["Whirlwind","hubris:ReadiedAction"],"picked":"Intimidate+1","floor":25},{"not_picked":["jedi:fear","Cleave"],"picked":"conspire:ExplosiveBarrier","floor":31},{"not_picked":["hubris:SpiceAddiction","Eclipse"],"picked":"hubris:StunningStrike","floor":33},{"not_picked":["Sword Boomerang+1","Warcry"],"picked":"Infernal Blade+1","floor":35},{"not_picked":["Headbutt","jedi:collectorstrike"],"picked":"jedi:MakeshiftSword","floor":39},{"not_picked":["hubris:SpiceAddiction","hubris:SpiceAddiction"],"picked":"Dark Embrace+1","floor":40},{"not_picked":["Disarm+1","StuffTheSpire:RockThrow+1"],"picked":"Perfected Strike+1","floor":44},{"not_picked":["Sword Boomerang+1","hubris:SpiceAddiction"],"picked":"Rampage+1","floor":45},{"not_picked":["Offering","hubris:SpiceAddiction"],"picked":"Replay:Undeath\u0027s Touch","floor":48}],"player_experience":36756,"relics_obtained":[{"floor":6,"key":"hubris:Spice"},{"floor":9,"key":"infinitespire:Beetle Shell"},{"floor":10,"key":"hubris:ChampionShield"},{"floor":13,"key":"Replay:Bottled Snecko"},{"floor":19,"key":"Replay:Bottled Flurry"},{"floor":23,"key":"hubris:Spice"},{"floor":26,"key":"hubris:Spice"},{"floor":40,"key":"Replay:Towering Pillar of Hats"},{"floor":43,"key":"RollingBoulder"},{"floor":47,"key":"StuffTheSpire:GreaterSneckoEye"}],"event_choices":[{"damage_healed":0,"gold_gain":0,"player_choice":"Relic","damage_taken":0,"max_hp_gain":0,"max_hp_loss":0,"event_name":"Wheel of Change","floor":19,"gold_loss":0},{"damage_healed":0,"gold_gain":0,"player_choice":"Upgraded","damage_taken":0,"max_hp_gain":0,"max_hp_loss":0,"event_name":"Upgrade Shrine","floor":21,"gold_loss":0,"cards_upgraded":["StuffTheSpire:FreeRealEstate"]},{"damage_healed":0,"gold_gain":0,"player_choice":"Bought 0 Potions","damage_taken":0,"max_hp_gain":0,"max_hp_loss":0,"event_name":"The Woman in Blue","floor":27,"gold_loss":0},{"damage_healed":0,"gold_gain":0,"player_choice":"Paid","damage_taken":0,"relics_obtained":["Red Mask"],"max_hp_gain":0,"max_hp_loss":0,"event_name":"Tomb of Lord Red Mask","floor":42,"gold_loss":73}],"is_beta":false,"boss_relics":[{"not_picked":["hubris:Spice","vexMod:EndlessSickness"],"picked":"Replay:Ancient Bell"},{"not_picked":["Dream Catcher","hubris:Spice"],"picked":"MealTicket"},{"not_picked":["hubris:Spice","jedi:Pinwheel"],"picked":"jedi:heavyjacket"},{"not_picked":["CCEMRelics:WarHorn","FossilizedHelix"],"picked":"Mango"},{"not_picked":["hubris:Spice","hubris:Spice"],"picked":"hubris:Backtick"}],"items_purged_floors":[8,20,20],"is_endless":false,"potions_floor_spawned":[3,5,10,11,16,23,25,31,35,40,44,48],"ascension_level":0}}