{"host":"6vv0uythevi5qk1w","time":1609317203,"event":{"mods":["Act Like it!","BaseMod","Downfall","Gensokyo","Minty Spire (QoL Compilation)","Remilia£®¿Ÿ√◊¿Ú—«£©","StSLib"],"gold_per_floor":[117,132,2,16,16,16,50,67,90,90,106,139,39,65,65,160,160,174,174,28,44,304,304,0,31,54,54,76,76,103,137,137,253,253,277,277,7,19,47,47,240,240,240,253,25,64,88,88,88,88,88,88,125,125],"floor_reached":56,"playtime":4382,"items_purged":["Strike_B"],"score":2200,"play_id":"d725d858-7499-478f-a659-63d10260aa3b","local_time":"20201230163323","is_ascension_mode":true,"campfire_choices":[{"data":"Recycle","floor":6.0,"key":"SMITH"},{"data":"Turbo","floor":15.0,"key":"SMITH"},{"data":"Buffer","floor":23.0,"key":"SMITH"},{"data":"Heatsinks","floor":27.0,"key":"SMITH"},{"floor":29.0,"key":"REST"},{"data":"Amplify","floor":32.0,"key":"SMITH"},{"data":"Heatsinks","floor":41.0,"key":"SMITH"},{"floor":49.0,"key":"RECALL"},{"data":"Panache","floor":52.0,"key":"SMITH"}],"circlet_count":0,"master_deck":["Strike_B+1","Strike_B","Strike_B+1","Defend_B","Defend_B","Defend_B+1","Defend_B+1","Zap+1","Panache+1","Heatsinks+1","Recycle+1","Turbo+1","Heatsinks","Heatsinks+1","Skim+1","Buffer+1","Chill+1","Capacitor+1","Echo Form","Skim+1","Creative AI","Turbo+1","Storm","Amplify+1","Reboot","Coolheaded+1","Hologram+1","Seek","Turbo+1","Hologram"],"relics":["Cracked Core","Gensokyo:PortableGap","Nunchaku","Ancient Tea Set","Gensokyo:Justice","FossilizedHelix","Toy Ornithopter","Letter Opener","Unceasing Top","Philosopher\u0027s Stone","Gensokyo:RedStar","War Paint","CeramicFish","Girya","Orichalcum","Nuclear Battery","Bird Faced Urn","Runic Capacitor","Art of War","Anchor","Gremlin Horn","Darkstone Periapt","Guardian:GemstoneGun","Lantern","Whetstone","Pen Nib"],"acts_visited":["Exordium","Gensokyo:Gensokyo","Gensokyo:Gensokyoer","TheEnding"],"potions_floor_usage":[55,55],"damage_taken":[{"damage":0.0,"enemies":"Gensokyo:3_Fairies","floor":1.0,"turns":4.0},{"damage":7.0,"enemies":"Gensokyo:Python","floor":2.0,"turns":3.0},{"damage":15.0,"enemies":"Gensokyo:Gryphon","floor":4.0,"turns":4.0},{"damage":10.0,"enemies":"Gensokyo:Mamizou","floor":7.0,"turns":9.0},{"damage":8.0,"enemies":"Gensokyo:2_Rabbits","floor":8.0,"turns":5.0},{"damage":6.0,"enemies":"Gensokyo:Gryphon_and_Rabbit","floor":11.0,"turns":3.0},{"damage":0.0,"enemies":"Gensokyo:Aya","floor":12.0,"turns":4.0},{"damage":0.0,"enemies":"Gensokyo:Cirno","floor":14.0,"turns":4.0},{"damage":0.0,"enemies":"Gensokyo:Reimu","floor":16.0,"turns":6.0},{"damage":0.0,"enemies":"Gensokyo:AngelMirror","floor":18.0,"turns":3.0},{"damage":22.0,"enemies":"Gensokyo:3_Dogs","floor":21.0,"turns":5.0},{"damage":9.0,"enemies":"Gensokyo:Slime_Group","floor":22.0,"turns":4.0},{"damage":23.0,"enemies":"Gensokyo:Koishi","floor":25.0,"turns":6.0},{"damage":0.0,"enemies":"Gensokyo:Monolith_and_Dog","floor":28.0,"turns":2.0},{"damage":0.0,"enemies":"Gensokyo:Swordslinger","floor":30.0,"turns":4.0},{"damage":0.0,"enemies":"Gensokyo:Reisen","floor":31.0,"turns":4.0},{"damage":0.0,"enemies":"Gensokyo:Eiki","floor":33.0,"turns":5.0},{"damage":0.0,"enemies":"Gensokyo:3_Boulders","floor":35.0,"turns":1.0},{"damage":0.0,"enemies":"Gensokyo:3_Bats","floor":39.0,"turns":2.0},{"damage":18.0,"enemies":"Gensokyo:Kasen","floor":40.0,"turns":5.0},{"damage":0.0,"enemies":"Gensokyo:Doremy","floor":42.0,"turns":3.0},{"damage":0.0,"enemies":"Gensokyo:Sharpion","floor":45.0,"turns":4.0},{"damage":0.0,"enemies":"Gensokyo:Kasen","floor":47.0,"turns":3.0},{"damage":0.0,"enemies":"Gensokyo:Dusk_and_Dawn","floor":48.0,"turns":2.0},{"damage":0.0,"enemies":"Gensokyo:Scarlet_Devils","floor":50.0,"turns":3.0},{"damage":0.0,"enemies":"Shield and Spear","floor":54.0,"turns":2.0},{"damage":29,"enemies":"The Heart","floor":55,"turns":6}],"seed_played":"2220598617938421418","potions_obtained":[{"floor":2.0,"key":"champ:CounterPotion"},{"floor":4.0,"key":"Block Potion"},{"floor":8.0,"key":"AttackPotion"},{"floor":12.0,"key":"Explosive Potion"},{"floor":18.0,"key":"FearPotion"},{"floor":30.0,"key":"FearPotion"},{"floor":31.0,"key":"champ:CounterPotion"},{"floor":33.0,"key":"SkillPotion"},{"floor":40.0,"key":"AttackPotion"},{"floor":42.0,"key":"EntropicBrew"}],"is_trial":false,"path_per_floor":["M","M","COS","M","?","R","E","M","T","?","M","E","?","E","R","B",null,"M","?","COS","M","M","R","?","E","T","R","M","R","M","E","R","B",null,"M","?","COS","M","E","R","E","T","M","M","$","E","M","R","B",null,"R","$","E","B",null],"character_chosen":"DEFECT","items_purchased":["Lantern"],"campfire_rested":1,"item_purchase_floors":[46],"current_hp_per_floor":[68,61,61,46,46,46,36,28,28,28,22,22,22,22,22,22,52,52,52,52,30,26,26,26,8,8,8,8,26,26,26,26,57,61,59,36,36,56,48,48,56,56,56,56,56,56,56,56,56,56,56,56,56,56],"gold":125,"neow_bonus":"RANDOM_COLORLESS_2","is_daily":false,"chose_seed":false,"campfire_upgraded":7,"win_rate":0.0,"timestamp":1609317203,"path_taken":["M","?","COS","M","?","R","E","M","T","?","?","E","?","E","R","BOSS","M","?","COS","M","M","R","?","E","T","R","M","R","?","E","R","BOSS","M","?","COS","M","E","R","E","T","M","?","?","E","M","R","BOSS","R","$","E","BOSS"],"items_purchased_type":["Relic"],"build_version":"2020-12-22","purchased_purges":1,"victory":true,"max_hp_per_floor":[68,68,68,68,62,62,62,62,62,62,62,62,62,62,62,62,62,62,62,62,62,62,62,62,62,62,62,62,62,62,62,62,62,62,59,59,59,56,56,56,56,56,56,56,56,56,56,56,56,56,56,56,56,56],"card_choices":[{"not_picked":["Chrysalis","Thinking Ahead"],"picked":"Panache","floor":0.0},{"not_picked":["Undo","Streamline"],"picked":"Heatsinks","floor":1.0},{"not_picked":["Redo","Loop"],"picked":"Recycle","floor":2.0},{"not_picked":["Rip and Tear","Stack"],"picked":"Turbo","floor":4.0},{"not_picked":["Darkness","Compile Driver"],"picked":"Heatsinks","floor":7.0},{"not_picked":["Sweeping Beam","Leap"],"picked":"Heatsinks","floor":8.0},{"not_picked":["Heatsinks","Sweeping Beam","Steam"],"picked":"SKIP","floor":11.0},{"not_picked":["Go for the Eyes","Rip and Tear","Cold Snap"],"picked":"SKIP","floor":12.0},{"not_picked":["Go for the Eyes","Rip and Tear","Cold Snap"],"picked":"SKIP","floor":12.0},{"not_picked":["Go for the Eyes","Rip and Tear","Cold Snap"],"picked":"SKIP","floor":12.0},{"not_picked":["Auto Shields","Melter"],"picked":"Skim","floor":14.0},{"not_picked":["Multi-Cast","Amplify"],"picked":"Buffer","floor":16.0},{"not_picked":["Steam","Gash"],"picked":"Chill","floor":18.0},{"not_picked":["Redo","Consume"],"picked":"Capacitor","floor":21.0},{"not_picked":["Ball Lightning+1","Tempest"],"picked":"Echo Form","floor":22.0},{"not_picked":["Leap","Gash"],"picked":"Skim+1","floor":25.0},{"not_picked":["Core Surge","Thunder Strike"],"picked":"Creative AI","floor":25.0},{"not_picked":["Steam","Redo+1"],"picked":"Turbo+1","floor":28.0},{"not_picked":["Ball Lightning","Beam Cell"],"picked":"Storm","floor":30.0},{"not_picked":["Hologram","Beam Cell"],"picked":"Amplify","floor":31.0},{"not_picked":[],"picked":"Gensokyo:ShootingStar","floor":33.0},{"not_picked":["All For One","Rainbow"],"picked":"Reboot","floor":33.0},{"not_picked":["Glacier","Rebound+1"],"picked":"Coolheaded+1","floor":35.0},{"not_picked":["Skim","Steam","Rip and Tear+1"],"picked":"SKIP","floor":39.0},{"not_picked":["Rainbow","Storm","Blizzard"],"picked":"SKIP","floor":40.0},{"not_picked":["Streamline+1","Static Discharge"],"picked":"Hologram+1","floor":42.0},{"not_picked":["Gash+1","Ball Lightning","Redo"],"picked":"SKIP","floor":45.0},{"not_picked":["Go for the Eyes+1","Coolheaded+1"],"picked":"Seek","floor":47.0},{"not_picked":["Barrage+1","Stack"],"picked":"Turbo+1","floor":48.0},{"not_picked":["Sweeping Beam","Go for the Eyes"],"picked":"Hologram","floor":54.0}],"player_experience":459003,"relics_obtained":[{"floor":7.0,"key":"Nunchaku"},{"floor":12.0,"key":"Toy Ornithopter"},{"floor":14.0,"key":"Unceasing Top"},{"floor":25.0,"key":"War Paint"},{"floor":26.0,"key":"CeramicFish"},{"floor":31.0,"key":"Orichalcum"},{"floor":40.0,"key":"Anchor"},{"floor":42.0,"key":"Gremlin Horn"},{"floor":43.0,"key":"Darkstone Periapt"},{"floor":47.0,"key":"Whetstone"},{"floor":54.0,"key":"Pen Nib"}],"event_choices":[],"is_beta":false,"boss_relics":[{"not_picked":["Black Star","SacredBark"],"picked":"Philosopher\u0027s Stone"},{"not_picked":["Snecko Eye","Busted Crown"],"picked":"Nuclear Battery"}],"items_purged_floors":[46],"is_endless":false,"potions_floor_spawned":[2,4,8,12,18,30,31,33,40,42,47,48],"ascension_level":9}}