{"host":"u0f5uy314yz7olfc","time":1609340064,"event":{"mods":["AchievementEnabler","Aspiration","BaseMod","Better Altar","Better Match","Better Note","Better Sensory Stone","Better Skull","Better Third Choice","BetterRewards","Block Reminder","Colored Map","Colored Powertips","DeckTracker","Dota2Spire","Emptier Cage","Gold Saver","Highlight Path","Hubris","Infinite Spire","Marked Mod","Mimic Mod","Minty Spire (QoL Compilation)","Permanent Neow","Quick Restart","Rare Cards Sparkle","Relic Sorter","Replay The Spire","Shop Mod","StSLib","The Bladedancer","The Blue Laboratory","Watcher Patcher"],"gold_per_floor":[437,387,387,387,400,400,429,453,476,494,494,512,512,523,523,624,624,638,638,657,657,677,687,43,43,43,63,97,167,167,167,167,268,268,283,283,283,299,299,299],"floor_reached":39,"playtime":1965,"items_purged":[],"score":474,"play_id":"30fc19e8-3d86-453d-aca5-8c2ac7ed4499","local_time":"20201230215424","is_ascension_mode":false,"campfire_choices":[{"floor":6.0,"key":"RECALL"},{"floor":11.0,"key":"REST"},{"floor":13.0,"key":"REST"},{"floor":15.0,"key":"REST"},{"floor":30.0,"key":"REST"},{"data":"blademaster:AspectOfLightning","floor":32.0,"key":"SMITH"}],"circlet_count":0,"master_deck":["blademaster:Strike","blademaster:Strike","blademaster:Strike","blademaster:Strike","blademaster:Defend","blademaster:Defend","blademaster:Defend","blademaster:Defend","blademaster:RagingBlow","blademaster:HighVoltage","blademaster:AwakeningDefend","blademaster:Stability","DeusExMachina","blademaster:ThreePointStrike","blademaster:FuriousStrike","blademaster:Vortex","blademaster:Meditate","blademaster:DancingEdge","blademaster:CloudOfSteel","blademaster:DaggerAndCloak","blademaster:Cut+1","The Bomb","blademaster:AspectOfLightning+1","blademaster:Quickness","blademaster:Sharpen","blademaster:Blindside","blademaster:Frenzy+1","blademaster:CloudOfSteel","blademaster:Quickness","Panache","blademaster:CullingStrike","Pride","Pride","Pride","blademaster:RollingTyphoon","blademaster:AwakeningDefend+1","blademaster:Momentum","blademaster:ThreePointStrike","blademaster:Cut","blademaster:SharpBlades","hubris:NaturalOne"],"relics":["blademaster:DancersAmulet","betterThird:SlimedRelic","Dota2Spire:BladeMail","hubris:TenFootPole","aspiration:PoetsPen_weak","Strange Spoon","Regal Pillow","hubris:Spice","hubris:BottledHeart","Black Star","hubris:Icosahedron"],"acts_visited":["Exordium","TheCity","TheBeyond"],"potions_floor_usage":[33,35,38],"damage_taken":[{"damage":11.0,"enemies":"Jaw Worm","floor":1.0,"turns":4.0},{"damage":0.0,"enemies":"2 Louse","floor":5.0,"turns":3.0},{"damage":49.0,"enemies":"Gremlin Nob","floor":7.0,"turns":7.0},{"damage":2.0,"enemies":"Small Slimes","floor":10.0,"turns":4.0},{"damage":0.0,"enemies":"3 Louse","floor":12.0,"turns":2.0},{"damage":0.0,"enemies":"Looter","floor":14.0,"turns":2.0},{"damage":24.0,"enemies":"Slime Boss","floor":16.0,"turns":11.0},{"damage":19.0,"enemies":"2 Thieves","floor":18.0,"turns":3.0},{"damage":0.0,"enemies":"Chosen","floor":20.0,"turns":3.0},{"damage":5.0,"enemies":"Snake Plant","floor":22.0,"turns":3.0},{"damage":3.0,"enemies":"Snecko","floor":23.0,"turns":3.0},{"damage":3.0,"enemies":"Shelled Parasite and Fungi","floor":27.0,"turns":2.0},{"damage":33.0,"enemies":"Nightmare","floor":28.0,"turns":5.0},{"damage":0,"enemies":"Automaton","floor":33,"turns":7},{"damage":0,"enemies":"3 Darklings","floor":35,"turns":4},{"damage":0,"enemies":"3 Shapes","floor":38,"turns":3},{"damage":7,"enemies":"Spire Growth","floor":39,"turns":3}],"seed_played":"-4787581993888514179","potions_obtained":[{"floor":1.0,"key":"EssenceOfSteel"},{"floor":10.0,"key":"ColorlessPotion"},{"floor":12.0,"key":"blueLaboratory:BottleOfVodka"},{"floor":14.0,"key":"blueLaboratory:BottledHope"},{"floor":18.0,"key":"blueLaboratory:ExaltedPotion"},{"floor":27.0,"key":"FearPotion"},{"floor":29.0,"key":"EssenceOfSteel"},{"floor":33,"key":"Milkshake"},{"floor":35,"key":"SneckoOil"}],"is_trial":false,"path_per_floor":["M","?","?","?","M","R","E","T","T","M","R","M","R","M","R","B",null,"M","?","M","?","M","M","$","?","T","M","NM","?","R","?","R","B",null,"M","?","?","M","M"],"character_chosen":"THE_BLADEMASTER","items_purchased":["blademaster:AwakeningDefend","blademaster:Sharpen","blademaster:Blindside","blademaster:Frenzy+1","Strange Spoon","blademaster:CloudOfSteel","blademaster:Quickness"],"campfire_rested":4,"item_purchase_floors":[0,24,24,24,24,24,24],"current_hp_per_floor":[64,53,53,61,61,61,12,12,12,10,32,32,54,54,75,51,75,56,56,56,56,51,48,48,48,48,45,20,28,70,1,1,1,1,1,1,1,1,0,0],"gold":299,"neow_bonus":"","is_daily":false,"chose_seed":false,"campfire_upgraded":1,"win_rate":0.0,"timestamp":1609340064,"path_taken":["M","?","?","?","M","R","E","?","T","M","R","M","R","M","R","BOSS","M","?","M","?","?","M","$","?","T","M","NM","?","R","?","R","BOSS","M","?","?","M","M"],"items_purchased_type":["Card","Card","Card","Card","Relic","Card","Card"],"build_version":"2020-12-22","purchased_purges":0,"victory":false,"max_hp_per_floor":[75,75,75,75,75,75,75,75,75,75,75,75,75,75,75,75,75,75,75,75,75,75,75,75,75,75,75,83,91,91,1,1,1,1,1,1,1,1,1,1],"card_choices":[{"not_picked":["blademaster:ParryingStrike","blademaster:Slice"],"picked":"blademaster:Stability","floor":1.0},{"not_picked":["Blind","Omniscience"],"picked":"DeusExMachina","floor":3.0},{"not_picked":["blademaster:LightningCrash","blademaster:Sharpen"],"picked":"blademaster:ThreePointStrike","floor":5.0},{"not_picked":["blademaster:AwakeningDefend","blademaster:IcyWind"],"picked":"blademaster:FuriousStrike","floor":7.0},{"not_picked":["blademaster:AwakeningStrike","blademaster:AspectOfWind"],"picked":"blademaster:Vortex","floor":10.0},{"not_picked":["blademaster:LeechingStrike","blademaster:Momentum"],"picked":"blademaster:Meditate","floor":12.0},{"not_picked":["blademaster:ParryingStrike","blademaster:AwakeningStrike"],"picked":"blademaster:DancingEdge","floor":14.0},{"not_picked":["blademaster:ColdBlood","blademaster:HighVoltage"],"picked":"blademaster:CloudOfSteel","floor":16.0},{"not_picked":["blademaster:Quickness","blademaster:AirSlash"],"picked":"blademaster:DaggerAndCloak","floor":18.0},{"not_picked":["blademaster:Frontflip","blademaster:CombatPrep+1"],"picked":"blademaster:Cut+1","floor":20.0},{"not_picked":["blademaster:TraverseCut","blademaster:BladeDance"],"picked":"blademaster:AspectOfLightning","floor":22.0},{"not_picked":["blademaster:AspectOfWind","blademaster:Flurry"],"picked":"blademaster:Quickness","floor":23.0},{"not_picked":["blademaster:SlyStabs","blademaster:Quickstep"],"picked":"blademaster:CullingStrike","floor":27.0},{"not_picked":["blademaster:Hailwind","blademaster:DragonStrike"],"picked":"blademaster:RollingTyphoon","floor":28.0},{"not_picked":["blademaster:DancingEdge","blademaster:Rupture"],"picked":"blademaster:AwakeningDefend+1","floor":29.0},{"not_picked":["blademaster:Gust","blademaster:Frontflip"],"picked":"blademaster:Momentum","floor":29.0},{"not_picked":["blademaster:BladeDance","blademaster:FlockOfBlades"],"picked":"blademaster:ThreePointStrike","floor":33},{"not_picked":["blademaster:SlyStabs","blademaster:Quickstep"],"picked":"blademaster:Cut","floor":35},{"not_picked":["blademaster:DragonStrike+1","hubris:SpiceAddiction"],"picked":"blademaster:SharpBlades","floor":38}],"player_experience":393771,"relics_obtained":[{"floor":7.0,"key":"Dota2Spire:BladeMail"},{"floor":7.0,"key":"blademaster:RandomBladePerk"},{"floor":9.0,"key":"hubris:TenFootPole"},{"floor":26.0,"key":"Regal Pillow"},{"floor":28.0,"key":"blademaster:FuryEveryTurnPerk"},{"floor":28.0,"key":"hubris:Spice"},{"floor":29.0,"key":"hubris:Spice"}],"event_choices":[{"damage_healed":0.0,"max_hp_gain":0.0,"max_hp_loss":0.0,"gold_gain":0.0,"event_name":"betterThird:BetterGoop","player_choice":"Slimed","floor":2.0,"gold_loss":50.0,"damage_taken":11.0},{"damage_healed":0.0,"max_hp_gain":0.0,"max_hp_loss":0.0,"gold_gain":1.0,"event_name":"betterStone:BetterStone","player_choice":"1","floor":3.0,"gold_loss":0.0,"damage_taken":0.0},{"damage_healed":0.0,"max_hp_gain":0.0,"max_hp_loss":0.0,"gold_gain":0.0,"event_name":"N\u0027loth","player_choice":"Ignored","floor":19.0,"gold_loss":0.0,"damage_taken":0.0},{"cards_removed":["DeusExMachina"],"damage_healed":0.0,"max_hp_gain":0.0,"max_hp_loss":0.0,"gold_gain":0.0,"event_name":"betterNote:BetterNote","player_choice":"Take \u0026 Give","floor":21.0,"gold_loss":0.0,"damage_taken":0.0,"cards_obtained":["The Bomb"]},{"damage_healed":0.0,"max_hp_gain":0.0,"max_hp_loss":0.0,"gold_gain":0.0,"event_name":"The Library","player_choice":"Read","floor":25.0,"gold_loss":0.0,"damage_taken":0.0,"cards_obtained":["Panache"]}],"is_beta":false,"boss_relics":[{"not_picked":["infinitespire:Cupcake","Replay:Drink Me"],"picked":"aspiration:PoetsPen_weak"},{"not_picked":["hubris:Spice","hubris:Spice"],"picked":"Black Star"}],"items_purged_floors":[],"is_endless":true,"potions_floor_spawned":[1,10,12,14,18,27,33,35],"killed_by":"Spire Growth","ascension_level":0}}