{"host":"ohysexhjt9sgbosk","time":1609342494,"event":{"mods":["BaseMod","Colored Map","Colored Powertips","Curses Come First","Evolution","Minty Spire (QoL Compilation)","Rare Cards Sparkle","StSLib"],"gold_per_floor":[119,119,129,129,148,179,179,194,194,194,269,287,140,156,156,252,252,269,287,307,322,332,366,366,366,393,393,393],"floor_reached":27,"playtime":2250,"items_purged":[],"score":299,"play_id":"ba3b52e4-edae-4fa7-90d8-8f0aecabe232","local_time":"20201230083454","is_ascension_mode":true,"campfire_choices":[{"data":"Barricade","floor":7,"key":"SMITH"},{"data":"Pommel Strike","floor":10,"key":"SMITH"},{"data":"Pommel Strike","floor":15,"key":"SMITH"},{"floor":24,"key":"REST"}],"circlet_count":0,"master_deck":["Pommel Strike","Pommel Strike","Pommel Strike","Pommel Strike+1","Pommel Strike+1","True Grit","True Grit","True Grit","Defend_R","Barricade+1","Cleave","Thunderclap","Iron Wave","Sentinel","Iron Wave","Heavy Blade","Warcry","Immolate","Seeing Red","Body Slam+1","Uppercut","Intimidate","Iron Wave","Seeing Red","Bite","Bite","Bite","Bite","Bite"],"relics":["Black Blood","EVO:Axolotl","Anchor","Juzu Bracelet","Bag of Marbles","InkBottle","Dream Catcher"],"acts_visited":["Exordium","TheCity"],"potions_floor_usage":[6,16,16,20,22],"damage_taken":[{"damage":1,"enemies":"Cultist","floor":1,"turns":4},{"damage":10,"enemies":"Small Slimes","floor":3,"turns":2},{"damage":11,"enemies":"Jaw Worm","floor":5,"turns":2},{"damage":5,"enemies":"Lagavulin","floor":6,"turns":11},{"damage":0,"enemies":"Large Slime","floor":8,"turns":4},{"damage":3,"enemies":"Red Slaver","floor":12,"turns":3},{"damage":0,"enemies":"3 Louse","floor":14,"turns":3},{"damage":50,"enemies":"The Guardian","floor":16,"turns":14},{"damage":0,"enemies":"Chosen","floor":18,"turns":5},{"damage":5,"enemies":"3 Byrds","floor":19,"turns":3},{"damage":35,"enemies":"Shelled Parasite and Fungi","floor":20,"turns":13},{"damage":56,"enemies":"Sentry and Sphere","floor":21,"turns":8},{"damage":8,"enemies":"Cultist and Chosen","floor":22,"turns":6},{"damage":10,"enemies":"Slavers","floor":23,"turns":3},{"damage":53,"enemies":"Book of Stabbing","floor":27,"turns":6}],"seed_played":"9075508828431074226","potions_obtained":[{"floor":3,"key":"SpeedPotion"},{"floor":6,"key":"Fire Potion"},{"floor":8,"key":"Energy Potion"},{"floor":16,"key":"ElixirPotion"},{"floor":19,"key":"Weak Potion"},{"floor":20,"key":"Weak Potion"},{"floor":23,"key":"Explosive Potion"}],"is_trial":false,"path_per_floor":["M","?","M","?","M","E","R","M","T","R","?","M","$","M","R","B",null,"M","M","M","M","M","E","R","?","T","E"],"character_chosen":"IRONCLAD","items_purchased":["Bag of Marbles"],"campfire_rested":1,"item_purchase_floors":[13],"current_hp_per_floor":[80,73,69,74,69,70,70,76,76,76,68,71,71,77,77,33,85,85,85,62,18,22,24,49,49,49,0,0],"gold":393,"neow_bonus":"ONE_RANDOM_RARE_CARD","is_daily":false,"chose_seed":false,"campfire_upgraded":3,"win_rate":0.0,"timestamp":1609342494,"path_taken":["M","?","M","?","M","E","R","?","T","R","?","M","$","M","R","BOSS","M","M","M","M","M","E","R","?","T","E"],"items_purchased_type":["Relic"],"build_version":"2020-12-22","purchased_purges":0,"victory":false,"max_hp_per_floor":[80,80,80,85,85,85,85,85,85,85,85,85,85,85,85,85,85,85,85,85,85,85,85,85,59,59,59,59],"card_choices":[{"not_picked":["Blood for Blood","Headbutt"],"picked":"Cleave","floor":1},{"not_picked":["Warcry","Headbutt"],"picked":"Thunderclap","floor":3},{"not_picked":["Cleave","Intimidate"],"picked":"Iron Wave","floor":5},{"not_picked":["Shrug It Off","Dropkick"],"picked":"Sentinel","floor":6},{"not_picked":["Heavy Blade","Cleave"],"picked":"Iron Wave","floor":8},{"not_picked":["Power Through","Wild Strike"],"picked":"Heavy Blade","floor":12},{"not_picked":["Immolate","Seeing Red"],"picked":"Warcry","floor":14},{"not_picked":["Offering","Berserk"],"picked":"Immolate","floor":16},{"not_picked":["Hemokinesis+1","Flex"],"picked":"Seeing Red","floor":18},{"not_picked":["Headbutt","Power Through+1"],"picked":"Body Slam+1","floor":19},{"not_picked":["Pommel Strike+1","Body Slam"],"picked":"Uppercut","floor":20},{"not_picked":["Flex","Clash"],"picked":"Intimidate","floor":21},{"not_picked":["Armaments","Ghostly Armor"],"picked":"Iron Wave","floor":22},{"not_picked":["Carnage","Burning Pact"],"picked":"Seeing Red","floor":23}],"player_experience":38297,"relics_obtained":[{"floor":6,"key":"Anchor"},{"floor":9,"key":"Juzu Bracelet"},{"floor":23,"key":"InkBottle"},{"floor":26,"key":"Dream Catcher"}],"event_choices":[{"cards_removed":["Bash"],"damage_healed":0,"gold_gain":0,"player_choice":"Card Removal","damage_taken":7,"max_hp_gain":0,"max_hp_loss":0,"event_name":"Golden Wing","floor":2,"gold_loss":0},{"damage_healed":0,"gold_gain":0,"player_choice":"Donut","damage_taken":0,"max_hp_gain":5,"max_hp_loss":0,"event_name":"Big Fish","floor":4,"gold_loss":0},{"damage_healed":0,"gold_gain":75,"player_choice":"Touch","damage_taken":8,"max_hp_gain":0,"max_hp_loss":0,"event_name":"FaceTrader","floor":11,"gold_loss":0},{"damage_healed":0,"gold_gain":0,"player_choice":"Became a vampire","damage_taken":0,"max_hp_gain":0,"max_hp_loss":26,"event_name":"Vampires","floor":25,"gold_loss":0,"cards_obtained":["Bite","Bite","Bite","Bite","Bite"]}],"is_beta":false,"boss_relics":[{"not_picked":["Snecko Eye","Velvet Choker"],"picked":"Black Blood"}],"items_purged_floors":[],"is_endless":false,"potions_floor_spawned":[3,6,8,16,19,20,23],"killed_by":"Book of Stabbing","ascension_level":1}}