{"host":"ne0yiqbtx1vmhgo0","time":1609348479,"event":{"mods":["BaseMod","Minty Spire (QoL Compilation)","Replay The Spire","Shop Mod","StSLib","The Bug Knight","The Cursed","The Runesmith","The Servant 0.9.4","UnlockEverythingMod"],"gold_per_floor":[113,63,63,63,63,88,104,104,104,139,158,158,13,60,60,159,159,169,179,194,194,469,469,480,309,309,326,326,338,438,451,451,546,546,565,575,575,299,309,338,358,383,383,383,395,167,187,12,12,12],"floor_reached":51,"playtime":5828,"items_purged":["TheCursedMod:Defend_TheCursed","TheCursedMod:Strike_TheCursed","TheCursedMod:Strike_TheCursed","TheCursedMod:Strike_TheCursed+1","TheCursedMod:Defend_TheCursed"],"score":792,"play_id":"61407121-af91-40f5-94ea-119b3e12a651","local_time":"20201231011439","is_ascension_mode":false,"campfire_choices":[{"floor":8,"key":"REST"},{"data":"TheCursedMod:LuckyCharm","floor":12,"key":"SMITH"},{"data":"TheCursedMod:SpitefulPlan","floor":15,"key":"SMITH"},{"floor":23,"key":"REST"},{"floor":28,"key":"REST"},{"floor":32,"key":"REST"},{"floor":49,"key":"REST"}],"circlet_count":0,"master_deck":["TheCursedMod:CursedWand+1","TheCursedMod:CleanUpWorkshop+1","TheCursedMod:Dregs","TheCursedMod:CursedArmor","TheCursedMod:SpitefulPray","TheCursedMod:SpitefulStrike","TheCursedMod:LuckyCharm+1","TheCursedMod:SpitefulPlan+1","TheCursedMod:CollectTribute","Regret","TheCursedMod:HellfireBreathing+1","TheCursedMod:LuckyCharm+1","TheCursedMod:LuckyCharm"],"relics":["TheCursedMod:BlackMagic101","Pet Ghost","Gambling Chip","TheCursedMod:BloodyHarpoon","White Beast Statue","Empty Cage","Nilry\u0027s Codex","Letter Opener","TungstenRod","Runesmith:Nanobots","Philosopher\u0027s Stone","MerchantsRug","Runesmith:AutoHammer","Onion Ring","Torii"],"acts_visited":["Exordium","TheCity","TheBeyond"],"potions_floor_usage":[27,29,33,39,42,45],"damage_taken":[{"damage":0,"enemies":"Jaw Worm","floor":1,"turns":4},{"damage":31,"enemies":"Gremlin Nob","floor":6,"turns":5},{"damage":0,"enemies":"2 Louse","floor":7,"turns":4},{"damage":17,"enemies":"3 Sentries","floor":10,"turns":9},{"damage":0,"enemies":"Small Slimes","floor":11,"turns":2},{"damage":23,"enemies":"Fading Forest","floor":16,"turns":11},{"damage":3,"enemies":"Spheric Guardian","floor":18,"turns":4},{"damage":31,"enemies":"Cultist and Chosen","floor":19,"turns":17},{"damage":0,"enemies":"Sentry and Sphere","floor":20,"turns":5},{"damage":4,"enemies":"Snecko","floor":24,"turns":6},{"damage":14,"enemies":"Snake Plant","floor":27,"turns":2},{"damage":16,"enemies":"Cultist and Chosen","floor":29,"turns":5},{"damage":8,"enemies":"Colosseum Slavers","floor":30,"turns":4},{"damage":5,"enemies":"Colosseum Nobs","floor":30,"turns":4},{"damage":12,"enemies":"3 Cultists","floor":31,"turns":4},{"damage":8,"enemies":"Champ","floor":33,"turns":8},{"damage":11,"enemies":"3 Shapes","floor":35,"turns":4},{"damage":15,"enemies":"Orb Walker","floor":36,"turns":4},{"damage":0,"enemies":"Maw","floor":39,"turns":7},{"damage":0,"enemies":"Reptomancer","floor":40,"turns":4},{"damage":0,"enemies":"Jaw Worm Horde","floor":41,"turns":4},{"damage":6,"enemies":"Giant Head","floor":42,"turns":7},{"damage":13,"enemies":"3 Darklings","floor":45,"turns":4},{"damage":3,"enemies":"Transient","floor":47,"turns":5},{"damage":52,"enemies":"Awakened One","floor":50,"turns":13}],"seed_played":"-837937520334429047","potions_obtained":[{"floor":1,"key":"LiquidMemories"},{"floor":7,"key":"Death Potion"},{"floor":10,"key":"AttackPotion"},{"floor":11,"key":"Fire Potion"},{"floor":18,"key":"EssenceOfSteel"},{"floor":24,"key":"Cursed Concoction"},{"floor":27,"key":"FearPotion"},{"floor":29,"key":"AttackPotion"},{"floor":31,"key":"Energy Potion"},{"floor":33,"key":"GamblersBrew"},{"floor":35,"key":"Cursed Concoction"},{"floor":39,"key":"SkillPotion"},{"floor":42,"key":"PowerPotion"},{"floor":45,"key":"Fruit Juice"},{"floor":47,"key":"EntropicBrew"}],"is_trial":false,"path_per_floor":["M","?","?","?","?","E","M","R","T","E","M","R","$","T","R","B",null,"M","M","M","?","?","R","M","$","T","M","R","M","?","M","R","B",null,"M","M","?","$","M","E","M","E","T","?","M","$","M","$","R","B",null],"character_chosen":"THE_CURSED","items_purchased":["TheCursedMod:SpitefulPlan","TheCursedMod:ManaBullet","MerchantsRug","TheCursedMod:LuckyCharm"],"campfire_rested":5,"item_purchase_floors":[13,25,38,46],"current_hp_per_floor":[82,82,82,66,66,35,35,59,59,42,42,42,42,42,42,19,82,79,48,48,32,32,56,52,52,52,38,62,46,33,21,45,37,82,71,56,56,56,56,56,56,50,50,50,42,42,39,39,65,13],"gold":12,"neow_bonus":"TEN_PERCENT_HP_BONUS","is_daily":false,"chose_seed":false,"campfire_upgraded":2,"win_rate":0.0,"timestamp":1609348479,"path_taken":["M","?","?","?","?","E","M","R","T","E","?","R","?","?","R","BOSS","M","M","M","?","?","R","M","$","T","M","R","?","?","M","R","BOSS","M","M","?","$","M","E","M","E","T","?","M","$","M","?","R","BOSS"],"items_purchased_type":["Card","Card","Relic","Card"],"build_version":"2020-12-22","purchased_purges":5,"victory":true,"max_hp_per_floor":[82,82,82,82,82,82,82,82,82,82,82,82,82,82,82,82,82,82,82,82,82,82,82,82,82,82,82,82,82,82,82,82,82,82,82,82,82,82,82,82,82,82,82,82,87,87,87,87,87,87],"card_choices":[{"not_picked":["TheCursedMod:TacticalStrike","TheCursedMod:CursedAmulet"],"picked":"TheCursedMod:CursedArmor","floor":1},{"not_picked":["TheCursedMod:CircleOfFlame","TheCursedMod:CursedMace"],"picked":"TheCursedMod:SpitefulPray","floor":6},{"not_picked":["TheCursedMod:SmokeScreen","TheCursedMod:Stigma"],"picked":"TheCursedMod:SpitefulStrike","floor":7},{"not_picked":["TheCursedMod:CursedMace","TheCursedMod:CursedBoomerang","TheCursedMod:RavingStaff"],"picked":"SKIP","floor":10},{"not_picked":["TheCursedMod:SmokeScreen","TheCursedMod:Stigma"],"picked":"TheCursedMod:LuckyCharm","floor":11},{"not_picked":["TheCursedMod:CircleOfAbyss","TheCursedMod:Neurasthenia"],"picked":"TheCursedMod:CollectTribute","floor":16},{"not_picked":["TheCursedMod:SpitefulStrike","TheCursedMod:PrepareRite","TheCursedMod:CursedShiv"],"picked":"SKIP","floor":18},{"not_picked":["TheCursedMod:Stigma","TheCursedMod:CircleOfWindfury","TheCursedMod:SmokeScreen"],"picked":"SKIP","floor":19},{"not_picked":["TheCursedMod:SurpriseAttack","TheCursedMod:CircleOfAmplification","TheCursedMod:WearCloak+1"],"picked":"SKIP","floor":20},{"not_picked":["TheCursedMod:Torture+1","TheCursedMod:TacticalStrike"],"picked":"TheCursedMod:HellfireBreathing+1","floor":24},{"not_picked":["TheCursedMod:RavingStaff+1","TheCursedMod:DarkBarrier","TheCursedMod:CursedMace"],"picked":"SKIP","floor":27},{"not_picked":["TheCursedMod:Wield","TheCursedMod:CircleOfAmplification"],"picked":"TheCursedMod:LuckyCharm+1","floor":29},{"not_picked":["TheCursedMod:StingEye","TheCursedMod:SpreadPlague","TheCursedMod:CursedMace+1"],"picked":"SKIP","floor":31},{"not_picked":["TheCursedMod:CircleOfWindfury+1","TheCursedMod:LuckyCharm","TheCursedMod:SpitefulStrike"],"picked":"SKIP","floor":35},{"not_picked":["TheCursedMod:Torture+1","TheCursedMod:CursedMace+1","TheCursedMod:CircleOfWindfury+1"],"picked":"SKIP","floor":36},{"not_picked":["TheCursedMod:PrepareRite+1","TheCursedMod:CursedBlade","TheCursedMod:BloodBarrier+1"],"picked":"SKIP","floor":39},{"not_picked":["TheCursedMod:SpitefulStrike","TheCursedMod:Torture","TheCursedMod:SpitefulPlan"],"picked":"SKIP","floor":40},{"not_picked":["TheCursedMod:RapidMovement+1","TheCursedMod:Wield+1","TheCursedMod:ShockAndAwe"],"picked":"SKIP","floor":41},{"not_picked":["TheCursedMod:SpitefulStrike+1","TheCursedMod:BlessingInDisguise+1","TheCursedMod:SoulReap"],"picked":"SKIP","floor":42},{"not_picked":["TheCursedMod:BloodBarrier+1","TheCursedMod:RapidMovement+1","TheCursedMod:Torture"],"picked":"SKIP","floor":45},{"not_picked":["TheCursedMod:CursedShiv","TheCursedMod:RavingStaff","TheCursedMod:SpitefulPlan"],"picked":"SKIP","floor":47}],"player_experience":7436,"relics_obtained":[{"floor":5,"key":"Pet Ghost"},{"floor":6,"key":"Gambling Chip"},{"floor":9,"key":"TheCursedMod:BloodyHarpoon"},{"floor":10,"key":"White Beast Statue"},{"floor":21,"key":"Nilry\u0027s Codex"},{"floor":26,"key":"Letter Opener"},{"floor":30,"key":"TungstenRod"},{"floor":30,"key":"Runesmith:Nanobots"},{"floor":40,"key":"Runesmith:AutoHammer"},{"floor":42,"key":"Onion Ring"},{"floor":43,"key":"Torii"}],"event_choices":[{"cards_removed":["TheCursedMod:Defend_TheCursed"],"damage_healed":0,"gold_gain":0,"player_choice":"Card Removal","damage_taken":0,"max_hp_gain":0,"max_hp_loss":0,"event_name":"The Cleric","floor":2,"gold_loss":50},{"damage_healed":0,"gold_gain":0,"player_choice":"Grow","damage_taken":0,"max_hp_gain":0,"max_hp_loss":0,"event_name":"Living Wall","floor":3,"gold_loss":0,"cards_upgraded":["TheCursedMod:CleanUpWorkshop"]},{"damage_healed":0,"gold_gain":0,"player_choice":"Entered Light","damage_taken":16,"max_hp_gain":0,"max_hp_loss":0,"event_name":"Shining Light","floor":4,"gold_loss":0,"cards_upgraded":["TheCursedMod:CursedWand","TheCursedMod:Strike_TheCursed"]},{"damage_healed":0,"gold_gain":0,"player_choice":"Relic","damage_taken":0,"max_hp_gain":0,"max_hp_loss":0,"event_name":"Wheel of Change","floor":5,"gold_loss":0},{"damage_healed":0,"gold_gain":0,"player_choice":"Obtained Book","damage_taken":16,"max_hp_gain":0,"max_hp_loss":0,"event_name":"Cursed Tome","floor":21,"gold_loss":0},{"damage_healed":0,"gold_gain":275,"player_choice":"Desecrate","damage_taken":0,"max_hp_gain":0,"max_hp_loss":0,"event_name":"Golden Shrine","floor":22,"gold_loss":0,"cards_obtained":["Regret"]},{"damage_healed":0,"gold_gain":0,"player_choice":"Fight","damage_taken":0,"max_hp_gain":0,"max_hp_loss":0,"event_name":"Colosseum","floor":30,"gold_loss":0},{"damage_healed":0,"gold_gain":0,"player_choice":"Fought Nobs","damage_taken":0,"max_hp_gain":0,"max_hp_loss":0,"event_name":"Colosseum","floor":30,"gold_loss":0},{"cards_removed":["TheCursedMod:ManaBullet"],"damage_healed":0,"gold_gain":0,"player_choice":"Removed Attack","damage_taken":0,"max_hp_gain":0,"max_hp_loss":0,"event_name":"Falling","floor":37,"gold_loss":0},{"damage_healed":0,"gold_gain":0,"player_choice":"Memory 1","damage_taken":0,"max_hp_gain":0,"max_hp_loss":0,"event_name":"SensoryStone","floor":44,"gold_loss":0}],"is_beta":false,"boss_relics":[{"not_picked":["Painkiller Herb","Velvet Choker"],"picked":"Empty Cage"},{"not_picked":["Replay:Wanted Poster","Runesmith:UraniumAnvil"],"picked":"Philosopher\u0027s Stone"}],"items_purged_floors":[13,25,38,46,48],"is_endless":false,"potions_floor_spawned":[1,7,10,11,16,18,19,20,24,27,29,30,30,31,33,35,36,39,40,41,42,45,47],"ascension_level":0}}