{"host":"dhlnk6yox2l1s6up","time":1609293326,"event":{"mods":["BaseMod","Bestiary","Colored Map","Highlight Path","Minty Spire (QoL Compilation)","Relic Stats","StSLib"],"gold_per_floor":[113,127,140,159,159,193,213,213,281,281,301,301,327,352,352,352,352],"floor_reached":16,"playtime":880,"items_purged":[],"score":157,"play_id":"a6a9047a-aece-4afb-b50f-cce5333a83c8","local_time":"20201229195526","is_ascension_mode":true,"campfire_choices":[{"data":"Wild Strike","floor":8.0,"key":"SMITH"},{"data":"Flex","floor":10.0,"key":"SMITH"},{"floor":15.0,"key":"REST"}],"circlet_count":0,"master_deck":["Strike_R+1","Strike_R","Strike_R","Strike_R","Strike_R","Defend_R","Defend_R","Defend_R","Defend_R","Bash","Flex+1","Shockwave+1","Wild Strike+1","Shrug It Off"],"relics":["Burning Blood","NeowsBlessing","Gremlin Horn","Singing Bowl","Thread and Needle","Odd Mushroom"],"acts_visited":["Exordium"],"potions_floor_usage":[16],"damage_taken":[{"damage":0.0,"enemies":"Cultist","floor":1.0,"turns":1.0},{"damage":0.0,"enemies":"2 Louse","floor":2.0,"turns":1.0},{"damage":6.0,"enemies":"Small Slimes","floor":3.0,"turns":2.0},{"damage":10.0,"enemies":"2 Fungi Beasts","floor":4.0,"turns":5.0},{"damage":30.0,"enemies":"Gremlin Nob","floor":6.0,"turns":4.0},{"damage":25.0,"enemies":"Exordium Wildlife","floor":7.0,"turns":4.0},{"damage":0.0,"enemies":"Lots of Slimes","floor":11.0,"turns":3.0},{"damage":15.0,"enemies":"Lagavulin","floor":13.0,"turns":6.0},{"damage":8.0,"enemies":"The Mushroom Lair","floor":14.0,"turns":3.0},{"damage":43,"enemies":"The Guardian","floor":16,"turns":12}],"seed_played":"-6323450773904049644","potions_obtained":[{"floor":2.0,"key":"Swift Potion"},{"floor":6.0,"key":"SpeedPotion"},{"floor":7.0,"key":"SmokeBomb"}],"is_trial":false,"path_per_floor":["M","M","M","M","?","E","M","R","T","R","M","?","E","?","R","B"],"character_chosen":"IRONCLAD","items_purchased":[],"campfire_rested":1,"item_purchase_floors":[],"current_hp_per_floor":[78,80,80,76,76,52,33,33,33,33,41,25,18,16,41,0,0],"gold":352,"neow_bonus":"THREE_ENEMY_KILL","is_daily":false,"chose_seed":false,"campfire_upgraded":2,"win_rate":0.0,"timestamp":1609293326,"path_taken":["M","M","?","M","?","E","M","R","T","R","M","?","E","?","R","BOSS"],"items_purchased_type":[],"build_version":"2020-12-22","purchased_purges":0,"victory":false,"max_hp_per_floor":[80,80,80,80,80,80,80,80,80,80,82,82,84,84,84,84,84],"relic_stats":{"Gremlin Horn":[7,7],"Singing Bowl":4,"counters":[10,41],"obtain_stats":[{"NeowsBlessing":0,"Gremlin Horn":6,"Singing Bowl":9,"Thread and Needle":13,"Odd Mushroom":14,"Burning Blood":0},{"NeowsBlessing":0,"Gremlin Horn":5,"Singing Bowl":6,"Thread and Needle":8,"Odd Mushroom":9,"Burning Blood":0},{"NeowsBlessing":0,"Gremlin Horn":13,"Singing Bowl":17,"Thread and Needle":26,"Odd Mushroom":29,"Burning Blood":0}],"Burning Blood":50},"card_choices":[{"not_picked":["Reckless Charge","Heavy Blade"],"picked":"Flex","floor":1.0},{"not_picked":["Dual Wield","Wild Strike"],"picked":"Shockwave","floor":2.0},{"not_picked":["Burning Pact","Juggernaut","Fire Breathing"],"picked":"SKIP","floor":3.0},{"not_picked":["Heavy Blade","Uppercut"],"picked":"Wild Strike","floor":4.0},{"not_picked":["Pummel","Wild Strike","Thunderclap"],"picked":"SKIP","floor":6.0},{"not_picked":["Clash","Pommel Strike","Bloodletting"],"picked":"SKIP","floor":7.0},{"not_picked":["Searing Blow","Clash","Havoc"],"picked":"Singing Bowl","floor":11.0},{"not_picked":["Twin Strike","Wild Strike","True Grit"],"picked":"Singing Bowl","floor":13.0},{"not_picked":["Combust","Barricade"],"picked":"Shrug It Off","floor":14.0}],"player_experience":5679099,"relics_obtained":[{"floor":6.0,"key":"Gremlin Horn"},{"floor":9.0,"key":"Singing Bowl"},{"floor":13.0,"key":"Thread and Needle"},{"floor":14.0,"key":"Odd Mushroom"}],"event_choices":[{"damage_healed":0.0,"max_hp_gain":0.0,"max_hp_loss":0.0,"gold_gain":0.0,"event_name":"Liars Game","player_choice":"Ignored","floor":5.0,"gold_loss":0.0,"damage_taken":0.0},{"damage_healed":0.0,"max_hp_gain":0.0,"max_hp_loss":0.0,"gold_gain":0.0,"event_name":"Shining Light","player_choice":"Entered Light","floor":12.0,"gold_loss":0.0,"damage_taken":16.0,"cards_upgraded":["Strike_R","Shockwave"]},{"damage_healed":0.0,"max_hp_gain":0.0,"max_hp_loss":0.0,"gold_gain":0.0,"event_name":"Mushrooms","player_choice":"Fought Mushrooms","floor":14.0,"gold_loss":0.0,"damage_taken":0.0}],"is_beta":false,"boss_relics":[],"items_purged_floors":[],"is_endless":false,"potions_floor_spawned":[2,6,7],"killed_by":"The Guardian","ascension_level":8}}