{"host":"waq1ashgqt0tulkv","time":1609314489,"event":{"mods":["BaseMod","Downfall","Hermit","Infinite Spire","Minty Spire (QoL Compilation)","Replay The Spire","StSLib"],"gold_per_floor":[110,110,110,52,52,52,66,66,91,91,119,135,150,177,177,177,177],"floor_reached":16,"playtime":402,"items_purged":[],"score":125,"play_id":"44627372-23b4-448f-a8c6-5fb0d3ce73ff","local_time":"20201230004809","is_ascension_mode":false,"campfire_choices":[{"data":"hermit:Covet","floor":6,"key":"SMITH"},{"data":"hermit:LowProfile","floor":15,"key":"SMITH"}],"circlet_count":0,"master_deck":["hermit:Strike_Hermit","hermit:Strike_Hermit","hermit:Strike_Hermit","hermit:Strike_Hermit","hermit:Defend_Hermit","hermit:Defend_Hermit","hermit:Defend_Hermit","hermit:Defend_Hermit","hermit:Snapshot","hermit:Covet+1","hermit:FlashPowder+1","hermit:GoldenBullet+1","hermit:Dive","hermit:DeadOrAlive","hermit:LowProfile+1","hermit:Headshot"],"relics":["hermit:Momento","NeowsBlessing","Replay:Towering Pillar of Hats","Bag of Marbles","Replay:Baseball","Replay:Rubber Ducky"],"acts_visited":["Exordium"],"potions_floor_usage":[],"damage_taken":[{"damage":0,"enemies":"2 Louse","floor":1,"turns":2},{"damage":0,"enemies":"Jaw Worm","floor":7,"turns":1},{"damage":0,"enemies":"Gremlin Nob","floor":11,"turns":1},{"damage":0,"enemies":"Small Slimes","floor":12,"turns":2},{"damage":5,"enemies":"3 Louse","floor":13,"turns":4},{"damage":0,"enemies":"Looter","floor":14,"turns":1},{"damage":48,"enemies":"Fading Forest","floor":16,"turns":8}],"seed_played":"-5460364073364760393","potions_obtained":[{"floor":7,"key":"SkillPotion"},{"floor":11,"key":"Energy Potion"},{"floor":12,"key":"Regen Potion"}],"is_trial":false,"path_per_floor":["M","?","T","$","?","R","M","?","T","?","E","M","M","M","R","B"],"character_chosen":"HERMIT","items_purchased":["hermit:GoldenBullet+1"],"campfire_rested":0,"item_purchase_floors":[4],"current_hp_per_floor":[75,75,75,75,75,75,75,75,75,75,75,75,70,70,70,32,32],"gold":177,"neow_bonus":"THREE_ENEMY_KILL","is_daily":false,"chose_seed":false,"campfire_upgraded":2,"win_rate":0.0,"timestamp":1609314489,"path_taken":["M","?","?","$","?","R","M","?","T","?","E","M","M","M","R","BOSS"],"items_purchased_type":["Card"],"build_version":"2020-12-13","purchased_purges":0,"victory":false,"max_hp_per_floor":[75,75,75,75,75,75,75,75,75,75,75,75,75,75,75,75,75],"card_choices":[{"not_picked":["hermit:Determination","hermit:HoleUp"],"picked":"hermit:FlashPowder","floor":1},{"not_picked":["hermit:Snipe","hermit:Feint"],"picked":"hermit:Dive","floor":7},{"not_picked":["hermit:HoleUp","hermit:Quickdraw"],"picked":"hermit:DeadOrAlive","floor":11},{"not_picked":["hermit:Coalescence","hermit:Maintenance","hermit:HighCaliber"],"picked":"SKIP","floor":12},{"not_picked":["hermit:WideOpen","hermit:FullyLoaded"],"picked":"hermit:LowProfile","floor":13},{"not_picked":["hermit:Desperado","hermit:LowProfile"],"picked":"hermit:Headshot","floor":14}],"player_experience":5861,"relics_obtained":[{"floor":3,"key":"Replay:Towering Pillar of Hats"},{"floor":9,"key":"Replay:Baseball"},{"floor":11,"key":"Replay:Rubber Ducky"}],"event_choices":[{"damage_healed":0,"gold_gain":0,"player_choice":"Grow","damage_taken":0,"max_hp_gain":0,"max_hp_loss":0,"event_name":"Living Wall","floor":2,"gold_loss":0,"cards_upgraded":["hermit:FlashPowder"]},{"damage_healed":0,"gold_gain":0,"player_choice":"Ignored","damage_taken":0,"max_hp_gain":0,"max_hp_loss":0,"event_name":"Golden Idol","floor":5,"gold_loss":0},{"damage_healed":0,"gold_gain":0,"player_choice":"Searched \u00271\u0027 times","damage_taken":0,"relics_obtained":["Bag of Marbles"],"max_hp_gain":0,"max_hp_loss":0,"event_name":"Dead Adventurer","floor":8,"gold_loss":0},{"damage_healed":0,"gold_gain":0,"player_choice":"Leave","damage_taken":0,"max_hp_gain":0,"max_hp_loss":0,"event_name":"The Cleric","floor":10,"gold_loss":0}],"is_beta":false,"boss_relics":[],"items_purged_floors":[],"is_endless":false,"potions_floor_spawned":[7,11,12],"killed_by":"Fading Forest","ascension_level":0}}