{"host":"zig6x0mxqzam82fb","time":1609342092,"event":{"mods":["BaseMod","Block Reminder","Colored Map","Colored Powertips","Marisa????????","Minty Spire (QoL Compilation)","Relic Stats","StSLib","The Cursed","The Marked","Waifu the Spire"],"gold_per_floor":[111,123,139,11,24,50,50,70,117,131,306,306,325,353,353,449,449,467,184,109,109,128,128,146,177,202,202,33,33,33,45,45,145,145,159,172,48,68,68,68,103,103,103],"floor_reached":42,"playtime":3400,"items_purged":["Strike_B","Doubt","Strike_B","Strike_B"],"score":710,"play_id":"a4b84ebe-9cc7-42d0-8c37-6cede7036e93","local_time":"20201230102812","is_ascension_mode":true,"campfire_choices":[{"floor":7,"key":"REST"},{"floor":12,"key":"REST"},{"floor":15,"key":"REST"},{"data":"Fission","floor":23,"key":"SMITH"},{"data":"Amplify","floor":27,"key":"SMITH"},{"data":"Secret Technique","floor":29,"key":"SMITH"},{"data":"Coolheaded","floor":32,"key":"SMITH"},{"data":"Chill","floor":40,"key":"SMITH"}],"circlet_count":0,"master_deck":["AscendersBane","Defend_B","Defend_B","Defend_B","Defend_B","Zap","Dualcast","Conserve Battery","Ball Lightning","Capacitor","Cold Snap","Coolheaded+1","Turbo","Streamline","Leap","Undo","Compile Driver","Fission+1","CurseOfTheBell","Defragment+1","Chill","Loop","Compile Driver+1","Chill+1","Amplify+1","Storm","Secret Technique+1","Stack","Creative AI","Undo","Stack+1","Impatience","Double Energy+1","Echo Form"],"relics":["Cracked Core","Incense Burner","MealTicket","Blue Candle","Calling Bell","Centennial Puzzle","Eternal Feather","StoneCalendar","Membership Card","Nloth\u0027s Gift","Bronze Scales","Bag of Marbles","Ornamental Fan","Cursed Key","Smiling Mask"],"acts_visited":["Exordium","TheCity","TheBeyond"],"potions_floor_usage":[14,16,42,42],"damage_taken":[{"damage":12,"enemies":"2 Louse","floor":1,"turns":3},{"damage":0,"enemies":"Small Slimes","floor":2,"turns":3},{"damage":1,"enemies":"Cultist","floor":3,"turns":3},{"damage":7,"enemies":"Exordium Thugs","floor":5,"turns":4},{"damage":37,"enemies":"Gremlin Nob","floor":6,"turns":5},{"damage":2,"enemies":"Exordium Wildlife","floor":8,"turns":2},{"damage":0,"enemies":"Looter","floor":10,"turns":3},{"damage":0,"enemies":"3 Louse","floor":13,"turns":4},{"damage":18,"enemies":"Lagavulin","floor":14,"turns":6},{"damage":29,"enemies":"Hexaghost","floor":16,"turns":12},{"damage":25,"enemies":"3 Byrds","floor":18,"turns":7},{"damage":9,"enemies":"2 Thieves","floor":22,"turns":5},{"damage":21,"enemies":"3 Cultists","floor":24,"turns":6},{"damage":22,"enemies":"Slavers","floor":25,"turns":7},{"damage":9,"enemies":"Snecko","floor":31,"turns":7},{"damage":33,"enemies":"Automaton","floor":33,"turns":12},{"damage":29,"enemies":"3 Darklings","floor":35,"turns":4},{"damage":1,"enemies":"3 Shapes","floor":36,"turns":5},{"damage":23,"enemies":"3 Darklings","floor":38,"turns":7},{"damage":27,"enemies":"Giant Head","floor":41,"turns":9},{"damage":73,"enemies":"Transient","floor":42,"turns":5}],"seed_played":"-3409488026695628194","potions_obtained":[{"floor":5,"key":"Dexterity Potion"},{"floor":6,"key":"SteroidPotion"},{"floor":14,"key":"FairyPotion"},{"floor":16,"key":"EntropicBrew"}],"is_trial":false,"path_per_floor":["M","M","M","$","M","E","R","M","T","M","?","R","M","E","R","B",null,"M","$","?","?","M","R","M","E","T","R","$","R","T","M","R","B",null,"M","M","$","M","?","R","E","M"],"character_chosen":"DEFECT","items_purchased":["Cold Snap","Membership Card","Chill","Loop","Storm","Secret Technique","Impatience"],"campfire_rested":3,"item_purchase_floors":[4,19,19,19,28,28,37],"current_hp_per_floor":[56,56,55,55,48,11,31,29,29,29,29,49,49,31,51,22,57,32,47,47,47,38,53,32,10,10,25,40,55,55,46,61,28,58,29,28,43,20,20,38,11,0,0],"gold":103,"neow_bonus":"ONE_RARE_RELIC","is_daily":false,"chose_seed":false,"campfire_upgraded":5,"win_rate":0.0,"timestamp":1609342092,"path_taken":["M","M","M","$","M","E","R","M","T","M","?","R","M","E","R","BOSS","M","$","?","?","M","R","?","E","T","R","$","R","?","M","R","BOSS","M","M","$","M","?","R","E","M"],"items_purchased_type":["Card","Relic","Card","Card","Card","Card","Card"],"build_version":"2020-12-22","purchased_purges":4,"victory":false,"max_hp_per_floor":[68,68,68,68,68,68,68,68,68,68,68,68,68,68,68,68,68,68,68,68,68,68,68,68,68,68,68,68,68,68,68,68,68,68,68,68,68,68,68,68,68,68,68],"relic_stats":{"Centennial Puzzle":[33],"counters":[21,119],"Ornamental Fan":[20],"Blue Candle":[14],"Bronze Scales":[155],"MealTicket":45,"Eternal Feather":78,"StoneCalendar":[148],"Nloth\u0027s Gift":4,"Cursed Key":0,"Smiling Mask":0,"obtain_stats":[{"Blue Candle":14,"Eternal Feather":17,"StoneCalendar":17,"Incense Burner":0,"Cursed Key":34,"Smiling Mask":41,"Akabeko":9,"Calling Bell":17,"Centennial Puzzle":17,"Ornamental Fan":30,"Bronze Scales":25,"MealTicket":6,"Nloth\u0027s Gift":21,"Bag of Marbles":26,"Membership Card":19,"Cracked Core":0},{"Blue Candle":9,"Eternal Feather":10,"StoneCalendar":10,"Incense Burner":0,"Cursed Key":16,"Smiling Mask":20,"Akabeko":6,"Calling Bell":10,"Centennial Puzzle":10,"Ornamental Fan":14,"Bronze Scales":14,"MealTicket":5,"Nloth\u0027s Gift":11,"Bag of Marbles":14,"Membership Card":11,"Cracked Core":0},{"Blue Candle":33,"Eternal Feather":45,"StoneCalendar":45,"Incense Burner":0,"Cursed Key":89,"Smiling Mask":114,"Akabeko":20,"Calling Bell":45,"Centennial Puzzle":45,"Ornamental Fan":70,"Bronze Scales":70,"MealTicket":18,"Nloth\u0027s Gift":52,"Bag of Marbles":70,"Membership Card":52,"Cracked Core":0}]},"card_choices":[{"not_picked":["Hologram","Reprogram"],"picked":"Conserve Battery","floor":1},{"not_picked":["White Noise","Storm"],"picked":"Ball Lightning","floor":2},{"not_picked":["Conserve Battery","Loop"],"picked":"Capacitor","floor":3},{"not_picked":["Go for the Eyes","Rebound"],"picked":"Coolheaded","floor":5},{"not_picked":["Conserve Battery","Melter"],"picked":"Turbo","floor":6},{"not_picked":["Amplify","Turbo"],"picked":"Streamline","floor":8},{"not_picked":["Static Discharge","Redo"],"picked":"Leap","floor":10},{"not_picked":["Streamline","Coolheaded"],"picked":"Undo","floor":13},{"not_picked":["Stack","Streamline"],"picked":"Compile Driver","floor":14},{"not_picked":["Thunder Strike","Meteor Strike"],"picked":"Fission","floor":16},{"not_picked":["Sweeping Beam","Scrape"],"picked":"Defragment+1","floor":18},{"not_picked":["Force Field","Undo"],"picked":"Compile Driver+1","floor":22},{"not_picked":["Redo","Sunder+1"],"picked":"Chill","floor":24},{"not_picked":["All For One","Hologram"],"picked":"Amplify","floor":25},{"not_picked":["Amplify","Sweeping Beam"],"picked":"Stack","floor":31},{"not_picked":["All For One","Hyperbeam"],"picked":"Creative AI","floor":33},{"not_picked":["Electrodynamics","Steam"],"picked":"Undo","floor":35},{"not_picked":["Redo","Lockon"],"picked":"Stack+1","floor":36},{"not_picked":["Coolheaded","Rebound+1"],"picked":"Double Energy+1","floor":38},{"not_picked":["Skim+1","Leap+1"],"picked":"Echo Form","floor":41}],"player_experience":396408,"relics_obtained":[{"floor":6,"key":"MealTicket"},{"floor":9,"key":"Akabeko"},{"floor":14,"key":"Blue Candle"},{"floor":17,"key":"Centennial Puzzle"},{"floor":17,"key":"Eternal Feather"},{"floor":17,"key":"StoneCalendar"},{"floor":25,"key":"Bronze Scales"},{"floor":26,"key":"Bag of Marbles"},{"floor":30,"key":"Ornamental Fan"},{"floor":41,"key":"Smiling Mask"}],"event_choices":[{"damage_healed":0,"gold_gain":175,"player_choice":"AGREE","damage_taken":0,"max_hp_gain":0,"max_hp_loss":0,"event_name":"Liars Game","floor":11,"gold_loss":0,"cards_obtained":["Doubt"]},{"cards_removed":["Strike_B"],"damage_healed":0,"gold_gain":0,"player_choice":"Gave Gold","damage_taken":0,"max_hp_gain":0,"max_hp_loss":0,"event_name":"Beggar","floor":20,"gold_loss":75},{"damage_healed":0,"gold_gain":0,"player_choice":"Traded Relic","damage_taken":0,"relics_obtained":["Nloth\u0027s Gift"],"max_hp_gain":0,"max_hp_loss":0,"event_name":"N\u0027loth","floor":21,"relics_lost":["Akabeko"],"gold_loss":0},{"damage_healed":0,"gold_gain":0,"player_choice":"Ignored","damage_taken":0,"max_hp_gain":0,"max_hp_loss":0,"event_name":"The Moai Head","floor":39,"gold_loss":0}],"is_beta":false,"boss_relics":[{"not_picked":["Tiny House","Runic Dome"],"picked":"Calling Bell"},{"not_picked":["Sozu","Fusion Hammer"],"picked":"Cursed Key"}],"items_purged_floors":[4,19,28,37],"is_endless":false,"potions_floor_spawned":[5,6,14,16,22,25,33,35,38,41],"killed_by":"Transient","ascension_level":11}}