{"host":"6a06qhlf17v5rcww","time":1609317879,"event":{"mods":["BaseMod","Beaked The Cultist","Better Altar","Better Match","Better Note","Better Sensory Stone","Better Skull","Better Third Choice","BetterRewards","Downfall","Hermit","Infinite Spire","Minty Spire (QoL Compilation)","Rare Cards Sparkle","Replay The Spire","Shade Mod","StSLib","The Alterego","The Cursed","The Marked","The Witch"],"gold_per_floor":[199,213,226,241,241,166,238,238,264,283,283,4,4,21,40,154,154,154,178,178,200,300,210,261,261,329,329,395,455,455,482,544,691,691,691,709,451,451,517,590,590,590,590,704,704,739,799,813,826,840],"floor_reached":51,"playtime":4535,"items_purged":[],"score":870,"play_id":"d5c15f64-3a47-47d7-aa21-b3feb8b3b847","local_time":"20201230034439","is_ascension_mode":true,"campfire_choices":[{"floor":1.0,"key":"RECALL"},{"data":"champ:DefensiveStyle","floor":6.0,"key":"SMITH"},{"data":"beaked:AwakenedForm","floor":18.0,"key":"SMITH"},{"data":"champ:Taunt","floor":27.0,"key":"SMITH"},{"data":"champ:StanceDance","floor":30.0,"key":"SMITH"},{"data":"infinitespire:UltimateForm","floor":35.0,"key":"SMITH"},{"data":"champ:Balance","floor":42,"key":"SMITH"},{"data":"champ:ShieldWall","floor":45,"key":"SMITH"}],"circlet_count":0,"master_deck":["champ:Strike","champ:Strike","champ:Strike","champ:Strike","champ:Defend","champ:Defend","champ:Defend","champ:Defend","champ:Execute","champ:Taunt+1","champ:RisingSlash","champ:StanceDance+1","champ:DefensiveStyle+1","champ:ShieldThrow","champ:SwordSigil","champ:BringItOn","champ:Taunt","champ:Circumvent","champ:Circumvent","champ:SkillfulDodge","champ:DefensiveShout","champ:ShieldWall+1","champ:FocusedDefense","champ:RageSigil","champ:MurderStrike","beaked:AwakenedForm+1","champ:Circumvent","champ:SwordSigil","champ:TornadoPunch","champ:Balance+1","Hallucinations","champ:TornadoPunch+1","champ:ShieldSigil+1","champ:HoldFirm","champ:ShieldSlam","EternalThirst","infinitespire:UltimateForm+1","expansioncontent:Chronoboost","champ:SteelEdge","Shade:CarefulCut","champ:Circumvent","champ:RageSigil+1","champ:ShieldThrow+1","champ:VampiricStrike+1","champ:PerfectForm+1","champ:Circumvent+1","champ:ShieldSigil+1","Parasite","champ:Circumvent+1"],"relics":["Replay:Wanted Poster","downfall:HeartBlessingRed","Gremlin Food","infinitespire:CheckeredPen","Guardian:GemstoneGun","infinitespire:Satchel","infinitespire:Midas Blood","beaked:SacredDeck","Pet Ghost","ReplayTheSpireMod:Ring of Challenge","Ring of Fury","Calipers","Replay:Grab Bag","infinitespire:Cupcake","Replay:Bronze Core","ReplayTheSpireMod:SealedPack","Ring of Chaos","Kunai","Mummified Hand","Replay:Bottled Steam","Onion Ring","White Beast Statue","Orichalcum"],"acts_visited":["Exordium","TheCity","TheBeyond"],"potions_floor_usage":[48,50,50],"damage_taken":[{"damage":15.0,"enemies":"Cultist","floor":2.0,"turns":4.0},{"damage":2.0,"enemies":"2 Louse","floor":3.0,"turns":4.0},{"damage":3.0,"enemies":"Small Slimes","floor":4.0,"turns":4.0},{"damage":3.0,"enemies":"Lagavulin","floor":9.0,"turns":6.0},{"damage":7.0,"enemies":"Blue Slaver","floor":10.0,"turns":3.0},{"damage":0.0,"enemies":"downfall:FleeingMerchant","floor":12.0,"turns":4.0},{"damage":6.0,"enemies":"Exordium Thugs","floor":14.0,"turns":3.0},{"damage":2.0,"enemies":"3 Louse","floor":15.0,"turns":2.0},{"damage":46.0,"enemies":"downfall:Defect","floor":16.0,"turns":8.0},{"damage":5.0,"enemies":"Chosen","floor":19.0,"turns":5.0},{"damage":1.0,"enemies":"Spheric Guardian","floor":21.0,"turns":4.0},{"damage":0.0,"enemies":"downfall:FleeingMerchant","floor":23.0,"turns":4.0},{"damage":8.0,"enemies":"Cultist and Chosen","floor":26.0,"turns":4.0},{"damage":31.0,"enemies":"Shelled Parasite and Fungi","floor":28.0,"turns":5.0},{"damage":8.0,"enemies":"Chosen and Byrds","floor":29.0,"turns":5.0},{"damage":0.0,"enemies":"3 Cultists","floor":31.0,"turns":3.0},{"damage":3.0,"enemies":"Centurion and Healer","floor":32.0,"turns":4.0},{"damage":0.0,"enemies":"downfall:Watcher","floor":33.0,"turns":8.0},{"damage":0.0,"enemies":"3 Shapes","floor":36.0,"turns":5.0},{"damage":7.0,"enemies":"downfall:FleeingMerchant","floor":37.0,"turns":5.0},{"damage":13,"enemies":"Orb Walker","floor":39,"turns":4},{"damage":24,"enemies":"Maw","floor":40,"turns":6},{"damage":23,"enemies":"downfall:LadyInBlue","floor":44,"turns":3},{"damage":10,"enemies":"Giant Head","floor":46,"turns":6},{"damage":3,"enemies":"Jaw Worm Horde","floor":47,"turns":5},{"damage":0,"enemies":"Writhing Mass","floor":48,"turns":4},{"damage":0,"enemies":"Maw","floor":49,"turns":5},{"damage":21,"enemies":"downfall:Ironclad","floor":50,"turns":9}],"seed_played":"821516083845025096","potions_obtained":[{"floor":3.0,"key":"SneckoOil"},{"floor":4.0,"key":"champ:CounterPotion"},{"floor":10.0,"key":"Ancient Potion"},{"floor":21.0,"key":"EssenceOfSteel"},{"floor":26.0,"key":"Dexterity Potion"},{"floor":36.0,"key":"Adrenaline Potion"},{"floor":44,"key":"GamblersBrew"},{"floor":44,"key":"EssenceOfSteel"},{"floor":48,"key":"Strength Potion"},{"floor":49,"key":"Flashbang"}],"is_trial":false,"path_per_floor":["R","M","M","M","?","R","T","?","E","M","?","$","T","M","M","B",null,"R","M","?","M","?","$","T","?","M","R","M","M","R","M","M","B",null,"R","M","?","?","M","M","T","R","T","?","R","E","M","M","M","B",null],"character_chosen":"THE_CHAMP","items_purchased":["champ:DefensiveShout","champ:ShieldWall","infinitespire:Satchel","champ:Balance","Kunai"],"campfire_rested":0,"item_purchase_floors":[12,12,12,23,37],"current_hp_per_floor":[90,83,81,81,81,81,81,81,78,71,63,63,63,62,60,14,90,90,85,85,84,84,84,84,84,76,76,45,37,37,37,34,34,90,90,90,88,88,78,90,90,90,90,90,90,90,90,90,90,90],"gold":840,"neow_bonus":"BOSS_RELIC","is_daily":false,"chose_seed":false,"campfire_upgraded":7,"win_rate":0.0,"timestamp":1609317879,"path_taken":["R","M","M","?","?","R","T","?","E","?","?","$","?","M","M","BOSS","R","M","?","M","?","?","T","?","M","R","M","M","R","M","M","BOSS","R","M","?","?","M","M","T","R","?","?","R","E","M","?","M","BOSS"],"items_purchased_type":["Card","Card","Relic","Card","Relic"],"build_version":"2020-12-22","purchased_purges":0,"victory":true,"max_hp_per_floor":[90,90,90,90,90,90,90,90,90,90,90,90,90,90,90,90,90,90,90,90,90,90,90,90,90,90,90,90,90,90,90,90,90,90,90,90,90,90,90,90,90,90,90,90,90,90,90,90,90,90],"card_choices":[{"not_picked":["champ:DefensiveShout","champ:ViciousMockery"],"picked":"champ:RisingSlash","floor":2.0},{"not_picked":["champ:BringItOn","champ:ShieldWall"],"picked":"champ:StanceDance","floor":3.0},{"not_picked":["champ:ShieldSigil","champ:Circumvent"],"picked":"champ:DefensiveStyle","floor":4.0},{"not_picked":["champ:EnragedBash","champ:GladiatorsShout"],"picked":"champ:Circumvent","floor":9.0},{"not_picked":["champ:PreciseThrust","champ:RageSigil"],"picked":"champ:Circumvent","floor":10.0},{"not_picked":["champ:BringItOn","champ:CheapShot"],"picked":"champ:SkillfulDodge","floor":12.0},{"not_picked":["champ:ShieldSigil","champ:BringItOn"],"picked":"champ:FocusedDefense","floor":14.0},{"not_picked":["champ:CrookedStrike","champ:Haymaker"],"picked":"champ:RageSigil","floor":15.0},{"not_picked":["champ:LastStand","champ:StrikeOfGenius"],"picked":"champ:MurderStrike","floor":16.0},{"not_picked":["champ:RecklessLeap","champ:GladiatorsShout"],"picked":"champ:Circumvent","floor":19.0},{"not_picked":["champ:Backstep","champ:AdrenalArmor"],"picked":"champ:SwordSigil","floor":21.0},{"not_picked":["champ:Backstep+1","champ:EnragedBash+1"],"picked":"champ:TornadoPunch","floor":23.0},{"not_picked":["champ:CrookedStrike","champ:FocusedBerserking+1"],"picked":"champ:TornadoPunch+1","floor":26.0},{"not_picked":["champ:RisingSlash","champ:DeathBlow"],"picked":"champ:ShieldSigil+1","floor":28.0},{"not_picked":["champ:DeathBlow","champ:Lariat+1","champ:CalledShot"],"picked":"SKIP","floor":29.0},{"not_picked":["champ:ShieldSigil","champ:FlashCut+1","champ:IronFortress"],"picked":"SKIP","floor":31.0},{"not_picked":["champ:Haymaker","champ:BringItOn"],"picked":"champ:HoldFirm","floor":32.0},{"not_picked":["champ:CrownThrow","champ:PerfectForm"],"picked":"champ:ShieldSlam","floor":33.0},{"not_picked":["ReplayTheSpireMod:??????????????????????","infinitespire:Punishment"],"picked":"infinitespire:UltimateForm","floor":34.0},{"not_picked":["Swift Strike","expansioncontent:AwakenDeath"],"picked":"expansioncontent:Chronoboost","floor":34.0},{"not_picked":["champ:StrikeOfGenius","champ:Devastate"],"picked":"champ:SteelEdge","floor":34.0},{"not_picked":["Zap","Replay:GuardianBash"],"picked":"Shade:CarefulCut","floor":34.0},{"not_picked":["champ:AdrenalArmor+1","champ:RageSigil"],"picked":"champ:Circumvent","floor":36.0},{"not_picked":["champ:StanceDance","champ:Balance"],"picked":"champ:RageSigil+1","floor":37.0},{"not_picked":["champ:CrownThrow+1","champ:StrikeOfGenius+1"],"picked":"champ:ShieldThrow+1","floor":38},{"not_picked":["champ:CheapShot+1","champ:StrikeOfGenius+1"],"picked":"champ:VampiricStrike+1","floor":38},{"not_picked":["champ:SteelEdge+1","champ:MurderStrike+1"],"picked":"champ:PerfectForm+1","floor":38},{"not_picked":["champ:BringItOn+1","champ:Haymaker+1","champ:FightOn"],"picked":"SKIP","floor":39},{"not_picked":["champ:Encircle","champ:FocusedBerserking","champ:FightOn"],"picked":"SKIP","floor":40},{"not_picked":["champ:StanceDance+1","champ:AdrenalArmor+1"],"picked":"champ:Circumvent+1","floor":44},{"not_picked":["champ:PreciseThrust","champ:DefensiveShout","champ:ShieldSlam"],"picked":"SKIP","floor":46},{"not_picked":["champ:RageSigil+1","champ:DeathBlow+1"],"picked":"champ:ShieldSigil+1","floor":47},{"not_picked":["champ:Backstep","champ:Shatter+1","champ:Riposte+1"],"picked":"SKIP","floor":48},{"not_picked":["champ:PerfectedStrike","champ:DefensiveStyle+1"],"picked":"champ:Circumvent+1","floor":49}],"player_experience":728684,"relics_obtained":[{"floor":9.0,"key":"Gremlin Food"},{"floor":13.0,"key":"infinitespire:Midas Blood"},{"floor":24.0,"key":"Pet Ghost"},{"floor":25.0,"key":"ReplayTheSpireMod:Ring of Challenge"},{"floor":25.0,"key":"Ring of Fury"},{"floor":31.0,"key":"Calipers"},{"floor":40,"key":"Mummified Hand"},{"floor":41,"key":"Replay:Bottled Steam"},{"floor":43,"key":"Onion Ring"},{"floor":44,"key":"White Beast Statue"},{"floor":46,"key":"Orichalcum"}],"event_choices":[{"damage_healed":0.0,"max_hp_gain":0.0,"max_hp_loss":0.0,"gold_gain":1.0,"event_name":"betterThird:BetterScrap","player_choice":"Relic Relic ","floor":11.0,"gold_loss":0.0,"damage_taken":8.0,"cards_obtained":["Bloodletting"]},{"damage_healed":0,"gold_gain":0,"player_choice":"3","damage_taken":0,"max_hp_gain":0,"max_hp_loss":0,"event_name":"betterMatch:BetterMatch","floor":38,"gold_loss":0,"cards_obtained":["betterMatch:RareCard"]}],"is_beta":false,"boss_relics":[{"not_picked":["Sozu","Honey Jar"],"picked":"beaked:SacredDeck"},{"not_picked":["ChewingGum","Runic Dome"],"picked":"Replay:Grab Bag"},{"not_picked":["Abe\u0027s Treasure","Fusion Hammer"],"picked":"infinitespire:Cupcake"},{"not_picked":["ReplayTheSpireMod:DimensionalGlitch","Velvet Choker"],"picked":"Replay:Bronze Core"},{"not_picked":["Black Star","Replay:Drink Me"],"picked":"ReplayTheSpireMod:SealedPack"},{"not_picked":["Astrolabe","SacredBark"],"picked":"Ring of Chaos"}],"items_purged_floors":[],"is_endless":false,"potions_floor_spawned":[3,4,10,15,21,26,31,36,46,47,48,49],"ascension_level":1}}