{"host":"7uuqqk35leady37t","time":1609303867,"event":{"mods":["BaseMod","Colored Powertips","Downfall","Marisa£®ÏF”Í°°ƒß¿Ì…≥£©","Minty Spire (QoL Compilation)","StSLib","The Bug Knight","The Servant 0.9.4","Waifu the Spire","Yuri Mod","[IsaacMod]“‘»ˆº‚À˛"],"gold_per_floor":[118,118,168,197,225,278,304,316,328,355,332,371,405,440,452,581,593,646,686,740,393,412,412,468,468],"floor_reached":24,"playtime":854,"items_purged":[],"score":285,"play_id":"95f0f452-11e2-4fee-9e67-21d39b6f2ba2","local_time":"20201230125107","is_ascension_mode":false,"campfire_choices":[{"floor":8.0,"key":"REST"},{"data":"MillisecondPulsars","floor":15.0,"key":"SMITH"},{"data":"BinaryStars","floor":23.0,"key":"SMITH"}],"circlet_count":0,"master_deck":["Strike_MRS","Strike_MRS+1","Strike_MRS+1","Strike_MRS","Defend_MRS","Defend_MRS","Defend_MRS+1","Defend_MRS","MasterSpark","UpSweep","SuperPerseids+1","DoubleSpark","MysteriousBeam","MysteriousBeam","EnergyFlow","MillisecondPulsars+1","MysteriousBeam","MysteriousBeam","FinalSpark","NonDirectionalLaser","BinaryStars+1","CurseOfTheBell","LuminesStrike","LuminesStrike","Parasite","Parasite","LuminesStrike"],"relics":["MiniHakkero","HushsDoor","GuppysTail","NeowsBlessing","SalivaCoin","MawBank","Whetstone","Darkstone Periapt","Blood Vial","Calling Bell","Oddly Smooth Stone","Matryoshka","FossilizedHelix","Nilry\u0027s Codex","SteamSale","Meat on the Bone","ShroomBag"],"acts_visited":["Exordium","TheCity"],"potions_floor_usage":[],"damage_taken":[{"damage":0.0,"enemies":"2 Louse","floor":1.0,"turns":1.0},{"damage":10.0,"enemies":"Hiden Room Battle","floor":3.0,"turns":2.0},{"damage":0.0,"enemies":"Cultist","floor":4.0,"turns":1.0},{"damage":0.0,"enemies":"Small Slimes","floor":5.0,"turns":3.0},{"damage":18.0,"enemies":"Lagavulin","floor":6.0,"turns":3.0},{"damage":0.0,"enemies":"Exordium Wildlife","floor":7.0,"turns":2.0},{"damage":0.0,"enemies":"Looter","floor":10.0,"turns":2.0},{"damage":0.0,"enemies":"Gremlin Nob","floor":12.0,"turns":2.0},{"damage":9.0,"enemies":"2 Fungi Beasts","floor":13.0,"turns":2.0},{"damage":1.0,"enemies":"Exordium Thugs","floor":14.0,"turns":3.0},{"damage":6.0,"enemies":"Hexaghost","floor":16.0,"turns":5.0},{"damage":21.0,"enemies":"2 Thieves","floor":18.0,"turns":4.0},{"damage":8.0,"enemies":"3 Byrds","floor":20.0,"turns":4.0},{"damage":6.0,"enemies":"Centurion and Healer","floor":22.0,"turns":7.0},{"damage":70,"enemies":"Slavers","floor":24,"turns":4}],"seed_played":"-2501680019170672671","potions_obtained":[{"floor":1.0,"key":"Slimebound:ThreeZeroPotion"},{"floor":7.0,"key":"Block Potion"},{"floor":12.0,"key":"SpeedPotion"},{"floor":14.0,"key":"champ:CounterPotion"},{"floor":16.0,"key":"Fruit Juice"},{"floor":18.0,"key":"GamblersBrew"}],"is_trial":false,"path_per_floor":["M","?","?","M","M","E","M","R","T","M","?","E","M","M","R","B",null,"M","?","M","$","M","R","E"],"character_chosen":"MARISA","items_purchased":["SteamSale","Meat on the Bone","ShroomBag"],"campfire_rested":1,"item_purchase_floors":[21,21,21],"current_hp_per_floor":[75,60,35,35,35,17,17,39,39,39,57,57,50,51,51,47,81,65,49,43,55,51,51,0,0],"gold":468,"neow_bonus":"THREE_ENEMY_KILL","is_daily":false,"chose_seed":false,"campfire_upgraded":2,"win_rate":0.0,"timestamp":1609303867,"path_taken":["M","?","?","?","M","E","M","R","T","M","?","E","M","M","R","BOSS","M","?","M","?","M","R","E"],"items_purchased_type":["Relic","Relic","Relic"],"build_version":"2020-12-22","purchased_purges":0,"victory":false,"max_hp_per_floor":[75,75,75,75,75,75,75,75,75,75,75,75,75,75,75,75,81,86,86,86,98,98,98,98,98],"card_choices":[{"not_picked":[],"picked":"ChaosCard","floor":0.0},{"not_picked":["GalacticHalo","AsteroidBelt"],"picked":"SuperPerseids","floor":1.0},{"not_picked":["IllusionStar","WitchLeyline"],"picked":"DoubleSpark","floor":3.0},{"not_picked":["RefractionSpark","AlicesGift"],"picked":"MysteriousBeam","floor":4.0},{"not_picked":["SporeBomb","PropBag"],"picked":"MysteriousBeam","floor":5.0},{"not_picked":["DarkSpark","MagicAbsorber"],"picked":"EnergyFlow","floor":6.0},{"not_picked":["EnergyRecoil","UnstableBomb"],"picked":"MillisecondPulsars","floor":7.0},{"not_picked":["GravityBeat","GasGiant"],"picked":"MysteriousBeam","floor":10.0},{"not_picked":["MagicChant","Bomb"],"picked":"MysteriousBeam","floor":12.0},{"not_picked":["GravityBeat","ChargeUpSpray"],"picked":"FinalSpark","floor":13.0},{"not_picked":["SuperPerseids","StarBarrage"],"picked":"NonDirectionalLaser","floor":14.0},{"not_picked":["JA","AbsoluteMagnitude"],"picked":"BinaryStars","floor":16.0},{"not_picked":["SporeBomb","DoubleSpark+1"],"picked":"LuminesStrike","floor":18.0},{"not_picked":["IllusionStar","MilkyWay"],"picked":"LuminesStrike","floor":20.0},{"not_picked":["MeteoricShower+1","DC"],"picked":"LuminesStrike","floor":22.0}],"player_experience":18641,"relics_obtained":[{"floor":3.0,"key":"SalivaCoin"},{"floor":3.0,"key":"MawBank"},{"floor":6.0,"key":"Whetstone"},{"floor":9.0,"key":"Darkstone Periapt"},{"floor":12.0,"key":"Blood Vial"},{"floor":17.0,"key":"Oddly Smooth Stone"},{"floor":17.0,"key":"Matryoshka"},{"floor":17.0,"key":"FossilizedHelix"},{"floor":19.0,"key":"Nilry\u0027s Codex"}],"event_choices":[{"damage_healed":0.0,"max_hp_gain":0.0,"max_hp_loss":0.0,"gold_gain":0.0,"event_name":"Shining Light","player_choice":"Entered Light","floor":2.0,"gold_loss":0.0,"damage_taken":15.0,"cards_upgraded":["Defend_MRS","SuperPerseids"]},{"damage_healed":0.0,"max_hp_gain":0.0,"max_hp_loss":0.0,"gold_gain":0.0,"event_name":"HidenRoomEvent","player_choice":"Fight","floor":3.0,"gold_loss":0.0,"damage_taken":0.0},{"damage_healed":18.0,"max_hp_gain":0.0,"max_hp_loss":0.0,"gold_gain":0.0,"event_name":"The Cleric","player_choice":"Healed","floor":11.0,"gold_loss":35.0,"damage_taken":0.0},{"damage_healed":0.0,"max_hp_gain":0.0,"max_hp_loss":0.0,"gold_gain":0.0,"event_name":"Cursed Tome","player_choice":"Obtained Book","floor":19.0,"gold_loss":0.0,"damage_taken":16.0}],"is_beta":false,"boss_relics":[{"not_picked":["SlaversCollar","Philosopher\u0027s Stone"],"picked":"Calling Bell"},{"not_picked":[]}],"items_purged_floors":[],"is_endless":false,"potions_floor_spawned":[1,7,12,14,16,18],"killed_by":"Slavers","ascension_level":0}}