{"host":"mniz8q056kux99zk","time":1609368407,"event":{"mods":["Act Like it!","BaseMod","CapriCore","Hermit","Highlight Path","Hubris","Infinite Spire","Minty Spire (QoL Compilation)","Replay The Spire","StSLib"],"gold_per_floor":[113,125,145,145,162,162,228,403,426,501,61,61,74,87,87,87,87],"floor_reached":16,"playtime":614,"items_purged":["Doubt"],"score":92,"play_id":"ac566bb9-35db-4216-9d94-fd878f3bf505","local_time":"20201230174647","is_ascension_mode":false,"campfire_choices":[{"data":"hermit:Deadeye","floor":6,"key":"SMITH"},{"data":"hermit:Determination","floor":12,"key":"SMITH"},{"floor":15,"key":"DIG"}],"circlet_count":0,"master_deck":["hermit:Strike_Hermit","hermit:Strike_Hermit","hermit:Strike_Hermit","hermit:Strike_Hermit","hermit:Defend_Hermit","hermit:Defend_Hermit","hermit:Defend_Hermit","hermit:Defend_Hermit","hermit:Snapshot","hermit:Covet","hermit:Deadeye+1","hermit:Quickdraw","hermit:Glare","hermit:Enervate","hermit:Snipe","hermit:Determination+1","hermit:Maintenance","hermit:Grudge"],"relics":["hermit:Momento","NeowsBlessing","hubris:Icosahedron","Boot","Membership Card","Blood Vial","MealTicket","Replay:Mystery Machine"],"acts_visited":["Exordium"],"potions_floor_usage":[5,16,16],"damage_taken":[{"damage":0,"enemies":"infinitespire:Voidling","floor":1,"turns":1},{"damage":0,"enemies":"2 Louse","floor":2,"turns":1},{"damage":0,"enemies":"Small Slimes","floor":3,"turns":1},{"damage":2,"enemies":"Looter","floor":5,"turns":2},{"damage":6,"enemies":"Red Slaver","floor":13,"turns":3},{"damage":17,"enemies":"Large Slime","floor":14,"turns":5},{"damage":47,"enemies":"Slime Boss","floor":16,"turns":9}],"seed_played":"7173420744702211752","potions_obtained":[{"floor":1,"key":"LiquidBronze"},{"floor":2,"key":"Block Potion"},{"floor":14,"key":"Dexterity Potion"}],"is_trial":false,"path_per_floor":["M","M","M","?","M","R","?","?","T","?","$","R","M","M","R","B"],"character_chosen":"HERMIT","items_purchased":["Membership Card","Blood Vial","MealTicket","hermit:Snipe","hermit:Determination"],"campfire_rested":0,"item_purchase_floors":[11,11,11,11,11],"current_hp_per_floor":[75,75,75,75,73,73,73,73,73,62,62,62,58,43,43,0,0],"gold":87,"neow_bonus":"THREE_ENEMY_KILL","is_daily":false,"chose_seed":false,"campfire_upgraded":2,"win_rate":0.0,"timestamp":1609368407,"path_taken":["M","?","M","?","M","R","?","?","T","?","?","R","M","M","R","BOSS"],"items_purchased_type":["Relic","Relic","Relic","Card","Card"],"build_version":"2020-12-22","purchased_purges":1,"victory":false,"max_hp_per_floor":[75,75,75,75,75,75,75,75,75,75,75,75,75,75,75,75,75],"card_choices":[{"not_picked":["hermit:LuckOfTheDraw","hermit:FlashPowder"],"picked":"hermit:Deadeye","floor":1},{"not_picked":["hermit:Headshot","hermit:Showdown"],"picked":"hermit:Quickdraw","floor":2},{"not_picked":["hermit:Horror","hermit:Showdown"],"picked":"hermit:Glare","floor":3},{"not_picked":["hermit:Misfire","hermit:Manifest"],"picked":"hermit:Enervate","floor":5},{"not_picked":["hermit:EyeOfTheStorm","hermit:ItchyTrigger"],"picked":"hermit:Maintenance","floor":13},{"not_picked":["hermit:Shortfuse","hermit:Quickdraw"],"picked":"hermit:Grudge","floor":14}],"player_experience":105832,"relics_obtained":[{"floor":9,"key":"Boot"},{"floor":15,"key":"Replay:Mystery Machine"}],"event_choices":[{"damage_healed":0,"gold_gain":66,"player_choice":"Gained Gold","damage_taken":0,"max_hp_gain":0,"max_hp_loss":0,"event_name":"Golden Wing","floor":7,"gold_loss":0},{"damage_healed":0,"gold_gain":175,"player_choice":"AGREE","damage_taken":0,"max_hp_gain":0,"max_hp_loss":0,"event_name":"Liars Game","floor":8,"gold_loss":0,"cards_obtained":["Doubt"]},{"damage_healed":0,"gold_gain":75,"player_choice":"Gather Gold","damage_taken":11,"max_hp_gain":0,"max_hp_loss":0,"event_name":"World of Goop","floor":10,"gold_loss":0}],"is_beta":false,"boss_relics":[],"items_purged_floors":[11],"is_endless":false,"potions_floor_spawned":[1,2,14],"killed_by":"Slime Boss","ascension_level":0}}