{"host":"vmo6qas4tfa0p776","time":1609372347,"event":{"mods":["AchievementEnabler","BaseMod","Bestiary","Better Altar","Better Match","Better Note","Better Sensory Stone","Better Skull","Better Third Choice","Colored Map","Downfall","Minty Spire (QoL Compilation)","Relic Stats","Robot Space Explorer","Spicy Shops","StSLib","The Marked"],"gold_per_floor":[99,113,129,344,362,362,362,380,380,390,34,51,36,53,69,69,69],"floor_reached":16,"playtime":1337,"items_purged":[],"score":96,"play_id":"e2184bfe-bbd1-4730-9edf-287a401c72bb","local_time":"20201230185227","is_ascension_mode":false,"campfire_choices":[{"floor":1,"key":"RECALL"},{"floor":6,"key":"REST"}],"circlet_count":0,"master_deck":["sneckomod:Strike","sneckomod:Strike","sneckomod:Strike","sneckomod:Defend","sneckomod:Defend","sneckomod:Defend","sneckomod:TailWhip","sneckomod:SnekBite","sneckomod:Unknown","sneckomod:Unknown","sneckomod:SoulDraw","sneckomod:IronFang","sneckomod:UnknownEthereal","sneckomod:DiceCrush","sneckomod:UnknownClassBLUE","Parasite","sneckomod:PureSnecko","sneckomod:UnknownBlock","sneckomod:MasterEye","sneckomod:UnknownX","sneckomod:WideSting","sneckomod:UnknownCommonSkill","sneckomod:Cheat","sneckomod:QuickMove","sneckomod:UnknownCommonSkill"],"relics":["sneckomod:SneckoSoul","Smiling Mask","Oddly Smooth Stone","Letter Opener"],"acts_visited":["Exordium"],"potions_floor_usage":[4,5,5,11,13,15,16],"damage_taken":[{"damage":6,"enemies":"Cultist","floor":2,"turns":3},{"damage":18,"enemies":"2 Louse","floor":3,"turns":4},{"damage":2,"enemies":"Jaw Worm","floor":5,"turns":5},{"damage":12,"enemies":"Blue Slaver","floor":8,"turns":3},{"damage":1,"enemies":"Large Slime","floor":10,"turns":5},{"damage":0,"enemies":"downfall:FleeingMerchant","floor":11,"turns":4},{"damage":9,"enemies":"2 Fungi Beasts","floor":12,"turns":4},{"damage":12,"enemies":"downfall:FleeingMerchant","floor":13,"turns":4},{"damage":13,"enemies":"Red Slaver","floor":14,"turns":4},{"damage":4,"enemies":"Lots of Slimes","floor":15,"turns":2},{"damage":22,"enemies":"downfall:Defect","floor":16,"turns":4}],"seed_played":"5605519287414927001","potions_obtained":[{"floor":3,"key":"EntropicBrew"},{"floor":12,"key":"Weak Potion"},{"floor":14,"key":"DistilledChaos"},{"floor":15,"key":"Weak Potion"}],"is_trial":false,"path_per_floor":["R","M","M","?","M","R","T","M","?","M","$","M","$","M","M","B"],"character_chosen":"THE_SNECKO","items_purchased":["sneckomod:MasterEye","sneckomod:UnknownX","sneckomod:WideSting"],"campfire_rested":1,"item_purchase_floors":[11,11,11],"current_hp_per_floor":[90,84,67,13,11,38,38,27,50,49,51,43,31,18,15,0,0],"gold":69,"neow_bonus":"THREE_CARDS","is_daily":false,"chose_seed":false,"campfire_upgraded":0,"win_rate":0.0,"timestamp":1609372347,"path_taken":["R","M","M","?","?","R","T","M","?","M","$","M","$","M","M","BOSS"],"items_purchased_type":["Card","Card","Card"],"build_version":"2020-12-22","purchased_purges":0,"victory":false,"max_hp_per_floor":[90,90,91,91,91,91,91,92,92,92,94,95,95,95,96,96,96],"relic_stats":{"counters":[11,42],"Letter Opener":[45],"Smiling Mask":0,"obtain_stats":[{"Oddly Smooth Stone":4,"Letter Opener":7,"sneckomod:SneckoSoul":0,"Smiling Mask":4},{"Oddly Smooth Stone":2,"Letter Opener":3,"sneckomod:SneckoSoul":0,"Smiling Mask":2},{"Oddly Smooth Stone":7,"Letter Opener":12,"sneckomod:SneckoSoul":0,"Smiling Mask":7}]},"card_choices":[{"not_picked":["sneckomod:UnknownUncommonSkill","sneckomod:UnknownBlock"],"picked":"sneckomod:SoulDraw","floor":0},{"not_picked":["sneckomod:UnknownStrike","sneckomod:UnknownWeak"],"picked":"sneckomod:IronFang","floor":2},{"not_picked":["sneckomod:RainOfDice","sneckomod:DiceBlock"],"picked":"sneckomod:UnknownEthereal","floor":3},{"not_picked":["sneckomod:SerpentMind","sneckomod:UnknownVulnerable"],"picked":"sneckomod:DiceCrush","floor":5},{"not_picked":["sneckomod:Unknown1Cost","sneckomod:UnknownUncommonSkill"],"picked":"sneckomod:UnknownClassBLUE","floor":8},{"not_picked":["sneckomod:UnknownUncommonSkill","sneckomod:DiceCrush"],"picked":"sneckomod:PureSnecko","floor":10},{"not_picked":["sneckomod:UnknownVulnerable","sneckomod:UnknownClassROBOT_ORANGE_COLOR"],"picked":"sneckomod:UnknownBlock","floor":11},{"not_picked":["sneckomod:UnknownUncommonPower","sneckomod:RainOfDice"],"picked":"sneckomod:UnknownCommonSkill","floor":12},{"not_picked":["sneckomod:UnlimitedRolls","sneckomod:Nope"],"picked":"sneckomod:Cheat","floor":13},{"not_picked":["sneckomod:UnknownStrike","sneckomod:UnknownClassBLUE"],"picked":"sneckomod:QuickMove","floor":14},{"not_picked":["sneckomod:Unknown1Cost","sneckomod:UnknownStrike"],"picked":"sneckomod:UnknownCommonSkill","floor":15}],"player_experience":207467,"relics_obtained":[{"floor":7,"key":"Letter Opener"}],"event_choices":[{"damage_healed":0,"gold_gain":215,"player_choice":"RE RE GO GO ","damage_taken":60,"relics_obtained":["Smiling Mask","Oddly Smooth Stone"],"max_hp_gain":0,"max_hp_loss":0,"event_name":"betterSkull:BetterSkull","floor":4,"gold_loss":0,"cards_upgraded":[]},{"damage_healed":23,"gold_gain":0,"player_choice":"Healed and dodged fight","damage_taken":0,"max_hp_gain":0,"max_hp_loss":0,"event_name":"Mushrooms","floor":9,"gold_loss":0,"cards_obtained":["Parasite"]}],"is_beta":false,"boss_relics":[],"items_purged_floors":[],"is_endless":false,"potions_floor_spawned":[3,12,14,15],"killed_by":"downfall:Defect","ascension_level":0}}