{"host":"g907ck67u7c3hrs6","time":1609336629,"event":{"mods":["BaseMod","Colored Map","DeckTracker","Highlight Path","Keyboard Shortcuts","Minty Spire (QoL Compilation)","Permanent Neow","Say the Spire","SuperFastMode"],"gold_per_floor":[114,129,144,159,174,204,219,219,519,519,519],"floor_reached":10,"playtime":284,"items_purged":[],"score":72,"play_id":"a283e006-985e-465c-93d3-3d6aa2c0888d","local_time":"20201230225709","daily_mods":["Cursed Run","Diverse","DeadlyEvents"],"is_ascension_mode":false,"campfire_choices":[{"data":"Fire Breathing","floor":8,"key":"SMITH"}],"circlet_count":0,"master_deck":["Strike_B","Strike_B","Strike_B","Strike_B","Defend_B","Defend_B","Defend_B","Defend_B","Zap","Dualcast","PiercingWail","Doom and Gloom","Fire Breathing+1","Second Wind","Flame Barrier","Doubt"],"relics":["Cursed Key","Darkstone Periapt","Du-Vu Doll","Meat on the Bone","Old Coin"],"acts_visited":["Exordium"],"potions_floor_usage":[],"damage_taken":[{"damage":1,"enemies":"Cultist","floor":1,"turns":3},{"damage":0,"enemies":"Small Slimes","floor":2,"turns":3},{"damage":0,"enemies":"Jaw Worm","floor":3,"turns":3},{"damage":24,"enemies":"Exordium Thugs","floor":4,"turns":5},{"damage":13,"enemies":"2 Fungi Beasts","floor":5,"turns":3},{"damage":17,"enemies":"3 Sentries","floor":6,"turns":4},{"damage":0,"enemies":"Looter","floor":7,"turns":3},{"damage":57,"enemies":"Gremlin Nob","floor":10,"turns":5}],"seed_played":"9091901603564859836","potions_obtained":[{"floor":4,"key":"EssenceOfSteel"},{"floor":6,"key":"Dexterity Potion"},{"floor":7,"key":"FearPotion"}],"is_trial":false,"path_per_floor":["M","M","M","M","M","E","M","R","T","E"],"character_chosen":"DEFECT","items_purchased":[],"campfire_rested":0,"item_purchase_floors":[],"current_hp_per_floor":[74,74,74,50,37,20,32,32,38,0,0],"gold":519,"neow_bonus":"","is_daily":true,"chose_seed":false,"campfire_upgraded":1,"win_rate":0.0,"timestamp":1609336629,"path_taken":["M","M","?","?","M","E","M","R","T","?"],"items_purchased_type":[],"build_version":"2020-12-22","purchased_purges":0,"victory":false,"max_hp_per_floor":[75,75,75,75,75,75,75,75,81,81,81],"card_choices":[{"not_picked":["Compile Driver","Poisoned Stab"],"picked":"PiercingWail","floor":1},{"not_picked":["EmptyFist","Havoc"],"picked":"Doom and Gloom","floor":2},{"not_picked":["Outmaneuver","Melter"],"picked":"Fire Breathing","floor":3},{"not_picked":["Redo","PathToVictory","FlyingSleeves"],"picked":"SKIP","floor":4},{"not_picked":["Genetic Algorithm","CrushJoints"],"picked":"Second Wind","floor":5},{"not_picked":["Poisoned Stab","Headbutt","Barrage"],"picked":"SKIP","floor":6},{"not_picked":["Warcry","Consecrate"],"picked":"Flame Barrier","floor":7}],"player_experience":200288,"relics_obtained":[{"floor":6,"key":"Meat on the Bone"},{"floor":9,"key":"Old Coin"}],"event_choices":[],"is_beta":false,"boss_relics":[],"items_purged_floors":[],"is_endless":false,"potions_floor_spawned":[4,6,7],"killed_by":"Gremlin Nob","ascension_level":0}}