{"host":"kh6fvhxn285ncg0o","time":1609290870,"event":{"mods":["Act Like it!","BaseMod","Colored Map","Friendly Minions","Keyboard Shortcuts","Minty Spire (QoL Compilation)","Quick Restart","Relic Stats","StSLib","SuperFastMode"],"gold_per_floor":[109,127,202,202,252,280,298,326,326,341,24,24,24,43,43,119,119,129,129,155,155,170,199,199,233,233,250,262,262,290,303,303,303,303],"floor_reached":33,"playtime":580,"items_purged":["Strike_R"],"score":680,"play_id":"6ce4fe1b-83e4-4bdb-bbda-da9823019f45","local_time":"20201230101430","is_ascension_mode":true,"campfire_choices":[{"data":"Rage","floor":12.0,"key":"SMITH"},{"data":"Body Slam","floor":15.0,"key":"SMITH"},{"data":"Immolate","floor":24.0,"key":"SMITH"},{"data":"Evolve","floor":29.0,"key":"SMITH"},{"data":"Power Through","floor":32.0,"key":"SMITH"}],"circlet_count":0,"master_deck":["AscendersBane","Strike_R","Strike_R","Strike_R","Strike_R","Defend_R","Defend_R","Defend_R","Defend_R","Bash","Uppercut+1","Power Through+1","Bludgeon","Rage+1","Evolve+1","Body Slam+1","Immolate+1","Battle Trance","Feel No Pain","Sever Soul","Second Wind"],"relics":["Burning Blood","NeowsBlessing","White Beast Statue","Shovel","StoneCalendar","Bag of Marbles","Mark of Pain","Vajra","Frozen Egg 2","Self Forming Clay","Ginger","Kunai"],"acts_visited":["Exordium","TheCity"],"potions_floor_usage":[33,33],"damage_taken":[{"damage":0.0,"enemies":"Small Slimes","floor":1.0,"turns":2.0},{"damage":0.0,"enemies":"Jaw Worm","floor":2.0,"turns":1.0},{"damage":0.0,"enemies":"3 Sentries","floor":6.0,"turns":1.0},{"damage":6.0,"enemies":"Cultist","floor":7.0,"turns":4.0},{"damage":40.0,"enemies":"Gremlin Nob","floor":8.0,"turns":5.0},{"damage":4.0,"enemies":"Blue Slaver","floor":10.0,"turns":3.0},{"damage":0.0,"enemies":"Exordium Wildlife","floor":14.0,"turns":4.0},{"damage":41.0,"enemies":"Slime Boss","floor":16.0,"turns":8.0},{"damage":17.0,"enemies":"3 Byrds","floor":18.0,"turns":5.0},{"damage":6.0,"enemies":"Spheric Guardian","floor":22.0,"turns":3.0},{"damage":23.0,"enemies":"Book of Stabbing","floor":23.0,"turns":5.0},{"damage":38.0,"enemies":"Gremlin Leader","floor":25.0,"turns":4.0},{"damage":0.0,"enemies":"Snecko","floor":27.0,"turns":3.0},{"damage":0.0,"enemies":"Centurion and Healer","floor":28.0,"turns":5.0},{"damage":14.0,"enemies":"Book of Stabbing","floor":30.0,"turns":5.0},{"damage":0.0,"enemies":"Snake Plant","floor":31.0,"turns":2.0},{"damage":24,"enemies":"Collector","floor":33,"turns":3}],"seed_played":"116401670381038381","potions_obtained":[{"floor":2.0,"key":"Dexterity Potion"},{"floor":7.0,"key":"GamblersBrew"},{"floor":8.0,"key":"FearPotion"},{"floor":10.0,"key":"Energy Potion"},{"floor":14.0,"key":"SteroidPotion"},{"floor":16.0,"key":"DuplicationPotion"},{"floor":18.0,"key":"HeartOfIron"},{"floor":22.0,"key":"ColorlessPotion"},{"floor":23.0,"key":"BloodPotion"},{"floor":25.0,"key":"Block Potion"},{"floor":27.0,"key":"Block Potion"},{"floor":30.0,"key":"DuplicationPotion"},{"floor":31.0,"key":"Swift Potion"}],"is_trial":false,"path_per_floor":["M","M","?","?","?","E","M","E","T","M","$","R","$","M","R","B",null,"M","?","T","?","M","E","R","E","T","M","M","R","E","M","R","B"],"character_chosen":"IRONCLAD","items_purchased":["Evolve","Bag of Marbles"],"campfire_rested":0,"item_purchase_floors":[11,11],"current_hp_per_floor":[74,75,64,64,64,70,70,36,36,38,38,38,38,44,44,9,59,48,48,48,48,48,31,31,14,14,20,26,26,18,24,24,0,0],"gold":303,"neow_bonus":"THREE_ENEMY_KILL","is_daily":false,"chose_seed":false,"campfire_upgraded":5,"win_rate":0.0,"timestamp":1609290870,"path_taken":["M","M","?","?","?","E","M","E","T","?","$","R","$","M","R","BOSS","M","?","?","?","M","E","R","E","T","M","M","R","E","M","R","BOSS"],"items_purchased_type":["Card","Relic"],"build_version":"2020-12-22","purchased_purges":1,"victory":false,"max_hp_per_floor":[75,75,75,75,75,75,75,75,75,75,75,75,75,75,75,75,75,75,75,75,75,75,75,75,75,75,75,75,75,75,75,75,75,75],"relic_stats":{"Shovel":0,"counters":[17,63],"Self Forming Clay":[15],"StoneCalendar":[66],"Ginger":[2],"Kunai":[2],"obtain_stats":[{"Shovel":8,"NeowsBlessing":0,"Self Forming Clay":25,"Vajra":20,"StoneCalendar":9,"Mark of Pain":17,"Bag of Marbles":11,"Ginger":26,"Kunai":30,"Frozen Egg 2":23,"Burning Blood":0,"White Beast Statue":6},{"Shovel":5,"NeowsBlessing":0,"Self Forming Clay":12,"Vajra":9,"StoneCalendar":5,"Mark of Pain":8,"Bag of Marbles":6,"Ginger":12,"Kunai":15,"Frozen Egg 2":11,"Burning Blood":0,"White Beast Statue":3},{"Shovel":13,"NeowsBlessing":0,"Self Forming Clay":45,"Vajra":33,"StoneCalendar":13,"Mark of Pain":28,"Bag of Marbles":16,"Ginger":45,"Kunai":58,"Frozen Egg 2":41,"Burning Blood":0,"White Beast Statue":4}],"Burning Blood":91},"card_choices":[{"not_picked":["Armaments","Shockwave"],"picked":"Uppercut","floor":1.0},{"not_picked":["Inflame","Wild Strike"],"picked":"Power Through","floor":6.0},{"not_picked":["Shrug It Off","Perfected Strike"],"picked":"Bludgeon","floor":7.0},{"not_picked":["Clash","Pommel Strike"],"picked":"Rage","floor":8.0},{"not_picked":["Dual Wield","Uppercut","True Grit"],"picked":"SKIP","floor":10.0},{"not_picked":["Iron Wave","Anger"],"picked":"Body Slam","floor":14.0},{"not_picked":["Impervious","Fiend Fire"],"picked":"Immolate","floor":16.0},{"not_picked":["Heavy Blade","Havoc"],"picked":"Battle Trance","floor":18.0},{"not_picked":["Warcry","Blood for Blood","Cleave"],"picked":"SKIP","floor":22.0},{"not_picked":["Rage","Sword Boomerang","Flex"],"picked":"SKIP","floor":25.0},{"not_picked":["Clothesline","Sever Soul","Uppercut"],"picked":"SKIP","floor":27.0},{"not_picked":["Clothesline","Uppercut"],"picked":"Sever Soul","floor":27.0},{"not_picked":["True Grit","Wild Strike"],"picked":"Second Wind","floor":28.0},{"not_picked":["Armaments","Infernal Blade","Headbutt"],"picked":"SKIP","floor":30.0},{"not_picked":["Headbutt","Cleave","Havoc"],"picked":"SKIP","floor":31.0}],"player_experience":3315353,"relics_obtained":[{"floor":6.0,"key":"White Beast Statue"},{"floor":8.0,"key":"Shovel"},{"floor":9.0,"key":"StoneCalendar"},{"floor":20.0,"key":"Vajra"},{"floor":23.0,"key":"Frozen Egg 2"},{"floor":25.0,"key":"Self Forming Clay"},{"floor":26.0,"key":"Ginger"},{"floor":30.0,"key":"Kunai"}],"event_choices":[{"damage_healed":0.0,"max_hp_gain":0.0,"max_hp_loss":0.0,"gold_gain":75.0,"event_name":"World of Goop","player_choice":"Gather Gold","floor":3.0,"gold_loss":0.0,"damage_taken":11.0},{"damage_healed":0.0,"max_hp_gain":0.0,"max_hp_loss":0.0,"gold_gain":0.0,"event_name":"Living Wall","player_choice":"Grow","floor":4.0,"gold_loss":0.0,"damage_taken":0.0,"cards_upgraded":["Uppercut"]},{"damage_healed":0.0,"max_hp_gain":0.0,"max_hp_loss":0.0,"gold_gain":50.0,"event_name":"Golden Shrine","player_choice":"Pray","floor":5.0,"gold_loss":0.0,"damage_taken":0.0},{"damage_healed":0.0,"max_hp_gain":0.0,"max_hp_loss":0.0,"gold_gain":0.0,"event_name":"The Mausoleum","player_choice":"Ignored","floor":19.0,"gold_loss":0.0,"damage_taken":0.0},{"damage_healed":0.0,"max_hp_gain":0.0,"max_hp_loss":0.0,"gold_gain":0.0,"event_name":"The Library","player_choice":"Read","floor":21.0,"gold_loss":0.0,"damage_taken":0.0,"cards_obtained":["Feel No Pain"]}],"is_beta":false,"boss_relics":[{"not_picked":["Black Star","Busted Crown"],"picked":"Mark of Pain"}],"items_purged_floors":[11],"is_endless":false,"potions_floor_spawned":[2,7,8,10,14,16,18,22,23,25,27,28,30,31],"killed_by":"Collector","ascension_level":20}}