{"host":"a7n5dzefz0hsmd08","time":1609288806,"event":{"mods":["2.2 Compatiblity","AchievementEnabler","BaseMod","Colored Powertips","Minty Spire (QoL Compilation)","StSLib"],"gold_per_floor":[118,118,8,60,75,103,103,28,28,28,28,28,28,48,48,48,48],"floor_reached":16,"playtime":440,"items_purged":[],"score":96,"play_id":"e35f7d3a-b258-414e-9699-5b0d8db00174","local_time":"20201230014006","is_ascension_mode":false,"campfire_choices":[{"data":"Static Discharge","floor":7,"key":"SMITH"},{"data":"Streamline","floor":10,"key":"SMITH"},{"data":"FTL","floor":13,"key":"SMITH"},{"data":"White Noise","floor":15,"key":"SMITH"}],"circlet_count":0,"master_deck":["Strike_B","Strike_B","Strike_B","Strike_B","Defend_B","Defend_B","Defend_B","Defend_B","Zap","Dualcast+1","Bandage Up","Streamline+1","Static Discharge+1","Genetic Algorithm+1","White Noise+1","Capacitor","FTL+1","Parasite","Barrage"],"relics":["Cracked Core","White Beast Statue","Juzu Bracelet","Meat on the Bone"],"acts_visited":["Exordium"],"potions_floor_usage":[6,6],"damage_taken":[{"damage":0,"enemies":"2 Louse","floor":1,"turns":3},{"damage":15,"enemies":"Jaw Worm","floor":5,"turns":4},{"damage":23,"enemies":"3 Sentries","floor":6,"turns":5},{"damage":8,"enemies":"Small Slimes","floor":14,"turns":3},{"damage":45,"enemies":"The Guardian","floor":16,"turns":5}],"seed_played":"-4401182216336529653","potions_obtained":[{"floor":1,"key":"AttackPotion"},{"floor":5,"key":"LiquidMemories"},{"floor":6,"key":"Explosive Potion"},{"floor":14,"key":"Explosive Potion"}],"is_trial":false,"path_per_floor":["M","?","$","?","M","E","R","$","T","R","?","?","R","M","R","B"],"character_chosen":"DEFECT","items_purchased":["Static Discharge","Genetic Algorithm","FTL"],"campfire_rested":0,"item_purchase_floors":[3,3,8],"current_hp_per_floor":[75,68,68,68,57,38,38,38,38,38,56,41,41,41,41,0,0],"gold":48,"neow_bonus":"RANDOM_COLORLESS","is_daily":false,"chose_seed":false,"campfire_upgraded":4,"win_rate":0.0,"timestamp":1609288806,"path_taken":["M","?","$","?","M","E","R","$","T","R","?","?","R","M","R","BOSS"],"items_purchased_type":["Card","Card","Card"],"build_version":"2020-12-22","purchased_purges":0,"victory":false,"max_hp_per_floor":[75,75,75,75,75,75,75,75,75,75,75,75,75,75,75,75,75],"card_choices":[{"not_picked":["Forethought","Enlightenment"],"picked":"Bandage Up","floor":0},{"not_picked":["Stack","Skim"],"picked":"Streamline","floor":1},{"not_picked":["Stack","Turbo"],"picked":"White Noise","floor":5},{"not_picked":["Consume","Storm"],"picked":"Capacitor","floor":6},{"not_picked":["Blizzard","White Noise"],"picked":"Barrage","floor":14}],"player_experience":154950,"relics_obtained":[{"floor":6,"key":"Juzu Bracelet"},{"floor":9,"key":"Meat on the Bone"}],"event_choices":[{"damage_healed":0,"gold_gain":0,"player_choice":"Success","damage_taken":7,"relics_obtained":["White Beast Statue"],"max_hp_gain":0,"max_hp_loss":0,"event_name":"Scrap Ooze","floor":2,"gold_loss":0},{"damage_healed":0,"gold_gain":52,"player_choice":"Gained Gold","damage_taken":0,"max_hp_gain":0,"max_hp_loss":0,"event_name":"Golden Wing","floor":4,"gold_loss":0},{"damage_healed":18,"gold_gain":0,"player_choice":"Healed and dodged fight","damage_taken":0,"max_hp_gain":0,"max_hp_loss":0,"event_name":"Mushrooms","floor":11,"gold_loss":0,"cards_obtained":["Parasite"]},{"damage_healed":0,"gold_gain":0,"player_choice":"Entered Light","damage_taken":15,"max_hp_gain":0,"max_hp_loss":0,"event_name":"Shining Light","floor":12,"gold_loss":0,"cards_upgraded":["Dualcast","Genetic Algorithm"]}],"is_beta":false,"boss_relics":[],"items_purged_floors":[],"is_endless":false,"potions_floor_spawned":[1,5,6,14],"killed_by":"The Guardian","ascension_level":0}}