{"host":"6pgtslebjnyv5xmi","time":1609320092,"event":{"mods":["AchievementEnabler","BaseMod","Colored Map","Minty Spire (QoL Compilation)","Rare Cards Sparkle","StSLib","SuperFastMode","everything is the same but u backflip on backflip"],"gold_per_floor":[116,116,130,130,130,146,160,185,185,185,185],"floor_reached":10,"playtime":446,"items_purged":[],"score":96,"play_id":"5e4c788f-35b1-49ac-8137-b0043c150d18","local_time":"20201230182132","is_ascension_mode":true,"campfire_choices":[],"circlet_count":0,"master_deck":["AscendersBane","Strike_R","Strike_R","Strike_R","Strike_R","Defend_R","Defend_R","Defend_R","Defend_R","Bash","Hemokinesis","Berserk","Bloodletting","Seeing Red"],"relics":["Burning Blood","Incense Burner","Golden Idol","Red Skull"],"acts_visited":["Exordium"],"potions_floor_usage":[7,8,10],"damage_taken":[{"damage":5,"enemies":"Cultist","floor":1,"turns":5},{"damage":2,"enemies":"Jaw Worm","floor":3,"turns":3},{"damage":9,"enemies":"Small Slimes","floor":6,"turns":4},{"damage":37,"enemies":"Gremlin Gang","floor":7,"turns":4},{"damage":14,"enemies":"3 Louse","floor":8,"turns":7},{"damage":15,"enemies":"3 Sentries","floor":10,"turns":5}],"seed_played":"7114485457328381962","potions_obtained":[{"floor":1,"key":"Block Potion"},{"floor":3,"key":"BlessingOfTheForge"},{"floor":7,"key":"ColorlessPotion"}],"is_trial":false,"path_per_floor":["M","?","M","?","?","M","M","M","T","E"],"character_chosen":"IRONCLAD","items_purchased":[],"campfire_rested":0,"item_purchase_floors":[],"current_hp_per_floor":[72,72,72,54,54,51,20,12,12,0,0],"gold":185,"neow_bonus":"ONE_RARE_RELIC","is_daily":false,"chose_seed":false,"campfire_upgraded":0,"win_rate":0.0,"timestamp":1609320092,"path_taken":["M","?","?","?","?","?","M","M","T","E"],"items_purchased_type":[],"build_version":"2020-12-22","purchased_purges":0,"victory":false,"max_hp_per_floor":[72,72,72,72,72,72,72,72,72,72,72],"card_choices":[{"not_picked":["Uppercut","Iron Wave"],"picked":"Hemokinesis","floor":1},{"not_picked":["Flame Barrier","Sentinel","Searing Blow"],"picked":"SKIP","floor":3},{"not_picked":["Flex","Shrug It Off"],"picked":"Bloodletting","floor":6},{"not_picked":["Clash","Rampage"],"picked":"Seeing Red","floor":7},{"not_picked":["Second Wind","Anger","Body Slam"],"picked":"SKIP","floor":8}],"player_experience":621043,"relics_obtained":[{"floor":9,"key":"Red Skull"}],"event_choices":[{"damage_healed":0,"gold_gain":0,"player_choice":"1 cards matched","damage_taken":0,"max_hp_gain":0,"max_hp_loss":0,"event_name":"Match and Keep!","floor":2,"gold_loss":0,"cards_obtained":["Berserk"]},{"damage_healed":0,"gold_gain":0,"player_choice":"Take Damage","damage_taken":18,"relics_obtained":["Golden Idol"],"max_hp_gain":0,"max_hp_loss":0,"event_name":"Golden Idol","floor":4,"gold_loss":0},{"cards_removed":["Strike_R"],"damage_healed":0,"gold_gain":0,"player_choice":"Purged","damage_taken":0,"max_hp_gain":0,"max_hp_loss":0,"event_name":"Purifier","floor":5,"gold_loss":0}],"is_beta":false,"boss_relics":[],"items_purged_floors":[],"is_endless":false,"potions_floor_spawned":[1,3,6,7],"killed_by":"3 Sentries","ascension_level":12}}