{"host":"0ydzwspkajt4brzd","time":1609322869,"event":{"mods":["AchievementEnabler","BaseMod","Colored Map","DeckTracker","Googly Eyes","Highlight Path","Minty Spire (QoL Compilation)","Quick Restart","Random Character Button","Rare Cards Sparkle"],"gold_per_floor":[112,124,124,138,158,158,183,39,66,80,110,110,142,142,142,142,142],"floor_reached":16,"playtime":1215,"items_purged":["Strike_B"],"score":132,"play_id":"19fbd717-fc87-4586-a351-18238539ec02","local_time":"20201230020749","is_ascension_mode":true,"campfire_choices":[{"data":"White Noise","floor":6,"key":"SMITH"},{"data":"Self Repair","floor":12,"key":"SMITH"},{"data":"Reprogram","floor":15,"key":"SMITH"}],"circlet_count":0,"master_deck":["Strike_B","Strike_B","Strike_B","Defend_B","Defend_B","Defend_B","Defend_B","Zap","Dualcast","White Noise+1","Reinforced Body","Hologram","Stack","Lockon","Self Repair+1","FTL","BootSequence","Reprogram+1"],"relics":["Cracked Core","NeowsBlessing","CultistMask","Boot","MealTicket","Centennial Puzzle","Happy Flower"],"acts_visited":["Exordium"],"potions_floor_usage":[13,16,16],"damage_taken":[{"damage":0,"enemies":"Small Slimes","floor":1,"turns":1},{"damage":0,"enemies":"Cultist","floor":2,"turns":1},{"damage":0,"enemies":"Jaw Worm","floor":4,"turns":1},{"damage":10,"enemies":"2 Fungi Beasts","floor":5,"turns":5},{"damage":10,"enemies":"Lagavulin","floor":7,"turns":10},{"damage":6,"enemies":"Lots of Slimes","floor":10,"turns":7},{"damage":14,"enemies":"Gremlin Nob","floor":11,"turns":5},{"damage":8,"enemies":"3 Sentries","floor":13,"turns":9},{"damage":57,"enemies":"Slime Boss","floor":16,"turns":9}],"seed_played":"679946924280654262","potions_obtained":[{"floor":1,"key":"FearPotion"},{"floor":2,"key":"Strength Potion"},{"floor":4,"key":"Fire Potion"}],"is_trial":false,"path_per_floor":["M","M","?","M","M","R","E","$","T","M","E","R","E","?","R","B"],"character_chosen":"DEFECT","items_purchased":["Self Repair"],"campfire_rested":0,"item_purchase_floors":[8],"current_hp_per_floor":[75,75,75,75,65,65,55,55,55,56,49,49,51,56,56,0,0],"gold":142,"neow_bonus":"THREE_ENEMY_KILL","is_daily":false,"chose_seed":false,"campfire_upgraded":3,"win_rate":0.0,"timestamp":1609322869,"path_taken":["M","M","?","M","?","R","E","$","T","M","E","R","E","?","R","BOSS"],"items_purchased_type":["Card"],"build_version":"2020-12-22","purchased_purges":1,"victory":false,"max_hp_per_floor":[75,75,75,75,75,75,75,75,75,75,75,75,75,80,80,80,80],"card_choices":[{"not_picked":["Storm","Steam"],"picked":"White Noise","floor":1},{"not_picked":["Cold Snap","Leap"],"picked":"Reinforced Body","floor":2},{"not_picked":["Leap","Biased Cognition"],"picked":"Hologram","floor":4},{"not_picked":["Go for the Eyes","Turbo"],"picked":"Stack","floor":5},{"not_picked":["Heatsinks","Double Energy"],"picked":"Lockon","floor":7},{"not_picked":["Beam Cell","Streamline"],"picked":"FTL","floor":10},{"not_picked":["Compile Driver","Meteor Strike"],"picked":"BootSequence","floor":11},{"not_picked":["Gash","Genetic Algorithm"],"picked":"Reprogram","floor":13}],"player_experience":408940,"relics_obtained":[{"floor":7,"key":"Boot"},{"floor":9,"key":"MealTicket"},{"floor":11,"key":"Centennial Puzzle"},{"floor":13,"key":"Happy Flower"}],"event_choices":[{"damage_healed":0,"gold_gain":0,"player_choice":"Trade","damage_taken":0,"relics_obtained":["CultistMask"],"max_hp_gain":0,"max_hp_loss":0,"event_name":"FaceTrader","floor":3,"gold_loss":0},{"damage_healed":0,"gold_gain":0,"player_choice":"Donut","damage_taken":0,"max_hp_gain":5,"max_hp_loss":0,"event_name":"Big Fish","floor":14,"gold_loss":0}],"is_beta":false,"boss_relics":[],"items_purged_floors":[8],"is_endless":false,"potions_floor_spawned":[1,2,4,10],"killed_by":"Slime Boss","ascension_level":2}}