{"host":"udzsrhbqdxqtlypj","time":1609355762,"event":{"mods":["BaseMod","Minty Spire (QoL Compilation)","Relic Stats"],"gold_per_floor":[112,112,123,137,212,247,247,273,273,303,303,382,401,428,428,531,531,547,564,564,156,167,194,194,221,295,295,328,328,353,372,372,467,467,480,755,320,337,351,380,394,394,418,453,468,468,480,512,512,512,512,512,51,83,83],"floor_reached":56,"playtime":4500,"items_purged":["Regret","Cleave"],"score":2540,"play_id":"d9cfa80a-3800-46e4-af2a-517cf1191bee","local_time":"20201230131602","is_ascension_mode":true,"campfire_choices":[{"floor":7,"key":"REST"},{"data":"Perfected Strike","floor":11,"key":"SMITH"},{"data":"True Grit","floor":15,"key":"SMITH"},{"data":"Demon Form","floor":24,"key":"SMITH"},{"data":"Shrug It Off","floor":27,"key":"SMITH"},{"floor":32,"key":"REST"},{"floor":42,"key":"RECALL"},{"data":"Perfected Strike","floor":46,"key":"SMITH"},{"data":"Perfected Strike","floor":49,"key":"SMITH"},{"data":"Perfected Strike","floor":52,"key":"SMITH"}],"circlet_count":0,"master_deck":["AscendersBane","Strike_R","Strike_R","Strike_R","Strike_R","Strike_R","Defend_R","Defend_R","Defend_R+1","Defend_R","Bash+1","Perfected Strike+1","Barricade","True Grit+1","Perfected Strike","Shrug It Off+1","Barricade","Second Wind","Wild Strike+1","Clothesline+1","Body Slam","Ghostly Armor","The Bomb","Demon Form+1","Sentinel+1","Shockwave+1","Wild Strike+1","Sentinel+1","Shockwave+1","Shrug It Off+1","Impervious+1","Perfected Strike+1","Entrench+1","Shockwave+1","Perfected Strike+1","Perfected Strike+1","Perfected Strike+1","Wild Strike+1","Body Slam+1","Uppercut+1","Dark Embrace+1","Flame Barrier+1","Entrench+1","Impervious+1","Armaments+1","Flame Barrier+1","Shrug It Off+1","Evolve","Shockwave+1"],"relics":["Snecko Eye","FossilizedHelix","Incense Burner","Charon\u0027s Ashes","Prayer Wheel","SlaversCollar","MutagenicStrength","Bag of Marbles","Paper Frog","Bronze Scales","Toxic Egg 2","Question Card","Nloth\u0027s Gift","Smiling Mask","Velvet Choker","ClockworkSouvenir","Anchor","Blue Candle","Strawberry","Mango","Nunchaku","Toolbox","Toy Ornithopter"],"acts_visited":["Exordium","TheCity","TheBeyond","TheEnding"],"potions_floor_usage":[6,18,22,28,31,40,55,55],"damage_taken":[{"damage":0,"enemies":"Cultist","floor":1,"turns":2},{"damage":7,"enemies":"Jaw Worm","floor":3,"turns":2},{"damage":0,"enemies":"Small Slimes","floor":4,"turns":2},{"damage":22,"enemies":"3 Sentries","floor":6,"turns":8},{"damage":0,"enemies":"Gremlin Nob","floor":8,"turns":3},{"damage":2,"enemies":"3 Sentries","floor":10,"turns":5},{"damage":0,"enemies":"2 Fungi Beasts","floor":13,"turns":4},{"damage":0,"enemies":"Lagavulin","floor":14,"turns":6},{"damage":0,"enemies":"Slime Boss","floor":16,"turns":9},{"damage":0,"enemies":"2 Thieves","floor":18,"turns":3},{"damage":0,"enemies":"Spheric Guardian","floor":19,"turns":5},{"damage":17,"enemies":"Centurion and Healer","floor":22,"turns":4},{"damage":0,"enemies":"Gremlin Leader","floor":23,"turns":4},{"damage":7,"enemies":"Book of Stabbing","floor":25,"turns":3},{"damage":15,"enemies":"Slavers","floor":28,"turns":5},{"damage":0,"enemies":"Gremlin Leader","floor":30,"turns":5},{"damage":0,"enemies":"Chosen and Byrds","floor":31,"turns":5},{"damage":0,"enemies":"Champ","floor":33,"turns":7},{"damage":0,"enemies":"3 Darklings","floor":35,"turns":3},{"damage":0,"enemies":"Orb Walker","floor":38,"turns":1},{"damage":0,"enemies":"Jaw Worm Horde","floor":39,"turns":2},{"damage":0,"enemies":"Reptomancer","floor":40,"turns":3},{"damage":0,"enemies":"4 Shapes","floor":41,"turns":2},{"damage":0,"enemies":"Giant Head","floor":44,"turns":5},{"damage":0,"enemies":"3 Darklings","floor":45,"turns":3},{"damage":0,"enemies":"Spire Growth","floor":47,"turns":2},{"damage":0,"enemies":"Reptomancer","floor":48,"turns":2},{"damage":0,"enemies":"Donu and Deca","floor":50,"turns":7},{"damage":0,"enemies":"Shield and Spear","floor":54,"turns":5},{"damage":0,"enemies":"The Heart","floor":55,"turns":7}],"seed_played":"-1710099113513820359","potions_obtained":[{"floor":4,"key":"SteroidPotion"},{"floor":8,"key":"ElixirPotion"},{"floor":13,"key":"Ancient Potion"},{"floor":19,"key":"BlessingOfTheForge"},{"floor":22,"key":"ElixirPotion"},{"floor":25,"key":"SkillPotion"},{"floor":28,"key":"Dexterity Potion"},{"floor":31,"key":"Block Potion"},{"floor":35,"key":"Weak Potion"},{"floor":38,"key":"GamblersBrew"},{"floor":40,"key":"EssenceOfSteel"},{"floor":47,"key":"Block Potion"},{"floor":54,"key":"DuplicationPotion"}],"is_trial":false,"path_per_floor":["M","?","M","M","?","E","R","E","T","E","R","?","M","E","R","B",null,"M","M","?","$","M","E","R","E","T","R","E","?","E","M","R","B",null,"M","?","$","M","M","E","M","R","T","E","M","R","M","E","R","B",null,"R","$","E","B",null],"character_chosen":"IRONCLAD","items_purchased":["Body Slam","Ghostly Armor","The Bomb","Bag of Marbles","ClockworkSouvenir","Anchor","Shockwave+1","Perfected Strike","Nunchaku","Toolbox","Shrug It Off+1","Evolve"],"campfire_rested":2,"item_purchase_floors":[21,21,21,21,37,37,37,37,53,53,53,53],"current_hp_per_floor":[72,56,49,49,38,16,40,40,40,38,38,38,38,38,38,38,70,70,70,70,70,53,53,53,46,46,46,31,31,31,31,55,55,74,74,74,74,74,74,74,74,74,74,81,81,81,81,95,95,95,100,100,100,100,101],"gold":83,"neow_bonus":"BOSS_RELIC","is_daily":false,"chose_seed":false,"campfire_upgraded":7,"win_rate":0.0,"timestamp":1609355762,"path_taken":["M","?","M","M","?","E","R","E","T","E","R","?","M","E","R","BOSS","M","M","?","$","M","E","R","E","T","R","E","?","E","?","R","BOSS","M","?","$","?","?","E","M","R","T","E","M","R","M","E","R","BOSS","R","$","E","BOSS"],"items_purchased_type":["Card","Card","Card","Relic","Relic","Relic","Card","Card","Relic","Relic","Card","Card"],"build_version":"2020-12-22","purchased_purges":2,"victory":true,"max_hp_per_floor":[80,80,80,80,80,80,80,80,80,80,80,80,80,80,80,80,80,80,80,80,80,80,80,80,80,80,80,80,80,80,80,80,80,80,80,80,80,80,80,80,80,80,80,87,87,87,87,101,101,101,101,101,101,101,101],"relic_stats":{"Nunchaku":[1],"counters":[30,124],"Bronze Scales":[216],"Blue Candle":[0],"Snecko Eye":[189,228,222,209],"Prayer Wheel":11,"Charon\u0027s Ashes":[412],"Nloth\u0027s Gift":3,"Question Card":20,"Smiling Mask":75,"obtain_stats":[{"Mango":48,"Incense Burner":8,"Smiling Mask":30,"Burning Blood":0,"ClockworkSouvenir":37,"Nunchaku":53,"Strawberry":44,"Toolbox":53,"Prayer Wheel":10,"Toxic Egg 2":26,"Paper Frog":23,"Blue Candle":40,"Velvet Choker":34,"Charon\u0027s Ashes":9,"Orichalcum":14,"Question Card":28,"SlaversCollar":17,"Anchor":37,"MutagenicStrength":20,"Bronze Scales":25,"Snecko Eye":0,"Bag of Marbles":21,"Nloth\u0027s Gift":29,"FossilizedHelix":6,"Toy Ornithopter":54},{"Mango":27,"Incense Burner":5,"Smiling Mask":16,"Burning Blood":0,"ClockworkSouvenir":19,"Nunchaku":28,"Strawberry":24,"Toolbox":28,"Prayer Wheel":6,"Toxic Egg 2":14,"Paper Frog":13,"Blue Candle":22,"Velvet Choker":18,"Charon\u0027s Ashes":5,"Orichalcum":8,"Question Card":15,"SlaversCollar":9,"Anchor":19,"MutagenicStrength":11,"Bronze Scales":14,"Snecko Eye":0,"Bag of Marbles":11,"Nloth\u0027s Gift":15,"FossilizedHelix":4,"Toy Ornithopter":29},{"Mango":105,"Incense Burner":17,"Smiling Mask":70,"Burning Blood":0,"ClockworkSouvenir":85,"Nunchaku":112,"Strawberry":98,"Toolbox":112,"Prayer Wheel":22,"Toxic Egg 2":60,"Paper Frog":57,"Blue Candle":91,"Velvet Choker":82,"Charon\u0027s Ashes":17,"Orichalcum":32,"Question Card":65,"SlaversCollar":41,"Anchor":85,"MutagenicStrength":49,"Bronze Scales":60,"Snecko Eye":0,"Bag of Marbles":49,"Nloth\u0027s Gift":65,"FossilizedHelix":14,"Toy Ornithopter":117}],"Toy Ornithopter":1},"card_choices":[{"not_picked":["Fire Breathing","Clash"],"picked":"Perfected Strike","floor":1},{"not_picked":["Havoc","Body Slam"],"picked":"Cleave","floor":3},{"not_picked":["Warcry","Power Through","Cleave"],"picked":"SKIP","floor":4},{"not_picked":["Dropkick","Inflame"],"picked":"Barricade","floor":6},{"not_picked":["Armaments","Inflame","Iron Wave"],"picked":"SKIP","floor":8},{"not_picked":["Heavy Blade","Whirlwind"],"picked":"True Grit","floor":10},{"not_picked":["Sever Soul","Heavy Blade"],"picked":"Perfected Strike","floor":13},{"not_picked":["Rupture","Spot Weakness"],"picked":"Shrug It Off","floor":13},{"not_picked":["Iron Wave","Pommel Strike","Sever Soul"],"picked":"SKIP","floor":14},{"not_picked":["Brutality","Double Tap"],"picked":"Barricade","floor":16},{"not_picked":["Inflame","Seeing Red"],"picked":"Second Wind","floor":18},{"not_picked":["Twin Strike","True Grit"],"picked":"Wild Strike+1","floor":18},{"not_picked":["Sword Boomerang","Headbutt+1"],"picked":"Clothesline+1","floor":19},{"not_picked":["True Grit","Armaments","Fire Breathing"],"picked":"SKIP","floor":19},{"not_picked":["Headbutt","Twin Strike"],"picked":"Demon Form","floor":22},{"not_picked":["Thunderclap+1","Metallicize"],"picked":"Sentinel+1","floor":22},{"not_picked":["Rampage","Second Wind+1"],"picked":"Shockwave+1","floor":23},{"not_picked":["Sword Boomerang+1","Sentinel","Clash"],"picked":"SKIP","floor":25},{"not_picked":["Double Tap+1","Iron Wave"],"picked":"Wild Strike+1","floor":28},{"not_picked":["Barricade","Anger","Body Slam"],"picked":"Sentinel+1","floor":30},{"not_picked":["True Grit+1","Evolve","Twin Strike"],"picked":"Shockwave+1","floor":31},{"not_picked":["Heavy Blade+1","Twin Strike","Intimidate+1"],"picked":"Shrug It Off+1","floor":31},{"not_picked":["Barricade","Limit Break+1","Berserk"],"picked":"Impervious+1","floor":33},{"not_picked":["True Grit+1","Dark Embrace+1","Sword Boomerang"],"picked":"Perfected Strike+1","floor":35},{"not_picked":["Fire Breathing","Rampage","Shrug It Off+1"],"picked":"Entrench+1","floor":35},{"not_picked":["Bloodletting+1","Armaments+1","Double Tap+1"],"picked":"Perfected Strike","floor":38},{"not_picked":["Ghostly Armor+1","Anger+1","Rupture"],"picked":"Perfected Strike","floor":38},{"not_picked":["Disarm+1","Dropkick","Anger"],"picked":"Wild Strike+1","floor":39},{"not_picked":["Flex+1","Heavy Blade","Sword Boomerang","Pommel Strike"],"picked":"SKIP","floor":39},{"not_picked":["Reckless Charge","Fire Breathing+1","Immolate"],"picked":"Body Slam+1","floor":40},{"not_picked":["Armaments+1","Body Slam+1","Fiend Fire"],"picked":"Uppercut+1","floor":41},{"not_picked":["Anger+1","Burning Pact+1","Sword Boomerang","True Grit+1"],"picked":"SKIP","floor":41},{"not_picked":["Corruption","Burning Pact+1","Searing Blow"],"picked":"Dark Embrace+1","floor":44},{"not_picked":["Whirlwind+1","Twin Strike+1","Warcry+1"],"picked":"Flame Barrier+1","floor":45},{"not_picked":["Headbutt+1","Second Wind+1","Evolve+1"],"picked":"Entrench+1","floor":45},{"not_picked":["Wild Strike+1","Dual Wield+1","Dark Embrace+1"],"picked":"Impervious+1","floor":47},{"not_picked":["Battle Trance+1","Sword Boomerang","Blood for Blood"],"picked":"Armaments+1","floor":47},{"not_picked":["Feed","Anger","Warcry+1"],"picked":"Flame Barrier+1","floor":48},{"not_picked":["Corruption","Burning Pact+1","Shrug It Off+1"],"picked":"Shockwave+1","floor":54}],"player_experience":2759773,"relics_obtained":[{"floor":6,"key":"FossilizedHelix"},{"floor":8,"key":"Incense Burner"},{"floor":9,"key":"Charon\u0027s Ashes"},{"floor":10,"key":"Prayer Wheel"},{"floor":14,"key":"Orichalcum"},{"floor":23,"key":"Paper Frog"},{"floor":25,"key":"Bronze Scales"},{"floor":26,"key":"Toxic Egg 2"},{"floor":28,"key":"Question Card"},{"floor":30,"key":"Smiling Mask"},{"floor":40,"key":"Blue Candle"},{"floor":44,"key":"Strawberry"},{"floor":48,"key":"Mango"},{"floor":54,"key":"Toy Ornithopter"}],"event_choices":[{"damage_healed":0,"gold_gain":0,"player_choice":"Entered Light","damage_taken":16,"max_hp_gain":0,"max_hp_loss":0,"event_name":"Shining Light","floor":2,"gold_loss":0,"cards_upgraded":["Defend_R","Bash"]},{"damage_healed":0,"gold_gain":75,"player_choice":"Gather Gold","damage_taken":11,"max_hp_gain":0,"max_hp_loss":0,"event_name":"World of Goop","floor":5,"gold_loss":0},{"damage_healed":0,"gold_gain":79,"player_choice":"Gained Gold","damage_taken":0,"max_hp_gain":0,"max_hp_loss":0,"event_name":"Golden Wing","floor":12,"gold_loss":0},{"damage_healed":0,"gold_gain":0,"player_choice":"Inject Mutagens","damage_taken":0,"relics_obtained":["MutagenicStrength"],"max_hp_gain":0,"max_hp_loss":0,"event_name":"Drug Dealer","floor":20,"gold_loss":0},{"damage_healed":0,"gold_gain":0,"player_choice":"Traded Relic","damage_taken":0,"relics_obtained":["Nloth\u0027s Gift"],"max_hp_gain":0,"max_hp_loss":0,"event_name":"N\u0027loth","floor":29,"relics_lost":["Orichalcum"],"gold_loss":0},{"damage_healed":0,"gold_gain":275,"player_choice":"Desecrate","damage_taken":0,"max_hp_gain":0,"max_hp_loss":0,"event_name":"Golden Shrine","floor":36,"gold_loss":0,"cards_obtained":["Regret"]}],"is_beta":false,"boss_relics":[{"not_picked":["Coffee Dripper","SacredBark"],"picked":"SlaversCollar"},{"not_picked":["Philosopher\u0027s Stone","Empty Cage"],"picked":"Velvet Choker"}],"items_purged_floors":[37,53],"is_endless":false,"potions_floor_spawned":[4,8,13,19,22,25,28,31,35,38,40,44,47,54],"ascension_level":10}}