{"host":"apuj0zfpxjdr3iqq","time":1609293521,"event":{"mods":["Arknights The Spire","BaseMod","Better Skull","Better Third Choice","Lobotomy","Minty Spire (QoL Compilation)","Relic Stats","StSLib","SuperFastMode","The Dragon Tamer","The Poker Player","Uncapped","Waifu the Spire"],"gold_per_floor":[216,216,228,228,247,277,277,305,305,305,83,109,109,109,109,207,207,223,138,138,38,66,93,93,93,119,119,528,553,553,570,570,570,570],"floor_reached":33,"playtime":1408,"items_purged":["ats:Strike V","ats:Strike C"],"score":338,"play_id":"89e452fc-622a-432d-9959-13877f3c7016","local_time":"20201230105841","is_ascension_mode":true,"campfire_choices":[{"floor":7,"key":"REST"},{"floor":10,"key":"REST"},{"data":"ats:Neurotoxin","floor":13,"key":"SMITH"},{"data":"ats:Powerful Strike","floor":15,"key":"SMITH"},{"data":"ats:Rapid Magazine","floor":27,"key":"SMITH"},{"floor":32,"key":"REST"}],"circlet_count":0,"master_deck":["ats:Strike G","ats:Strike S","ats:Armor Crushing Shot","ats:Defend","ats:Defend","ats:Defend","ats:Emotion Absorption+1","ats:Hammer On+1","ats:Rapid Magazine+1","ats:Sword Rain","ats:Powerful Strike+1","ats:Neurotoxin+1","ats:Consecutive Shot Auto+1","ats:Shell Defense+1","ats:Neurotoxin"],"relics":["ats:Sanity","ats:Originium","ats:Berate","Shuriken","Pen Nib","PreservedInsect","Boot","ats:Omniscience","CeramicFish","TungstenRod","Lantern","Old Coin","Blue Candle","Happy Flower"],"acts_visited":["Exordium","TheCity"],"potions_floor_usage":[14,18,18,33],"damage_taken":[{"damage":0,"enemies":"2 Louse","floor":1,"turns":3},{"damage":1,"enemies":"Jaw Worm","floor":3,"turns":3},{"damage":1,"enemies":"Cultist","floor":5,"turns":3},{"damage":27,"enemies":"Gremlin Nob","floor":6,"turns":4},{"damage":26,"enemies":"3 Sentries","floor":8,"turns":6},{"damage":11,"enemies":"Gremlin Nob","floor":12,"turns":3},{"damage":44,"enemies":"Hexaghost","floor":16,"turns":7},{"damage":0,"enemies":"3 Byrds","floor":18,"turns":3},{"damage":0,"enemies":"2 Thieves","floor":22,"turns":3},{"damage":0,"enemies":"Gremlin Leader","floor":23,"turns":5},{"damage":11,"enemies":"Colosseum Slavers","floor":28,"turns":3},{"damage":0,"enemies":"Colosseum Nobs","floor":28,"turns":4},{"damage":19,"enemies":"Book of Stabbing","floor":29,"turns":4},{"damage":18,"enemies":"Snake Plant","floor":31,"turns":4},{"damage":56,"enemies":"Automaton","floor":33,"turns":6}],"seed_played":"4369169270564045158","potions_obtained":[{"floor":6,"key":"Weak Potion"},{"floor":8,"key":"Fire Potion"},{"floor":14,"key":"Fruit Juice"},{"floor":14,"key":"Explosive Potion"},{"floor":29,"key":"SteroidPotion"},{"floor":31,"key":"ats:Emergency Sanity Potion"}],"is_trial":false,"path_per_floor":["M","?","M","?","M","E","R","E","T","R","$","E","R","?","R","B",null,"M","?","?","$","M","E","$","$","T","R","?","E","?","M","R","B"],"character_chosen":"DOCTOR_CLASS","items_purchased":["PreservedInsect"],"campfire_rested":3,"item_purchase_floors":[11],"current_hp_per_floor":[72,72,71,71,70,43,64,38,38,59,59,48,48,53,53,9,77,77,77,77,77,77,77,77,77,77,77,66,50,37,19,43,0,0],"gold":570,"neow_bonus":"HUNDRED_GOLD","is_daily":false,"chose_seed":false,"campfire_upgraded":3,"win_rate":0.0,"timestamp":1609293521,"path_taken":["M","?","M","?","?","E","R","E","T","R","?","E","R","?","R","BOSS","M","?","?","$","?","E","?","$","T","R","?","E","?","M","R","BOSS"],"items_purchased_type":["Relic"],"build_version":"2020-12-22","purchased_purges":2,"victory":false,"max_hp_per_floor":[72,72,72,72,72,72,72,72,72,72,72,72,72,77,77,77,77,77,77,77,77,77,77,77,77,77,77,77,77,82,82,82,82,82],"relic_stats":{"Happy Flower":[3],"counters":[15,61],"Shuriken":[13],"CeramicFish":18,"Blue Candle":[0],"Pen Nib":[9],"PreservedInsect":147,"Boot":[12],"obtain_stats":[{"Lantern":26,"Happy Flower":29,"CeramicFish":19,"Blue Candle":28,"Pen Nib":9,"PreservedInsect":11,"Boot":12,"Old Coin":28,"ats:Originium":6,"Shuriken":8,"ats:Berate":6,"ats:Sanity":0,"ats:Omniscience":17,"TungstenRod":23},{"Lantern":10,"Happy Flower":13,"CeramicFish":8,"Blue Candle":12,"Pen Nib":5,"PreservedInsect":5,"Boot":6,"Old Coin":12,"ats:Originium":4,"Shuriken":5,"ats:Berate":4,"ats:Sanity":0,"ats:Omniscience":7,"TungstenRod":10},{"Lantern":40,"Happy Flower":51,"CeramicFish":32,"Blue Candle":47,"Pen Nib":19,"PreservedInsect":19,"Boot":22,"Old Coin":47,"ats:Originium":13,"Shuriken":19,"ats:Berate":13,"ats:Sanity":0,"ats:Omniscience":29,"TungstenRod":40}],"TungstenRod":14},"card_choices":[{"not_picked":["ats:Childhood Dance","ats:Apocalypse"],"picked":"ats:Hammer On","floor":1},{"not_picked":["ats:Revitalization","ats:Magnetic Hammer"],"picked":"ats:Rapid Magazine","floor":3},{"not_picked":["ats:Hammer On","ats:Leaping Hammer"],"picked":"ats:Sword Rain","floor":5},{"not_picked":["ats:Flexible Camouflage","ats:Part Time Job"],"picked":"ats:Powerful Strike","floor":6},{"not_picked":["ats:Beaten Up","ats:Directed Diagnosis","ats:Steam Pump"],"picked":"SKIP","floor":8},{"not_picked":["ats:Roar Of Ursus","ats:Assault Order"],"picked":"ats:Neurotoxin","floor":12},{"not_picked":["ats:Assault Order","ats:Collapsing Strike"],"picked":"ats:Consecutive Shot Auto+1","floor":18},{"not_picked":["ats:Thermite Blade","ats:Cat Scratch"],"picked":"ats:Shell Defense+1","floor":22},{"not_picked":["ats:Apocalypse","ats:Consecutive Shot Auto","ats:Hammer On"],"picked":"SKIP","floor":23},{"not_picked":["ats:Apocalypse","ats:Sunburst+1"],"picked":"ats:Neurotoxin","floor":28},{"not_picked":["ats:Directed Diagnosis","ats:Curse Doll","ats:Explosion Area Strengthen"],"picked":"SKIP","floor":29},{"not_picked":["ats:Hammer On","ats:Explosion Area Strengthen","ats:Flexible Camouflage"],"picked":"SKIP","floor":31}],"player_experience":439566,"relics_obtained":[{"floor":6,"key":"ats:Originium"},{"floor":6,"key":"ats:Berate"},{"floor":8,"key":"ats:Originium"},{"floor":8,"key":"Shuriken"},{"floor":9,"key":"Pen Nib"},{"floor":12,"key":"ats:Originium"},{"floor":12,"key":"Boot"},{"floor":23,"key":"TungstenRod"},{"floor":26,"key":"Lantern"},{"floor":28,"key":"Old Coin"},{"floor":28,"key":"Blue Candle"},{"floor":29,"key":"Happy Flower"}],"event_choices":[{"damage_healed":0,"gold_gain":0,"player_choice":"Grow","damage_taken":0,"max_hp_gain":0,"max_hp_loss":0,"event_name":"Living Wall","floor":2,"gold_loss":0,"cards_upgraded":["ats:Hammer On"]},{"damage_healed":0,"gold_gain":0,"player_choice":"Upgraded","damage_taken":0,"max_hp_gain":0,"max_hp_loss":0,"event_name":"Upgrade Shrine","floor":4,"gold_loss":0,"cards_upgraded":["ats:Emotion Absorption"]},{"damage_healed":0,"gold_gain":0,"player_choice":"Got Potions","damage_taken":0,"max_hp_gain":0,"max_hp_loss":0,"event_name":"Lab","floor":14,"gold_loss":0},{"damage_healed":0,"gold_gain":0,"player_choice":"Obtained Relic","damage_taken":0,"relics_obtained":["CeramicFish"],"max_hp_gain":0,"max_hp_loss":0,"event_name":"Addict","floor":19,"gold_loss":85},{"cards_removed":["ats:Defend"],"damage_healed":0,"gold_gain":0,"player_choice":"Purged","damage_taken":0,"max_hp_gain":0,"max_hp_loss":0,"event_name":"Purifier","floor":20,"gold_loss":0},{"damage_healed":0,"gold_gain":0,"player_choice":"Fight","damage_taken":0,"max_hp_gain":0,"max_hp_loss":0,"event_name":"Colosseum","floor":28,"gold_loss":0},{"damage_healed":0,"gold_gain":0,"player_choice":"Fought Nobs","damage_taken":0,"max_hp_gain":0,"max_hp_loss":0,"event_name":"Colosseum","floor":28,"gold_loss":0},{"damage_healed":0,"gold_gain":0,"player_choice":"Shed Blood","damage_taken":19,"max_hp_gain":5,"max_hp_loss":0,"event_name":"Forgotten Altar","floor":30,"gold_loss":0}],"is_beta":false,"boss_relics":[{"not_picked":["Busted Crown","Snecko Eye"],"picked":"ats:Omniscience"}],"items_purged_floors":[11,21],"is_endless":false,"potions_floor_spawned":[6,8,28,29,31],"killed_by":"Automaton","ascension_level":1}}