{"host":"6z6y4ky8uzsz1dpj","time":1609351406,"event":{"mods":["AchievementEnabler","BaseMod","BetterRewards","Challenge The Spire","Colored Map","Custom Start","Hubris","Minty Spire (QoL Compilation)","Quick Restart","Replay The Spire","StSLib"],"gold_per_floor":[118,129,129,146,166,194,211,237,237,237,256,256,256,270,270,373,373,383,213,224,239,64,97,111,111,136,136,146,158,100,190,190,190,190],"floor_reached":33,"playtime":1893,"items_purged":["Strike_P","Strike_P"],"score":281,"play_id":"87b3415e-eea0-4ce2-b2c1-0cc31719c77c","local_time":"20201230130326","is_ascension_mode":false,"campfire_choices":[{"data":"Consecrate","floor":10,"key":"SMITH"},{"floor":12,"key":"REST"},{"data":"Perseverance","floor":15,"key":"SMITH"},{"floor":25,"key":"REST"},{"floor":27,"key":"REST"},{"floor":32,"key":"REST"}],"circlet_count":0,"master_deck":["Strike_P","Strike_P","Defend_P+1","Defend_P","Defend_P","Defend_P","Eruption","Vigilance","Consecrate+1","CutThroughFate","ThirdEye","CutThroughFate+1","MentalFortress","WheelKick","CrushJoints","Perseverance+1","Conclude","Nirvana","LikeWater","LikeWater","Consecrate","Dramatic Entrance","Replay:Cycle","JustLucky+1","Nirvana","Nirvana"],"relics":["PureWater","Anchor","GoldenEye","hubris:Towel","Orichalcum","Replay:Baseball","hubris:OldNail","Fusion Hammer","Blood Vial","Gremlin Food"],"acts_visited":["Exordium","TheCity"],"potions_floor_usage":[6,6,8,16,33,33,33],"damage_taken":[{"damage":0,"enemies":"Small Slimes","floor":1,"turns":4},{"damage":1,"enemies":"Jaw Worm","floor":2,"turns":4},{"damage":0,"enemies":"Cultist","floor":4,"turns":2},{"damage":3,"enemies":"Looter","floor":5,"turns":4},{"damage":16,"enemies":"Lagavulin","floor":6,"turns":6},{"damage":0,"enemies":"Lots of Slimes","floor":7,"turns":3},{"damage":22,"enemies":"3 Sentries","floor":8,"turns":8},{"damage":0,"enemies":"Large Slime","floor":11,"turns":3},{"damage":0,"enemies":"Gremlin Gang","floor":14,"turns":1},{"damage":29,"enemies":"The Guardian","floor":16,"turns":12},{"damage":13,"enemies":"Shell Parasite","floor":18,"turns":4},{"damage":14,"enemies":"Spheric Guardian","floor":20,"turns":4},{"damage":13,"enemies":"Shelled Parasite and Fungi","floor":21,"turns":6},{"damage":14,"enemies":"Book of Stabbing","floor":23,"turns":6},{"damage":0,"enemies":"Sentry and Sphere","floor":24,"turns":6},{"damage":5,"enemies":"Snake Plant","floor":28,"turns":6},{"damage":12,"enemies":"Centurion and Healer","floor":29,"turns":6},{"damage":77,"enemies":"Automaton","floor":33,"turns":6}],"seed_played":"-7456667769829026412","potions_obtained":[{"floor":2,"key":"ColorlessPotion"},{"floor":5,"key":"Swift Potion"},{"floor":6,"key":"Dexterity Potion"},{"floor":7,"key":"Adrenaline Potion"},{"floor":11,"key":"Reflective Coating"},{"floor":20,"key":"LiquidBronze"},{"floor":23,"key":"Elixir"},{"floor":24,"key":"ColorlessPotion"},{"floor":28,"key":"Weak Potion"}],"is_trial":false,"path_per_floor":["M","M","?","M","M","E","M","E","T","R","M","R","?","M","R","B",null,"M","$","M","M","$","E","M","R","T","R","M","M","$","?","R","B"],"character_chosen":"WATCHER","items_purchased":["Consecrate","Anchor","Nirvana","LikeWater","Consecrate","Dramatic Entrance","Nirvana"],"campfire_rested":4,"item_purchase_floors":[0,0,19,22,22,22,30],"current_hp_per_floor":[65,64,64,64,61,45,45,23,23,23,23,44,44,44,44,15,72,59,59,45,32,32,18,20,41,41,62,59,49,49,37,58,0,0],"gold":190,"neow_bonus":"","is_daily":false,"chose_seed":false,"campfire_upgraded":2,"win_rate":0.0,"timestamp":1609351406,"path_taken":["M","M","?","M","M","E","M","E","T","R","M","R","?","M","R","BOSS","M","$","M","M","$","E","M","R","T","R","M","?","$","?","R","BOSS"],"items_purchased_type":["Card","Relic","Card","Card","Card","Card","Card"],"build_version":"2020-12-22","purchased_purges":2,"victory":false,"max_hp_per_floor":[72,72,72,72,72,72,72,72,72,72,72,72,72,72,72,72,72,72,72,72,72,72,72,72,72,72,72,72,72,72,72,72,72,72],"card_choices":[{"not_picked":["EmptyMind","FollowUp"],"picked":"CutThroughFate","floor":1},{"not_picked":["Indignation","WindmillStrike","EmptyBody"],"picked":"SKIP","floor":2},{"not_picked":["Indignation","SashWhip"],"picked":"ThirdEye","floor":4},{"not_picked":["SignatureMove","Vengeance"],"picked":"CutThroughFate","floor":5},{"not_picked":["Halt","Study","FlyingSleeves"],"picked":"SKIP","floor":6},{"not_picked":["BowlingBash","ClearTheMind"],"picked":"MentalFortress","floor":7},{"not_picked":["Swivel","Crescendo"],"picked":"WheelKick","floor":8},{"not_picked":["ForeignInfluence","BattleHymn"],"picked":"CrushJoints","floor":11},{"not_picked":["Halt","FollowUp"],"picked":"Perseverance","floor":14},{"not_picked":["CarveReality","Replay:AtTheReady+1"],"picked":"Conclude","floor":18},{"not_picked":["Replay:Anticipation","Protect","ClearTheMind"],"picked":"SKIP","floor":20},{"not_picked":["PathToVictory","Vengeance"],"picked":"LikeWater","floor":21},{"not_picked":["WreathOfFlame","Pray+1"],"picked":"Replay:Cycle","floor":23},{"not_picked":["Pray","Prostrate","FollowUp+1"],"picked":"SKIP","floor":24},{"not_picked":["ReachHeaven","TalkToTheHand+1"],"picked":"JustLucky+1","floor":28},{"not_picked":["EmptyFist+1","Pray","EmptyBody"],"picked":"SKIP","floor":29}],"player_experience":214525,"relics_obtained":[{"floor":6,"key":"Orichalcum"},{"floor":8,"key":"Replay:Baseball"},{"floor":9,"key":"hubris:OldNail"},{"floor":23,"key":"Blood Vial"},{"floor":26,"key":"Gremlin Food"}],"event_choices":[{"damage_healed":0,"gold_gain":0,"player_choice":"Ignored","damage_taken":0,"max_hp_gain":0,"max_hp_loss":0,"event_name":"NoteForYourself","floor":13,"gold_loss":0},{"damage_healed":0,"gold_gain":90,"player_choice":"GOLD ","damage_taken":12,"max_hp_gain":0,"max_hp_loss":0,"event_name":"Knowing Skull","floor":31,"potions_obtained":[],"gold_loss":0,"cards_obtained":[]}],"is_beta":false,"boss_relics":[{"not_picked":["hubris:TerracottaHorce","Runic Pyramid"],"picked":"Fusion Hammer"}],"items_purged_floors":[0,19],"is_endless":false,"potions_floor_spawned":[2,5,6,7,11,20,23,24,28,29],"killed_by":"Automaton","ascension_level":0}}